2060 3476
402 354 483 409 576
810 365 1142 399 APOCALYPs1s
1173 366 1473 400 EXPLICATA.

468 480 634 512 “Turma
650 480 867 513 camelorum
892 482 1036 522 obteget
1052 481 1115 519 Te,
1135 480 1325 513 dromades
1350 479 1521 513 Midianis
1544 484 1580 511 et
1605 478 1738 519 Ephae,
1758 487 1884 510 omnes

571 534 591 555 e
609 524 726 556 Sheba
740 525 897 563 venient,
916 534 1041 557 aurum
1058 530 1094 557 et
1116 525 1198 556 thus
1214 525 1418 566 portabunt,
1437 529 1473 556 et
1496 523 1618 554 laudes
1641 521 1800 564 Jehovae
1823 531 1886 553 an-

572 567 813 599 nuntiabunt”
830 568 889 608 (lx.
902 569 955 608 6);

398 661 547 714 agitur
571 662 630 702 ibi
661 662 717 703 de
742 662 941 703 adventu
972 662 1180 713 Domini;
1213 676 1290 716 per
1317 664 1548 703 “turmam
1581 658 1884 701 camelorum”

399 731 444 766 et
469 724 744 767 “dromades
772 725 980 767 Midianis
997 732 1043 767 et
1065 725 1253 779 Ephae”
1276 723 1583 778 significantur
1600 723 1883 776 cognitiones

399 787 490 828 veri
522 794 568 829 et
603 788 709 829 boni
745 789 788 829 in
825 790 979 842 copia;
1024 789 1145 842 quod
1178 791 1372 829 “omnes
1402 801 1427 828 e
1458 786 1635 845 Scheba
1664 785 1886 834 venient,”

398 849 621 903 significat
669 852 789 905 quod
837 866 895 892 ex
945 851 1277 905 cognitionibus
1325 851 1505 904 genuini
1549 850 1640 890 veri
1685 855 1731 890 et
1778 849 1884 890 boni

398 921 501 960 (quod
514 919 531 931 ‘⁸
543 923 688 952 Scheba''
702 923 770 952 illas
782 923 946 961 significet,
959 923 1103 952 videatur
1114 931 1145 952 n.
1157 931 1245 959 1171,
1256 923 1368 963 3240);
1391 925 1471 965 per
1484 914 1510 932 ‘¹
1523 923 1678 951 aurum
1691 916 1738 951 et
1752 909 1884 950 thus„

398 987 511 1026 quae
536 974 796 1027 portabunt,
824 973 1100 1027 significatur
1125 973 1271 1014 cultus
1297 987 1355 1014 ex
1381 973 1501 1014 bono
1527 971 1742 1026 spirituali
1764 971 1884 1025 quod

398 1050 456 1076 ex
494 1036 614 1077 bono
645 1037 830 1078 caelesti
865 1036 1107 1094 (“aurum”
1138 1035 1360 1090 significat
1396 1036 1562 1076 bonum
1595 1034 1804 1083 caeleste,
1837 1040 1883 1075 et

400 1099 571 1139 “thus”
597 1099 763 1140 bonum
789 1099 1065 1153 spirituale):
1098 1099 1201 1153 quia
1226 1098 1372 1140 cultus
1399 1112 1456 1139 ex
1479 1098 1565 1138 illis
1591 1096 1882 1150 significatur,

396 1162 498 1203 ideo
515 1163 688 1211 dicitur,
710 1166 735 1183 “
748 1169 794 1203 et
809 1162 962 1203 laudes
978 1162 1176 1215 Jehovae
1193 1161 1524 1202 annuntiabunt
1542 1160 1575 1211 ;”
1597 1174 1675 1214 per
1694 1160 1887 1201 “laudes

396 1225 594 1277 Jehovae
620 1224 915 1266 annuntiare”
941 1223 1218 1278 significatur
1239 1223 1567 1277 evangelizatio
1593 1223 1649 1264 de
1673 1223 1882 1272 Domino,

397 1293 442 1328 et
470 1287 616 1329 cultus
643 1288 797 1341 Ipsius.
859 1287 996 1341 Apud
1021 1287 1313 1336 Matthaeum,

463 1383 648 1425 Sapientes
666 1394 710 1415 ex
726 1384 863 1415 oriente
880 1390 1094 1425 aperuerunt
1111 1384 1296 1416 thesauros
1322 1394 1417 1420 suos.
1438 1390 1473 1416 et
1497 1383 1701 1415 obtulerunt
1727 1383 1883 1415 Domino

570 1437 695 1459 recens
712 1434 797 1460 nato
814 1437 972 1466 munera,
995 1429 1017 1442 “
1028 1437 1164 1466 aurum,
1184 1428 1277 1466 thus,
1297 1434 1332 1460 et
1349 1428 1530 1469 myrrham
1542 1427 1559 1439 ”
1577 1427 1625 1468 (ii.
1642 1427 1716 1468 11);

397 1536 474 1576 per
507 1524 771 1577 “sapientes
803 1538 862 1564 ex
894 1524 1067 1565 oriente
1082 1524 1100 1539 ”
1133 1525 1269 1565 etiam
1302 1523 1610 1577 significantur
1640 1523 1702 1564 illi
1738 1524 1811 1578 qui
1842 1524 1885 1565 in

397 1587 728 1639 cognitionibus
764 1587 855 1627 veri
893 1593 939 1628 et
976 1587 1081 1628 boni
1122 1593 1253 1638 sunt;
1297 1587 1444 1628 cultus
1479 1600 1632 1628 eorum
1669 1600 1728 1628 ex
1766 1587 1886 1628 bono

397 1649 595 1698 caelesti,
629 1650 748 1690 bono
780 1649 995 1703 spirituali
1032 1656 1077 1691 et
1113 1650 1233 1691 bono
1261 1649 1469 1699 naturali,
1503 1649 1779 1703 significatur
1809 1663 1887 1704 per

397 1712 517 1765 quod
546 1712 829 1753 “obtulerint
856 1726 1023 1761 aurum,
1052 1713 1155 1754 thus
1182 1719 1227 1754 et
1253 1713 1481 1766 myrrham
1500 1713 1534 1763 ;”
1565 1727 1643 1767 per
1666 1716 1855 1754 “aurum
1867 1712 1887 1729 ”

398 1775 515 1815 enim
542 1775 820 1828 significatur
845 1776 1013 1816 bonum
1034 1776 1244 1825 caeleste,
1272 1789 1351 1830 per
1377 1776 1518 1817 “thus
1531 1775 1550 1791 '⁹
1567 1777 1733 1817 bonum
1759 1777 1886 1830 spiri-

399 1837 535 1887 tuale,
560 1844 605 1879 et
629 1852 707 1892 per
726 1842 750 1876 ‘f
764 1839 991 1892 myrrham
1005 1838 1023 1854 '’
1041 1839 1207 1880 bonum
1227 1838 1457 1880 naturale:
1485 1839 1604 1893 quod
1623 1838 1731 1880 talia
1749 1839 1885 1893 signi-

397 1899 585 1942 ficentur
622 1915 700 1954 per
737 1901 827 1950 illa,
857 1908 1014 1942 notum
1052 1902 1197 1942 adhuc
1239 1908 1335 1943 erat
1372 1901 1568 1955 pluribus
1604 1902 1647 1942 in
1686 1902 1884 1953 oriente;

397 1963 515 2004 unde
547 1965 683 2004 etiarn
716 1963 821 2005 diffi
859 1971 962 2005 sunt
1001 1964 1114 2005 “filii
1147 1965 1369 2014 orientis,”
1391 1979 1469 2019 per
1505 1979 1615 2019 quos
1655 1965 1699 2005 in
1731 1965 1885 2007 Verbo

397 2026 711 2080 intelliguntur
747 2027 809 2067 illi
850 2028 923 2081 qui
963 2028 1006 2068 in
1048 2028 1380 2081 cognitionibus
1419 2028 1511 2069 veri
1551 2034 1596 2069 et
1637 2028 1742 2068 boni
1782 2034 1885 2070 sunt

398 2098 556 2135 (videatur
570 2108 601 2128 n.
617 2108 706 2136 3249,
720 2099 814 2138 3762)
833 2103 842 2140 ;
869 2089 1062 2129 scientia
1077 2089 1197 2129 enim
1213 2089 1721 2142 correspondentiarum
1737 2089 1884 2131 adhuc

397 2157 673 2191 remanserat
692 2151 809 2203 apud
827 2150 929 2191 illos
948 2165 956 2201 ;
991 2164 1126 2204 quare
1145 2157 1193 2191 ut
1216 2156 1492 2191 testarentur
1509 2150 1720 2203 gaudium
1739 2151 1885 2192 cordis

397 2211 476 2260 sui,
496 2212 756 2253 obtulerunt
775 2212 883 2253 talia
900 2226 1013 2266 quae
1031 2212 1344 2266 significabant
1363 2226 1496 2253 omne
1514 2213 1681 2253 bonum
1700 2227 1725 2253 a
1742 2214 1886 2267 primo

398 2274 455 2314 ad
487 2273 720 2326 ultimum;
761 2281 807 2316 et
843 2275 928 2316 hoc
961 2282 1030 2316 est
1067 2275 1187 2329 quod
1223 2274 1500 2329 praedictum
1533 2276 1649 2329 apud
1679 2275 1884 2325 Esaiam,

398 2337 518 2391 quod
551 2340 613 2378 “e
654 2337 831 2378 Scheba
861 2339 1050 2387 venturi,
1078 2344 1124 2379 et
1156 2352 1309 2379 aurum
1341 2344 1386 2379 et
1418 2338 1521 2379 thus
1552 2339 1811 2392 portabunt,
1839 2345 1886 2382 et

398 2399 551 2440 laudes
572 2400 770 2453 Jehovae
792 2400 1155 2442 annuntiabunt''
1179 2399 1255 2455 (de
1276 2415 1364 2455 quo
1387 2414 1495 2442 mox
1519 2401 1684 2455 supra).
1745 2401 1883 2457 Apud

396 2462 684 2511 Malachiam,

467 2559 558 2591 “Ab
574 2565 652 2591 ortu
670 2560 757 2591 solis
770 2570 881 2601 usque
899 2561 944 2592 ad
957 2570 1135 2599 occasum,
1153 2570 1322 2601 magnum
1337 2561 1403 2592 erit
1417 2570 1549 2592 nomen
1564 2570 1681 2592 meum
1696 2561 1789 2592 inter
1800 2571 1886 2601 gen-

571 2609 636 2641 tes,
657 2609 692 2634 et
708 2603 744 2635 in
758 2604 856 2635 omni
869 2604 948 2635 loco
966 2604 1103 2636 suffitus
1116 2604 1244 2636 allatus
1257 2604 1396 2636 nomini
1410 2614 1501 2642 meo,
1518 2610 1553 2636 et
1569 2604 1711 2636 mincha
1724 2605 1857 2636 munda
1867 2603 1885 2616 '¹

572 2646 607 2688 (i·
627 2646 700 2686 11);

400 2743 495 2783 “ab
534 2748 636 2783 ortu
672 2743 778 2783 solis
815 2757 954 2797 usque
990 2744 1047 2784 ad
1084 2757 1308 2793 occasum,
1347 2756 1562 2797 magnum
1598 2745 1680 2785 erit
1718 2757 1883 2786 nomen

398 2818 547 2846 meum
573 2806 689 2847 inter
714 2806 916 2858 gentes‚''
942 2806 1164 2860 significat
1189 2807 1310 2860 quod
1334 2806 1524 2848 ecclesia
1546 2812 1591 2847 et
1617 2806 1882 2863 cultuszo-

398 2869 504 2908 mini
522 2869 605 2909 erit
623 2868 764 2909 ubivis
786 2869 903 2922 apud
922 2869 1023 2910 illos
1048 2870 1121 2923 qui
1143 2870 1187 2910 in
1213 2870 1332 2910 bono
1356 2875 1460 2910 sunt
1477 2883 1486 2920 ;
1517 2868 1563 2923 (“
1577 2869 1634 2910 ab
1656 2876 1756 2910 ortu
1777 2869 1883 2910 solis

397 2930 454 2971 ad
476 2931 716 2972 occasum”
738 2931 961 2985 significat
984 2933 1138 2981 ubivis,
1163 2932 1236 2972 ubi
1257 2932 1450 2983 bonum3
1480 2936 1682 2973 “nomen
1705 2944 1851 2973 meum
1864 2931 1883 2946 ’⁹

397 2993 516 3047 quod
535 2994 617 3035 erit
637 3007 850 3048 magnum
870 2994 1093 3048 significat
1111 2995 1389 3048 agnitionem
1412 3001 1458 3036 et
1481 2994 1650 3036 cultum
1673 2994 1876 3044 Domini;
