2060 3476
645 378 752 411 CAP.
774 377 834 419 v.,
857 377 996 410 VERS.
1021 378 1166 422 3.—N.
1191 367 1351 424 304[e].
1660 377 1740 423 527

251 493 373 547 quod
407 491 677 544 intelligitur
712 505 792 546 per
826 490 947 546 quod
980 490 1398 545 “prolongarentur
1432 490 1528 532 dies
1563 490 1741 531 illorum

252 570 384 610 super
409 555 567 597 terra.''
627 553 782 597 Simile
807 553 1087 607 significatur
1111 555 1156 595 in
1182 560 1431 608 praecepto
1457 553 1695 606 Decalogi,

320 646 343 660 “
355 645 509 677 Honora
525 651 663 686 patrem
679 651 779 677 tuum
796 650 832 677 et
847 650 998 677 matrem
1015 650 1124 683 tuam,
1143 649 1183 676 ut
1201 644 1460 686 prolongentur
1475 644 1552 676 dies
1569 643 1619 676 tui
1638 650 1745 684 super

425 689 547 721 terra''
563 689 688 729 (Exod.
701 699 761 722 xx.
779 687 854 729 12);

251 775 372 829 quod
404 774 580 816 caelum
611 781 658 817 et
689 774 881 816 felicitas
910 774 971 816 ibi
1000 774 1088 816 illis
1118 775 1192 829 qui
1227 773 1458 816 honorant
1488 780 1666 828 patrem
1697 780 1744 815 et

252 844 458 886 matrem,
491 844 563 879 est
599 839 702 892 quia
738 839 783 879 in
821 837 950 879 caelo
987 851 1079 879 non
1116 838 1255 879 scitur
1290 837 1404 878 alius
1442 837 1576 878 Pater
1609 850 1744 891 quam

252 901 487 949 Dominus,
508 901 566 942 ab
584 901 690 955 Ipso
708 902 827 942 enim
845 914 1004 943 omnes
1021 902 1095 956 qui
1116 901 1175 942 ibi
1197 902 1405 953 generati
1423 907 1527 942 sunt
1549 915 1573 942 e
1596 914 1716 942 novo
1734 914 1743 951 ;

250 969 297 1005 et
327 964 373 1004 in
403 963 533 1005 caelo
564 977 643 1018 per
671 964 934 1005 “matrem’'
960 964 1232 1017 intelligitur
1261 963 1469 1011 ecclesia,
1499 965 1544 1005 in
1576 975 1745 1016 genere

250 1040 439 1082 regnum
458 1027 666 1068 Domini:
700 1028 820 1081 quod
842 1027 905 1068 illi
922 1028 996 1082 qui
1018 1027 1175 1069 colunt
1193 1027 1439 1068 Dominum
1458 1033 1505 1068 et
1523 1033 1745 1081 quaerunt

250 1101 441 1141 regnum
473 1089 632 1144 Ipsius,
666 1090 808 1131 vitam
845 1090 889 1131 in
921 1090 1051 1132 caelo
1082 1090 1277 1132 habituri
1307 1091 1412 1138 sint,
1446 1096 1606 1144 patet;
1648 1096 1745 1130 tum

251 1153 371 1206 quod
387 1152 516 1194 multi
533 1152 693 1194 exiliis
708 1153 782 1207 qui
797 1152 1025 1194 honorant
1039 1159 1217 1207 patrem
1232 1159 1278 1195 et
1293 1160 1485 1194 matrem
1502 1154 1545 1194 in
1560 1153 1743 1200 mundo,

253 1228 344 1256 non
370 1215 444 1256 diu
469 1215 528 1256 ibi
553 1216 724 1257 vivant.
785 1215 924 1269 Apud
948 1215 1243 1264 Mamaeum,

442 1306 465 1320 ¹⁸
477 1304 579 1337 Beati
596 1305 714 1344 mites,
734 1305 816 1347 quia
830 1305 1066 1337 hereditatem
1083 1305 1259 1346 accipient
1275 1311 1390 1338 terrae
1403 1305 1422 1318 '¹
1438 1305 1486 1346 (v.
1502 1304 1555 1346 5);

254 1390 519 1432 “hereditas
545 1397 693 1432 terrae
703 1390 723 1406 '’
747 1405 838 1432 non
864 1391 1090 1443 significat
1117 1392 1454 1445 possessionem
1476 1397 1640 1439 terrae,
1664 1391 1745 1433 sed

251 1455 584 1508 possessionem
602 1455 716 1496 caeli
734 1461 780 1496 et
802 1455 1133 1497 beatitudinem
1151 1455 1210 1496 ibi
1227 1469 1237 1507 ;
1267 1458 1292 1476 “
1305 1456 1439 1497 mites
1450 1454 1470 1472 ’'
1487 1454 1745 1508 significant

251 1518 325 1572 qui
350 1518 395 1559 in
420 1519 542 1559 bono
569 1518 806 1560 charitatis
833 1526 951 1560 sunt.
1012 1518 1151 1574 Apud
1176 1519 1381 1568 Esaiam,

320 1609 343 1622 ‘⁴
355 1606 452 1640 Ecce·
461 1607 572 1648 Virgo
589 1608 767 1649 concipiet
785 1614 821 1640 et
840 1608 953 1649 pariet
973 1608 1112 1646 Filium,
1132 1614 1168 1640 et
1183 1609 1326 1640 vocabit
1344 1618 1476 1640 nomen
1499 1608 1627 1649 Ipsius,
1649 1608 1747 1640 Deus

426 1652 634 1690 nobiscum;
658 1653 825 1693 butyrum
845 1658 881 1684 et
900 1653 971 1684 mel
990 1653 1163 1691 comedet,
1183 1658 1222 1684 ut
1241 1653 1329 1684 sciat
1348 1653 1539 1693 reprobare
1558 1653 1691 1684 malum
1711 1658 1748 1684 et

426 1695 557 1736 eligere
567 1696 702 1727 bonum
716 1706 723 1727 :
743 1706 824 1727 nam
836 1702 1028 1737 antequam
1039 1696 1106 1728 scit
1121 1696 1214 1728 Puer
1223 1697 1414 1737 reprobare
1424 1695 1556 1728 {nalum
1571 1702 1606 1728 et
1615 1696 1747 1737 eligere

426 1740 573 1777 bonum,
586 1740 771 1771 deseretur
783 1745 878 1771 terra
888 1750 994 1781 quam
1007 1747 1045 1772 tu
1058 1740 1197 1772 fastidis
1210 1750 1330 1772 coram
1344 1741 1483 1772 duobus
1497 1740 1640 1780 regibus
1654 1740 1744 1781 ejus.

432 1807 440 1814 .
455 1807 462 1814 .
476 1807 484 1815 .
498 1807 506 1815 .
516 1783 592 1814 Fiet
608 1783 645 1814 in
662 1783 718 1815 die
735 1783 813 1815 illo.
827 1808 835 1815 .
849 1793 950 1824 ‚prae
966 1783 1193 1816 multitudine
1210 1784 1363 1815 faciendi
1387 1784 1441 1815 lac
1457 1784 1621 1816 comedet
1645 1785 1748 1825 buty-

426 1836 515 1863 rum,
529 1836 613 1858 nam
626 1827 794 1867 butyrum
807 1833 843 1858 et
856 1827 926 1858 mel
939 1827 1102 1859 comedet
1113 1828 1231 1859 omnis
1244 1828 1407 1859 residuus
1420 1828 1457 1859 in
1471 1827 1590 1859 medio
1602 1833 1717 1859 terrae
1728 1826 1747 1839 ”

427 1869 500 1910 (vii.
517 1870 633 1909 14-16,
650 1868 739 1912 [21,]
753 1870 830 1911 22):

252 1952 372 2006 quod
398 1952 511 1994 haec
534 1953 591 1994 de
614 1953 813 1994 Domino
839 1960 886 1995 et
913 1953 1060 2008 Ipsius
1085 1953 1288 1995 adventu
1311 1952 1431 1996 dicta
1456 1955 1561 2004 sint,
1586 1961 1746 1996 notum

252 2021 350 2066 est;
395 2016 646 2069 “butyrum
687 2023 734 2058 et
775 2017 896 2058 mel'’
928 2031 1043 2071 quae
1075 2018 1303 2067 comedet,
1337 2017 1596 2071 significant
1626 2018 1748 2060 bona

254 2079 434 2128 amoris,
465 2079 715 2132 “butyrum
727 2079 746 2095 ''
772 2080 942 2121 bonum
968 2081 1134 2121 amoris
1166 2080 1378 2122 caelestis
1410 2087 1456 2122 et
1488 2081 1744 2135 spiritualis,

256 2141 413 2182 “mel''
435 2142 603 2183 bonum
626 2144 791 2184 amoris
814 2143 1057 2195 naturalis;
1084 2158 1164 2198 per
1185 2143 1298 2185 haec
1322 2144 1606 2198 intelligitur,
1625 2146 1746 2199 quod

253 2205 562 2258 appropriaret
581 2205 674 2247 Sibi
692 2206 906 2247 Divinum
921 2208 1060 2248 etiam
1075 2207 1224 2261 quoad
1241 2206 1503 2248 Humanum
1521 2206 1569 2262 (“
1581 2208 1715 2250 edere
1728 2208 1747 2223 '’

253 2267 478 2326 significat
509 2268 847 2324 appropriare);
890 2270 1011 2324 quod
1046 2270 1319 2312 “deseretur
1350 2277 1470 2311 terra
1500 2277 1746 2325 antequam

254 2331 339 2371 scit
370 2331 610 2384 reprobare
642 2332 811 2373 malum
843 2339 889 2374 et
923 2332 1092 2386 eligere
1124 2333 1332 2382 bonum,”
1364 2333 1590 2387 significat
1626 2335 1747 2388 quod

255 2406 355 2451 non*
386 2393 552 2447 aliquid
595 2395 832 2440 ecclesiae,
858 2396 904 2436 in
945 2402 1167 2437 terrarum
1208 2396 1316 2437 orbe
1362 2397 1588 2438 residuum
1625 2404 1747 2439 esset

254 2470 355 2497 cum
387 2464 677 2499 nasceretur:
717 2465 763 2500 et
800 2459 904 2512 quia
934 2458 998 2499 illi
1035 2459 1108 2500 ubi
1140 2465 1238 2500 erat
1270 2459 1464 2500 ecclesia
1494 2459 1747 2513 rejecerunt

254 2533 390 2560 omne
417 2520 629 2561 Divinum
655 2520 827 2562 Verum
853 2535 904 2563 ac
932 2522 1084 2562 omnia
1109 2521 1251 2562 Verbi
1274 2529 1590 2576 perverterunt
1616 2529 1663 2565 et
1688 2524 1746 2564 ad

254 2583 320 2624 sui
355 2583 556 2624 favorem
588 2583 922 2637 explicuerunt,
956 2584 1060 2625 ideo
1091 2585 1254 2625 dicitur
1284 2585 1341 2626 de
1373 2590 1506 2634 terra,
1539 2585 1627 2627 hoc
1659 2593 1744 2635 est,

255 2646 462 2696 ecclesia,
499 2650 670 2700 “quam
707 2653 758 2687 tu
787 2647 962 2688 fastidis
994 2661 1149 2688 coram
1180 2647 1355 2688 duobus
1390 2648 1571 2701 regibus
1602 2648 1695 2702 ejus
1711 2649 1747 2700 ;‘'

256 2709 455 2763 “reges”
481 2709 740 2762 significant
777 2709 891 2751 caeli
928 2717 975 2751 et
1012 2709 1233 2751 ecclesiae
1264 2725 1385 2760 vera,
1421 2711 1548 2752 “duo
1584 2711 1746 2765 reges”

253 2785 408 2813 verum
426 2772 567 2813 Verbi
592 2773 637 2813 in
659 2786 795 2814 sensu
816 2773 998 2818 interno
1021 2787 1100 2814 seu
1123 2773 1341 2827 spirituali
1363 2780 1410 2815 et
1432 2788 1587 2815 verum
1605 2774 1746 2816 Verbi

254 2835 298 2875 in
313 2848 447 2876 sensu
462 2841 658 2876 externo
672 2849 750 2877 seu
764 2835 959 2877 naturali
975 2849 984 2876 z
1003 2835 1357 2890 “lac’‘significat
1368 2851 1522 2878 verum
1538 2851 1616 2890 per
1625 2838 1745 2891 quod

254 2898 423 2939 bonum
439 2912 449 2949 3
477 2904 523 2939 et
538 2899 639 2952 quia
653 2901 678 2918 “
690 2898 924 2954 butyrum?
935 2898 1161 2952 significat
1176 2900 1345 2940 bonum
1359 2900 1478 2949 inde,
1491 2900 1593 2940 ideo
1609 2904 1745 2954 “prae

255 2960 545 3002 multitudine
573 2961 764 3003 faciendi
796 2961 864 3003 lac
892 2959 1105 3004 comedet
1130 2962 1344 3016 butyrum
1371 2963 1517 3003 omnis
1542 2963 1744 3004 residuus

254 3025 298 3065 in
325 3024 475 3066 medio
501 3024 687 3075 terrae‚”
710 3024 935 3078 significat
961 3025 1082 3080 quod
1108 3038 1243 3067 omne
1268 3039 1423 3067 verum
1449 3026 1533 3067 erit
1559 3025 1679 3066 boni.
