2060 3476
298 366 384 421 646
709 375 1042 411 APOCALYPSIS
1073 377 1370 411 EXPLICATA.

298 491 447 541 Deum
479 505 538 533 ex
565 491 729 533 talibus
760 505 873 546 quae
904 492 1307 545 repraesentabant
1337 491 1505 533 bonum
1537 489 1779 545 spirituale,

298 559 345 595 et
368 560 523 595 tamen
545 567 696 595 amare
719 554 886 595 malum
905 560 950 595 et
967 553 1126 595 faisum
1148 567 1199 595 ac
1223 554 1421 595 imbuere
1443 553 1545 604 illa;
1572 552 1781 594 “oblatio

297 615 472 657 thuris‘’
508 622 578 658 est
616 615 765 658 cultus
805 630 864 658 ex
903 617 1024 657 bono
1064 616 1293 670 spirituali,
1337 622 1383 658 et
1426 615 1672 657 “vanitas'’
1712 621 1782 656 est

299 678 468 720 malum
494 684 541 720 et
566 678 727 720 falsum
754 679 871 720 mali.

943 841 1078 865 VERSUS
1097 841 1146 873 13.

416 911 506 955 41⁶
543 915 604 943 “ft
617 923 699 943 omne
713 917 840 943 creatum
853 916 927 949 quod
941 916 988 942 est
1001 915 1031 942 Ιη
1045 916 1125 942 caelo
1139 917 1169 942 et
1182 916 1212 942 ln
1226 917 1306 942 terra
1320 917 1351 942 et
1364 915 1418 942 sub
1432 916 1522 946 terra,
1536 916 1568 941 et
1580 914 1610 941 Ιη
1624 913 1699 940 marl
1711 920 1784 947 quae

298 955 375 985 sunt.
390 956 420 981 et
432 962 505 988 quae
517 955 546 982 1η
559 955 619 983 ulls
631 956 735 987 omm'a,
749 955 847 982 audiv!
858 955 996 987 dicentes.
1010 954 1127 982 Sedent!
1138 962 1226 988 super
1237 955 1340 983 throno
1352 956 1383 981 et
1394 954 1470 988 Auno
1484 954 1642 981 benedlotlo
1655 955 1686 980 et
1697 953 1785 980 honor

298 993 330 1019 et
342 992 434 1025 alorla
448 994 479 1020 et
492 993 579 1020 robur
592 993 622 1020 tn
636 994 754 1020 mocula
768 993 979 1020 saeculorum.'¹

325 1078 374 1113 13.
408 1070 470 1104 “ft
492 1081 590 1105 omne
614 1073 767 1104 creatum
794 1071 886 1114 quod
910 1073 966 1104 est
991 1070 1025 1104 in
1047 1071 1141 1104 caelo
1168 1073 1205 1104 et
1228 1070 1261 1104 Ῐη
1290 1073 1384 1104 term
1411 1072 1448 1103 et
1470 1069 1534 1104 sub
1562 1072 1665 1106 terra,
1691 1071 1728 1102 et
1751 1068 1785 1102 in

476 1115 567 1149 mari
579 1125 666 1158 quae
679 1118 769 1154 sunt,
784 1118 820 1148 ot
830 1124 917 1158 quae
932 1115 966 1148 Ῐη
981 1114 1050 1149 illis
1063 1114 1183 1153 omm'a,
1196 1114 1315 1148 audiri
1325 1114 1503 1151 dicentes‚”
1515 1113 1675 1155 signifieat
1691 1113 1785 1154 agni-

475 1160 595 1191 tionem
619 1164 650 1191 et
670 1160 748 1191 inde
764 1159 1041 1202 glorificationem
1057 1160 1203 1191 Domini
1223 1159 1264 1190 ab
1280 1159 1407 1201 angelis
1422 1159 1483 1200 qui
1504 1159 1541 1190 in
1563 1158 1690 1199 infimis
1706 1157 1789 1188 caeli

479 1203 531 1247 [n.
550 1203 652 1246 342];
679 1202 840 1237 “Sedenti
855 1213 961 1246 super·
977 1203 1095 1236 throno
1112 1205 1148 1236 et
1161 1203 1278 1246 Aynol'
1295 1202 1458 1244 significat
1474 1202 1662 1234 Dominum
1678 1201 1789 1242 quoad

475 1248 649 1280 Divinum
666 1248 803 1279 Bonum
819 1252 849 1279 et
863 1248 974 1289 quoad
986 1248 1160 1280 Divinum
1183 1248 1303 1279 Verum
1323 1247 1374 1290 [n.
1388 1246 1490 1288 343];
1517 1244 1786 1281 “[flbenedl'ctle'

476 1291 636 1333 significat
651 1293 867 1334 agnitionem,
875 1292 1151 1335 glorificationem
1166 1296 1198 1323 et
1205 1291 1401 1333 gratiarum
1414 1291 1578 1322 ac‘zionem
1594 1290 1682 1331 quod
1693 1299 1788 1320 omne

476 1336 598 1368 bonum
613 1341 644 1367 et
657 1347 777 1368 verum
794 1340 825 1367 et
839 1336 915 1367 inde
927 1337 1052 1368 caelum
1069 1340 1100 1367 et
1104 1336 1252 1378 felicitas
1263 1340 1397 1366 aeterna
1413 1335 1456 1366 sit
1470 1335 1537 1366 illis
1551 1334 1612 1375 qui
1624 1333 1789 1374 recipiunt

480 1380 532 1423 [n.
550 1379 654 1423 344];
682 1383 738 1413 “et
751 1380 858 1413 honor·
874 1382 911 1413 et
927 1379 1067 1423 gloria‚''
1082 1379 1242 1421 significat
1257 1380 1346 1422 quod
1359 1379 1429 1420 Ipsi
1442 1379 1504 1410 soli
1516 1378 1560 1409 sit
1573 1388 1667 1409 omne
1683 1377 1785 1408 Divi-

477 1434 561 1456 num
574 1424 710 1456 Bonum
723 1429 754 1456 et
767 1425 942 1456 Divinum
965 1425 1097 1462 Verum,
1109 1429 1140 1455 et
1154 1424 1231 1455 inde
1242 1434 1336 1455 omne
1352 1423 1472 1454 bonum
1485 1422 1609 1454 amoris
1623 1426 1654 1453 et
1667 1431 1787 1452 verum

471 1468 572 1511 fidei,
585 1479 626 1500 ex
641 1469 760 1511 quibus
775 1469 881 1500 omnis
891 1469 1054 1510 sapientia
1070 1473 1101 1499 et
1115 1468 1332 1510 intelligentia
1344 1478 1428 1509 quae
1439 1471 1484 1498 est
1497 1466 1624 1507 angelis
1639 1470 1670 1497 et
1683 1465 1786 1497 homi-

476 1513 575 1544 nibus
593 1512 644 1555 [n.
662 1512 764 1555 345];
791 1515 848 1546 “et
869 1512 973 1546 robur
999 1511 1050 1555 [in
1073 1511 1214 1545 saecula
1237 1510 1504 1553 saeculorum],''
1520 1509 1680 1552 significat
1702 1509 1791 1551 quod

479 1557 550 1599 Ipsi
563 1557 625 1589 soli
637 1558 682 1589 sit
695 1557 941 1599 omninotentia,
959 1557 996 1588 in
1012 1561 1184 1588 aeternum
1204 1556 1255 1599 [n.
1273 1555 1370 1598 346].

380 1654 592 1709 342[a].
635 1648 742 1704 [Ver's.
759 1666 821 1704 13.]
851 1655 938 1695 “ft
954 1667 1068 1695 omne
1089 1657 1273 1695 creatum
1294 1653 1401 1707 quod
1412 1656 1479 1694 est
1490 1651 1530 1692 in
1550 1651 1667 1693 eaelo
1686 1654 1731 1692 et
1749 1651 1789 1691 in

303 1718 419 1755 tem-a
442 1718 486 1755 et
505 1715 579 1756 sub
604 1719 734 1764 term,
758 1719 805 1755 et
821 1715 860 1755 in
883 1715 993 1755 maz-i
1011 1727 1116 1768 quae
1139 1717 1247 1761 sunt,
1272 1717 1315 1754 et
1342 1717 1447 1767 quae
1474 1712 1514 1752 Ῐη
1541 1712 1620 1753 illis
1643 1711 1788 1758 omnia,

303 1774 437 1815 audivi
455 1774 873 1828 ostentmst—Quod
899 1774 1124 1828 significet
1150 1774 1423 1827 agnitionem
1445 1779 1489 1814 et
1516 1771 1620 1814 inde
1642 1771 1787 1825 glori-

289 1836 542 1889 ficationem
571 1836 755 1878 Domini
781 1836 836 1877 ab
871 1835 1042 1889 angelis
1072 1835 1152 1889 qui
1181 1834 1227 1875 in
1258 1834 1421 1889 infimis
1451 1833 1572 1883 caeli,
1604 1839 1788 1875 constat

302 1914 362 1941 ex
385 1899 715 1954 significatione
740 1900 924 1940 “omnis
947 1898 1126 1947 creati‚'’
1144 1897 1263 1952 quod
1286 1898 1376 1938 sint
1402 1910 1560 1938 omnes
1582 1897 1656 1951 qui
1682 1902 1786 1937 sunt

302 1963 557 2014 reformati;
590 1963 710 2017 quod
731 1962 940 2004 “creari’'
957 1961 1181 2014 significet
1199 1960 1427 2002 reformari
1449 1965 1495 2001 et
1517 1959 1785 2012 regenerari,

302 2028 508 2068 videatur
548 2040 681 2081 supra
725 2025 786 2080 (n.
819 2024 1039 2079 294[a,b])
1060 2038 1068 2075 ;
1111 2025 1215 2065 inde
1259 2027 1497 2064 “creatum
1509 2022 1527 2038 ”
1564 2021 1788 2075 significat

303 2091 423 2145 quod
453 2090 744 2131 reformatum
776 2094 822 2130 et
854 2093 1171 2141 regeneratum
1203 2092 1300 2137 est;
1343 2086 1421 2127 sed
1453 2083 1700 2138 respective
1731 2085 1788 2125 ad

302 2152 507 2206 angelos,
547 2152 604 2193 de
640 2151 797 2205 quibus
837 2150 949 2192 haec
987 2151 1209 2199 dicuntur,
1243 2147 1467 2202 significat
1498 2147 1600 2188 illos
1631 2147 1705 2200 qui
1744 2148 1788 2188 in

303 2215 472 2258 mundo
497 2214 727 2256 reformati
753 2219 871 2262 sunt,
895 2212 981 2254 hoc
1008 2218 1093 2261 est,
1117 2226 1141 2253 e
1164 2225 1282 2252 novo
1305 2211 1458 2259 creati,
1483 2223 1642 2251 omnes
1667 2210 1786 2250 enim

302 2278 367 2320 illi
391 2278 436 2319 in
462 2277 590 2318 caelo
616 2282 733 2317 sunt.
794 2274 947 2316 Simile
972 2274 1093 2329 quod
1118 2274 1189 2315 hic
1217 2287 1295 2327 per
1323 2276 1562 2314 “creatum
1573 2271 1591 2287 ‘³
1617 2270 1788 2312 intelli-

302 2342 425 2394 gitur
449 2354 528 2394 per
555 2337 877 2380 “creaturam’'
903 2337 1023 2391 apud
1046 2337 1266 2386 Marcum,

368 2436 473 2478 Jesus
490 2434 579 2467 dixit
594 2434 790 2474 discipulis,
810 2434 832 2448 “
844 2433 979 2464 Euntes
998 2433 1034 2464 in
1051 2432 1225 2464 mundum
1238 2431 1445 2463 universum
1458 2430 1661 2471 praedicate
1675 2428 1791 2461 Evan:

479 2479 612 2520 gelium
629 2477 728 2509 omni
745 2482 928 2509 creaturae
940 2476 958 2488 '’
976 2476 1060 2517 (xvi.
1080 2475 1152 2516 15);

305 2586 385 2627 per
413 2575 635 2613 “omnem
662 2568 945 2611 creaturam‘’
970 2568 1029 2609 ibi
1054 2567 1369 2621 intelliguntur
1395 2579 1553 2607 omnes
1579 2565 1652 2619 qui
1677 2564 1789 2606 reci-

304 2637 433 2690 piunt
455 2633 771 2687 Evangelium,
796 2638 843 2673 et
869 2646 948 2686 per
968 2631 1012 2672 id
1034 2631 1261 2672 reformari
1278 2635 1493 2683 possunt;
1525 2628 1681 2682 reliqui
1699 2640 1789 2668 non

304 2698 621 2751 intelliguntur
635 2710 714 2749 per
730 2698 756 2716 “
769 2701 997 2736 creaturas
1009 2694 1142 2748 ”quia
1153 2706 1244 2733 non
1259 2693 1492 2745 recipiunt,
1510 2691 1589 2732 sed
1603 2690 1790 2731 audiunt

306 2768 352 2802 et
379 2760 597 2813 rejiciunt.
658 2758 733 2798 Ex
759 2757 828 2798 his
854 2762 1065 2797 constare
1087 2761 1241 2809 potest
1268 2754 1399 2808 quale
1422 2759 1492 2794 est
1516 2753 1718 2794 Verbum
1744 2753 1789 2792 in

306 2837 441 2864 sensu
479 2822 673 2870 litterae,
709 2820 828 2874 quod
865 2832 1028 2872 nempe
1063 2819 1238 2859 dicatur
1277 2815 1560 2864 “creatura,'’
1587 2822 1634 2856 et
1670 2814 1789 2868 quod

305 2886 482 2926 dicatur
510 2888 681 2925 “omne
713 2888 914 2924 creatum
940 2881 1060 2935 quod
1092 2882 1136 2921 in
1167 2879 1296 2921 caelo
1328 2886 1373 2920 et
1405 2879 1449 2919 in
1481 2884 1600 2927 terra
1630 2883 1677 2918 et
1709 2877 1789 2917 sub

305 2954 440 2997 terra,
469 2953 515 2988 et
547 2959 661 3000 quae
691 2946 736 2986 in
768 2944 878 2985 mari
909 2950 1026 2993 sunt,
1060 2949 1107 2984 et
1138 2956 1251 2996 quae
1282 2943 1326 2982 in
1358 2941 1444 2981 illis
1475 2940 1677 2982 omnia:'’
1717 2940 1789 2993 qui

305 3023 396 3051 non
423 3010 508 3051 scit
533 3008 652 3063 quod
678 3021 834 3049 sensus
860 3007 1041 3048 litterae
1067 3006 1124 3047 sit
1147 3019 1206 3046 ex
1232 3004 1396 3046 talibus
1421 3017 1534 3058 quae
1566 3009 1786 3056 apparent
