2060 3476
267 343 355 385 424
683 342 1014 378 APOCALYPSIS
1044 344 1344 379 EXPLICATA.

269 454 499 496 oculorum
525 455 706 509 spiritus
737 455 1012 507 illustratur;
1045 470 1124 510 per
1154 458 1271 499 hunc
1298 458 1441 498 visum
1473 460 1576 500 su‘nt
1607 459 1759 500 omnia

267 517 362 559 visa
374 532 488 572 quae
506 519 601 559 visa
617 532 643 559 a
659 518 903 572 prophetis
947 518 1081 572 Quod
1100 523 1126 540 “
1138 521 1303 561 ostium
1320 527 1526 574 apertum
1541 521 1584 562 in
1601 521 1760 563 caelo”

266 580 337 621 hic
364 580 588 634 significet
614 595 778 623 arcana
803 582 915 623 caeli
940 582 1156 637 revelata,
1180 589 1250 624 est
1277 584 1380 637 quia
1402 589 1510 625 tunc
1537 590 1759 638 apparent

266 642 344 684 illa
364 657 478 697 quae
500 644 545 684 in
568 644 703 685 caelis
725 651 844 694 sunt,
863 651 909 686 et
932 659 1084 687 coram
1107 646 1339 699 prophetis
1360 645 1437 687 illa
1459 660 1573 700 quae
1595 659 1759 688 arcana

267 706 485 748 ecclesiae
522 710 653 759 Sunt;
698 708 769 750 hic
804 722 968 750 arcana
1005 709 1061 750 de
1106 709 1192 750 illis
1229 723 1343 763 quae
1381 710 1606 750 exstitura
1641 710 1759 752 circa

267 769 473 811 ultimum
499 770 739 823 judicium;
779 785 893 825 quae
925 773 1076 812 omnia
1107 772 1308 813 nondum
1340 772 1542 813 revelata
1569 778 1688 822 sunt,
1710 779 1758 814 et

266 846 380 886 quae
406 846 488 874 nec
520 833 708 875 revelari
739 841 982 887 potuerunt
1013 840 1259 888 antequam
1285 834 1499 888 judicium
1526 832 1757 888 peractum

265 901 349 944 est,
377 902 423 937 et
450 909 539 937 non
566 897 648 937 nisi
673 909 806 950 quam
832 910 910 950 per
932 897 1123 951 aliquem
1149 899 1192 938 in
1215 898 1383 939 mundo
1409 898 1477 939 cui
1504 898 1661 939 datum
1686 904 1757 940 est

265 972 291 999 a
313 958 509 1000 Domino
531 960 682 1000 videre
699 959 788 1008 illa,
809 965 855 1000 et
874 959 1003 1000 simul
1026 961 1095 1001 cui
1113 960 1338 1001 revelatus
1361 966 1431 1002 est
1450 974 1606 1001 sensus
1629 961 1756 1014 spiri-

265 1022 398 1062 tualis
425 1021 578 1063 Verbi.
639 1021 804 1063 Omnia
829 1023 948 1063 enim
980 1036 1096 1076 quae
1123 1023 1166 1063 in
1199 1023 1284 1064 hoc
1317 1023 1454 1064 Libro
1487 1022 1757 1076 Prophetico

265 1085 432 1138 scripta
457 1092 561 1126 sunt
593 1085 649 1126 de
671 1085 831 1126 ultimo
851 1085 1017 1138 judicio
1042 1086 1211 1139 scripta
1233 1093 1351 1135 sunt,
1375 1086 1454 1127 sed
1477 1100 1555 1140 per
1575 1099 1754 1140 reprae-

264 1149 492 1189 sentativa
528 1155 574 1189 et
612 1149 1068 1202 correspondentias;
1111 1149 1319 1203 quicquid
1351 1150 1470 1190 enim
1502 1162 1528 1190 a
1559 1149 1756 1191 Domino

264 1211 425 1252 dicitur
450 1218 496 1252 et
522 1213 579 1252 ab
605 1211 777 1265 angelis
803 1212 1058 1265 percipitur,
1086 1213 1276 1253 vertitur
1301 1213 1344 1252 in
1370 1213 1756 1266 repraesentativa

264 1275 369 1315 dum
396 1275 644 1323 descendit,
673 1281 718 1316 et
745 1275 807 1316 sic
834 1276 1005 1316 sistitur
1027 1289 1178 1317 coram
1201 1275 1341 1317 oculis
1367 1282 1461 1316 tarn
1488 1275 1752 1329 angelorum

264 1339 306 1378 in
333 1337 499 1379 ultimis
531 1338 667 1379 caelis
693 1351 826 1392 quam
854 1352 1006 1380 coram
1032 1338 1287 1380 hominibus
1319 1338 1550 1392 prophetis
1575 1338 1755 1392 quando

264 1400 380 1442 oculi
407 1402 585 1454 spiritus
617 1414 770 1442 eorum
797 1402 941 1455 aperti
973 1408 1091 1443 sunt.
1152 1402 1227 1442 Ex
1258 1402 1327 1442 his
1360 1407 1569 1442 constare
1600 1407 1754 1455 potest

263 1464 368 1518 quid
394 1463 664 1517 intelligitur
690 1478 768 1518 per
796 1465 1000 1505 “ostium
1026 1470 1233 1518 apertum
1260 1465 1304 1505 in
1330 1463 1496 1505 caelo.''

342 1525 468 1567 261.
507 1529 531 1548 ¹¹
543 1525 593 1565 ft
616 1537 686 1565 vox
700 1525 832 1578 prima
853 1538 972 1579 quam
995 1525 1359 1578 audivi.''—-Quod
1384 1524 1607 1578 significet
1632 1538 1754 1566 reve-

263 1585 466 1627 lationem
487 1600 598 1627 nunc
621 1587 878 1639 defuturis,
902 1593 1085 1628 constat
1112 1601 1171 1628 ex
1198 1585 1529 1640 significatione
1553 1585 1755 1635 “vocis,”

263 1650 383 1703 quod
423 1650 481 1691 sit
523 1650 733 1704 quicquid
770 1650 975 1704 procedit
1015 1664 1041 1691 a
1085 1650 1283 1691 Domino
1323 1655 1369 1691 et
1415 1649 1659 1703 percipitur
1698 1649 1756 1690 ab

263 1712 438 1766 angelis
463 1719 510 1754 et
532 1713 590 1754 ab
616 1713 898 1764 hominibus;
931 1713 1002 1754 hic
1029 1713 1246 1767 imprimis
1273 1712 1493 1754 revelatio
1520 1712 1577 1752 de
1598 1711 1755 1752 futuris

263 1791 376 1830 quae
399 1783 506 1818 ante
533 1776 741 1817 ultimum
763 1776 991 1830 judicium,
1015 1790 1129 1830 quae
1151 1776 1268 1817 circa
1293 1775 1417 1824 illud,
1442 1780 1488 1816 et
1511 1787 1624 1828 quae
1650 1780 1755 1827 post

262 1839 386 1889 illud,
406 1841 508 1894 quia
530 1840 586 1881 de
608 1839 694 1880 illis
720 1841 765 1880 in
787 1853 903 1881 nunc
927 1839 1219 1893 sequentibus
1242 1839 1404 1892 agitur.
1465 1837 1600 1891 Quod
1625 1841 1754 1879 “vox

260 1903 493 1956 Jehovae”
515 1904 559 1945 in
582 1903 737 1944 Verbo
759 1902 982 1957 significet
1010 1902 1222 1944 Divinum
1248 1902 1512 1956 procedens,
1536 1901 1657 1955 quod
1683 1907 1754 1943 est

263 1967 475 2008 Divinum
507 1966 693 2015 Verum,
727 1980 753 2007 a
784 1980 871 2020 quo
908 1966 1053 2007 omnis
1089 1965 1396 2019 intelligentia
1432 1971 1478 2005 et
1515 1965 1752 2018 sapientia,

261 2029 471 2069 Videatur
497 2028 559 2082 [ln
584 2027 785 2068 Arcanz's
810 2026 1108 2080 caelestibus]
1137 2037 1182 2077 (n.
1199 2046 1267 2075 219,
1283 2046 1351 2071 220,
1367 2043 1437 2074 375,
1453 2036 1542 2073 3563,
1558 2036 1648 2074 6971,
1664 2037 1754 2074 8813.

261 2099 370 2137 9926),
402 2094 449 2129 et
480 2101 659 2150 quoque
692 2093 878 2128 constat
914 2101 940 2128 a
976 2086 1272 2141 sequentibus
1308 2085 1378 2126 his
1414 2085 1753 2138 locist—Apud

263 2149 502 2198 Davidem,

331 2231 352 2244 “
364 2229 444 2261 Vox
457 2229 615 2271 Jehovae
629 2238 735 2269 super
748 2228 860 2269 aquis,
871 2253 878 2260 .
893 2253 900 2260 .
915 2253 921 2260 .
937 2238 1023 2260 .vox
1035 2227 1194 2270 Jehovae
1211 2227 1246 2259 in
1260 2227 1401 2265 virtute,
1418 2237 1490 2258 vox
1502 2226 1661 2269 Jehovae
1675 2237 1755 2259 cum

435 2273 583 2310 honore,
603 2282 674 2304 vox
690 2271 848 2314 Jehovae
872 2271 1005 2312 frangit
1027 2271 1181 2310 cedros„
1196 2296 1204 2303 .
1217 2296 1224 2303 .
1239 2281 1326 2303 .vox
1349 2271 1507 2312 Jehovae
1532 2271 1693 2303 incidens
1717 2277 1757 2303 ut

435 2317 580 2348 flamma
597 2316 701 2356 ignis,
722 2325 793 2347 vox
809 2315 967 2356 Jehovae
984 2315 1161 2355 trepidare
1178 2315 1262 2346 facit
1278 2315 1457 2347 desertum
1462 2339 1555 2352 .....
1562 2324 1634 2346 vox
1650 2314 1757 2356 Jeho-

436 2370 502 2391 vae
520 2360 674 2400 paturire
691 2359 775 2390 facit
791 2368 914 2390 cervas
929 2368 952 2397 ;.
966 2383 974 2391 .
988 2383 995 2391 .
1010 2359 1088 2391 .sed
1106 2358 1141 2390 in
1159 2358 1293 2399 templo
1312 2357 1429 2399 Ipsius
1446 2358 1562 2399 quivis
1579 2358 1664 2390 dicit
1679 2359 1756 2399 glo-

436 2404 525 2435 riam
537 2402 554 2415 '’
571 2403 717 2443 (Psalm.
735 2402 829 2434 xxix,
845 2400 957 2443 [¹13—9)
972 2411 979 2440 ;

261 2493 411 2548 agitur
435 2493 480 2534 in
506 2492 584 2534 illo
612 2492 789 2546 psalmo
815 2492 871 2533 de
903 2492 1068 2533 Divino
1095 2492 1215 2546 quod
1247 2505 1273 2533 a
1305 2491 1503 2532 Domino
1533 2490 1753 2544 procedit,

261 2557 382 2612 quod
405 2570 493 2598 una
514 2570 626 2597 voce
644 2563 833 2597 vocatur
856 2556 1067 2596 Divinum
1086 2555 1257 2596 Verum
1275 2569 1284 2606 ;
1317 2552 1500 2596 effeetus
1521 2553 1615 2607 ejus
1636 2553 1755 2608 apud

261 2621 407 2662 bonos
433 2626 479 2661 et
511 2619 631 2673 apud
664 2619 808 2659 malos
840 2633 919 2672 per
943 2618 1054 2660 talia
1085 2619 1144 2659 ibi
1171 2618 1462 2659 describitur:
1496 2617 1600 2658 inde
1626 2621 1755 2670 patet

262 2684 368 2738 quid
397 2687 528 2724 “vox
551 2681 795 2736 Jehovae.’'
853 2681 993 2735 Apud
1019 2681 1286 2730 Jolzmmm,

331 2772 449 2814 “Qui.
464 2797 471 2804 .
485 2797 492 2804 .
508 2771 652 2804 .Pastor
676 2771 795 2804 ovium
822 2778 886 2808 est,
906 2771 987 2802 huic
1011 2771 1176 2802 ostiarius
1201 2770 1324 2811 aperit,
1344 2776 1379 2802 et
1402 2779 1488 2802 oves
1505 2779 1630 2801 vocem
1656 2762 1756 2801 Illius

435 2815 584 2847 audiunt
598 2825 621 2854 ;.
636 2840 643 2847 .
657 2841 664 2848 .
680 2815 850 2848 ‚alienum
862 2825 935 2846 non
947 2821 1142 2855 sequuntur
1145 2839 1237 2852 .....
1245 2814 1329 2854 quia
1341 2824 1413 2845 non
1428 2814 1544 2845 sciunt
1557 2813 1754 2844 alienorum

435 2869 561 2891 vocem
575 2870 598 2891 :.
614 2884 621 2891 .
635 2885 642 2892 .
658 2866 707 2891 .et
723 2859 812 2890 alias
829 2869 916 2892 oves
932 2859 1057 2896 habeo,
1075 2868 1164 2899 quae
1181 2868 1254 2889 non
1272 2863 1355 2889 sunt
1372 2867 1416 2888 ex
1432 2857 1519 2888 ovili
1535 2857 1623 2895 hoe;
1648 2856 1754 2888 etiam

437 2903 516 2934 illas
534 2909 673 2943 oportet
692 2902 750 2934 Me
768 2902 952 2940 adducere,
969 2908 1003 2933 et
1016 2911 1139 2932 vocem
1158 2911 1274 2932 meam
1291 2901 1471 2932 audientz.
1486 2925 1494 2932 .
1507 2924 1515 2932 .
1530 2900 1608 2932 .sed
1624 2909 1704 2931 vos.
1719 2923 1726 2931 .
1741 2923 1750 2931 .

436 2956 509 2978 non
523 2946 608 2978 estis
622 2957 666 2977 ex
680 2947 805 2977 ovibus
820 2946 908 2977 meis
912 2970 1004 2984 .....
1012 2955 1095 2976 nam
1109 2955 1196 2976 oves
1209 2954 1311 2975 meae
1324 2953 1448 2975 vocem
1463 2953 1578 2975 meam
1593 2942 1751 2980 audiunt,

436 2997 472 3023 et
490 2990 565 3031 Ego
582 2999 761 3031 cognosco
778 2989 856 3021 illas
873 2995 908 3021 et
926 2988 985 3021 Me
1003 2987 1227 3030 sequuntur”
1244 2987 1291 3029 (x.
1309 2995 1382 3027 2-5,
1402 2987 1452 3026 16,
1470 2987 1522 3026 26,
1539 2986 1616 3027 27),
