2060 3476
657 383 764 417 CAP.
786 383 846 424 v.,
869 382 1008 416 VERs.
1031 384 1178 428 9.-Ν.
1204 375 1361 431 328[c].
1594 406 1595 409 ,
1678 386 1759 430 599

441 486 479 530 in
492 497 592 529 omni
608 497 777 538 angustia
788 506 913 529 eorum
928 496 1003 537 Ipsi
1023 496 1203 537 angustia,
1220 502 1256 529 et
1269 497 1431 538 Angelus
1448 497 1620 529 facierum
1639 497 1758 538 Ipsius

441 542 599 573 servavit
615 551 689 578 eos,
710 542 756 572 ob
776 550 938 572 amorem
956 550 1060 572 suum
1079 546 1114 572 et
1137 540 1366 572 clementiam
1391 551 1494 572 suam
1521 541 1591 572 Hic
1608 541 1759 573 redemit

446 594 521 623 eos,
542 590 577 616 et
596 585 794 625 assumpsit
812 594 888 622 eos,
910 590 946 616 et
974 582 1166 625 [¹1p0rtabit
1185 594 1247 616 eos
1268 585 1436 616 omnibus
1458 585 1584 616 diebus
1605 585 1759 616 aeterni-

442 628 525 660 tatis
536 628 554 640 ’'
574 626 711 669 (mlxiii.
730 636 758 666 1,
774 637 806 668 4,
823 627 856 669 9)
870 638 878 666 ;

267 713 417 767 agitur
441 714 500 754 ibi
526 713 583 754 de
609 713 806 754 Domino
832 719 878 754 et
904 713 961 754 de
987 713 1148 767 pugnis
1173 714 1478 754 tentationum
1506 714 1649 767 Ipsius
1682 728 1761 767 per

267 790 378 830 quas
403 776 657 830 subjugavit
683 777 877 818 inferna:
912 790 990 830 per
1014 776 1232 817 “Edom‘’
1258 791 1316 817 ex
1344 791 1432 830 quo
1458 778 1595 825 venit,
1622 778 1781 830 signi-1

267 839 425 881 ficatur
451 837 711 881 Humanum
738 841 894 894 Ipsius,
922 840 1126 881 similiter
1151 853 1229 894 per
1255 840 1524 894 “Angelum
1551 841 1759 882 facierum

268 903 412 957 Ipsius
429 903 462 954 ;''
489 903 632 956 Ipsius
650 903 813 944 Divina
834 904 1039 957 potentia
1056 917 1114 944 ex
1133 917 1220 957 qua
1236 905 1467 957 pugnavit,
1488 903 1763 957 significatur

267 980 347 1020 per
374 966 627 1008 “incedens
658 968 701 1007 in
734 966 1021 1007 multitudine
1047 967 1217 1007 roboris
1245 967 1310 1007 sui
1327 966 1360 1007 :‘'
1391 966 1582 1020 dejefflo
1608 981 1760 1008 eorum

267 1030 312 1070 in
334 1029 552 1070 infernum
571 1030 644 1083 qui
662 1030 969 1083 insurgebant,
989 1035 1035 1070 et
1057 1029 1252 1070 elevatio
1269 1029 1491 1071 bonorum
1508 1031 1551 1071 in
1571 1030 1759 1074 caelum.

267 1091 536 1146 intelligitur
567 1106 646 1146 per
673 1091 967 1145 “justitiam,’‘
992 1093 1057 1133 ita
1087 1104 1170 1146 per
1195 1091 1308 1133 haec
1340 1093 1490 1141 verba,
1517 1093 1658 1146 “Ego
1689 1094 1761 1146 qui

268 1154 427 1209 loquor
447 1156 491 1196 in
508 1154 694 1208 justitia,
714 1168 903 1208 magnus
925 1155 982 1196 ad
1006 1154 1286 1204 salvandum,
1306 1169 1409 1196 nam
1428 1156 1523 1196 dies
1540 1153 1762 1195 vindictae

268 1219 312 1259 in
335 1218 470 1259 corde
491 1232 607 1268 meo,
627 1225 673 1260 et
695 1232 837 1259 annus
859 1218 1195 1271 redemptorum
1214 1232 1414 1259 meorum
1432 1219 1554 1260 venit
1572 1218 1605 1259 ;”
1638 1218 1762 1259 Divi-

269 1295 351 1323 nus
374 1282 517 1336 Ipsius
539 1281 685 1323 Amor
707 1295 765 1322 ex
789 1295 877 1335 quo
902 1281 979 1322 illa
999 1281 1117 1330 fecit,
1141 1282 1406 1322 describitur
1427 1296 1506 1335 per
1529 1282 1619 1322 “In
1642 1282 1763 1322 omni

271 1346 482 1399 angustia
507 1358 661 1386 eorum
689 1345 779 1401 Ipsi
810 1345 1036 1398 angustia,
1064 1351 1110 1385 et
1137 1343 1346 1397 Angelus
1377 1345 1588 1386 facierum
1621 1345 1764 1398 Ipsius

272 1401 468 1450 servavit
505 1422 597 1458 eos,
625 1408 683 1449 ob
719 1420 919 1448 amorem
957 1420 1084 1448 suum
1117 1413 1162 1448 et
1195 1407 1486 1448 clementiam
1517 1420 1643 1448 suam
1677 1407 1763 1448 Hic

270 1471 462 1513 redemit
494 1485 586 1521 eos,
619 1477 666 1512 et
702 1471 944 1524 assumpsit
976 1484 1068 1519 eOS,
1102 1477 1148 1511 et
1180 1468 1413 1524 [¹¹portabit
1450 1485 1527 1511 eos
1559 1470 1765 1511 omnibus

270 1535 427 1576 diebus
457 1535 740 1576 aeternitatis
757 1533 790 1575 ;”
821 1533 924 1574 inde
954 1539 1082 1587 patet
1106 1534 1226 1587 quod
1259 1547 1338 1587 per
1365 1533 1692 1587 “redemptos'’
1718 1540 1764 1574 et

270 1612 349 1652 per
365 1601 389 1619 “
403 1612 480 1640 eos
495 1612 606 1652 quos
622 1597 853 1646 redemit,‘’
868 1597 1174 1651 significentur
1191 1611 1302 1650 quos
1317 1597 1560 1638 vindicavit
1579 1611 1605 1637 a
1621 1597 1765 1638 furore

272 1674 425 1703 eorum
451 1662 525 1715 qui
550 1661 607 1702 ab
632 1661 803 1702 inferno
829 1668 875 1702 et
901 1660 1107 1701 salvavit.
1168 1659 1306 1714 Apud
1331 1660 1538 1708 eundem,

341 1752 430 1784 “Sic
446 1750 563 1783 dixit''
580 1751 755 1793 Jehovah,
779 1750 963 1782 “Creator
986 1756 1080 1789 tuus,
1099 1749 1223 1792 Jacob,
1244 1755 1279 1781 et
1304 1749 1494 1781 Formator
1517 1755 1609 1786 tuus,
1640 1748 1763 1786 Israel,

448 1794 520 1838 [Ne
534 1793 691 1837 timeto,]
708 1805 791 1826 nam
806 1794 1002 1832 redemite,
1016 1794 1143 1825 vocavi
1158 1794 1307 1825 nomine
1325 1800 1397 1832 tuo,
1416 1793 1505 1824 Mihi
1520 1799 1558 1824 tu
1570 1792 1587 1804 '¹
1604 1793 1706 1833 (xliii.
1721 1792 1765 1833 1);

273 1884 394 1939 quod
434 1898 513 1938 per
553 1882 840 1924 “redimere’'
872 1882 1149 1936 significetur
1185 1882 1373 1923 liberare
1404 1882 1462 1923 ab
1501 1882 1687 1930 inferno,
1720 1888 1765 1922 et

271 1948 482 1989 addicare
500 1960 551 1988 ac
571 1946 843 2000 conjungere
861 1945 953 1987 Sibi
970 1952 1019 1987 ut
1037 1946 1180 1999 Ipsius
1199 1946 1302 1994 sint,
1322 1951 1463 1999 patet,
1484 1959 1587 1985 nam
1606 1945 1767 1985 dicitur

274 2010 506 2052 '‘Redemi
543 2016 603 2059 te,
636 2010 796 2050 vocavi
828 2009 1009 2050 nomine
1039 2015 1133 2057 tuo,
1168 2008 1278 2048 Mihi
1314 2014 1363 2049 tu
1381 2007 1414 2058 ;”
1459 2009 1559 2061 quia
1596 2007 1680 2049 hoc
1718 2007 1766 2048 fit

273 2088 351 2128 per
361 2073 725 2115 reformationem
739 2079 784 2113 et
803 2072 1194 2126 regenerationem
1206 2085 1232 2112 a
1250 2071 1461 2119 Domino,
1474 2070 1576 2111 ideo
1591 2071 1765 2119 dicitur,

271 2137 476 2191 Jehovah
504 2135 732 2178 “Creator
762 2142 878 2185 tuus,
904 2135 1059 2188 Jacob,
1087 2141 1133 2176 et
1166 2135 1405 2175 Formator
1433 2141 1549 2182 tuus,
1578 2134 1716 2175 Israel
1734 2134 1768 2184 ;'’

275 2200 502 2242 “Creator
513 2199 533 2215 ’'
555 2205 744 2240 vocatur
769 2199 872 2252 quia
897 2212 975 2252 per
999 2201 1188 2239 “creare
1199 2197 1218 2213 ’'
1240 2198 1284 2238 in
1307 2197 1462 2238 Verbo
1491 2192 1768 2251 significatur

274 2276 542 2316 regenerare
571 2261 795 2315 (videatur
826 2275 971 2315 supra,
1000 2275 1041 2302 n.
1069 2261 1200 2315 294);
1235 2261 1446 2314 “Jacob''
1479 2268 1524 2302 et
1559 2261 1768 2301 “Israel‘’

275 2326 530 2380 significant
561 2326 662 2367 illos
688 2326 760 2380 qui
791 2326 848 2367 ab
879 2325 1083 2374 ecclesia,
1111 2331 1157 2366 et
1188 2325 1231 2365 in
1260 2326 1376 2366 veris
1408 2339 1466 2365 ex
1498 2325 1618 2365 bono
1649 2331 1767 2365 sunt.

275 2389 414 2444 Apud
440 2389 648 2438 eundem,

345 2479 368 2493 ‘⁸
380 2478 497 2510 Dicite
513 2478 607 2509 filiae
624 2477 758 2516 Zionis,
780 2477 870 2509 Ecce
887 2478 983 2509 salus
1001 2483 1062 2509 tua
1078 2477 1187 2514 venit,
1205 2487 1286 2508 ecce
1304 2486 1440 2508 merces
1457 2476 1574 2517 Ipsius
1591 2486 1671 2508 cum
1688 2476 1766 2513 1110,

450 2528 486 2553 et
504 2522 658 2562 pretium
678 2531 808 2562 operae
828 2531 947 2552 coram
967 2521 1071 2561 Ipso;
1096 2527 1131 2552 et
1147 2522 1329 2552 vocabunt
1348 2520 1440 2559 illos,
1462 2520 1620 2561 Populus
1638 2518 1770 2551 saneti-

451 2565 546 2602 tatis,
566 2565 743 2605 redempti
759 2565 919 2606 Jehovae
931 2564 949 2576 ’'
966 2564 1053 2605 (lxii.
1074 2573 1124 2602 11,
1140 2564 1213 2605 12);

275 2649 347 2692 hic
379 2649 517 2690 etiam
548 2649 696 2702 agitur
727 2648 783 2689 de
815 2648 1014 2688 adventu
1046 2647 1244 2696 Domini,
1277 2654 1323 2689 et
1355 2647 1411 2689 de
1443 2648 1769 2688 instauratione

274 2711 496 2754 ecclesiae
521 2711 578 2752 ab
610 2711 741 2764 Ipso:
777 2710 904 2751 “filia
929 2710 1114 2752 Zionis’'
1140 2710 1365 2764 significat
1391 2710 1628 2751 ecclesiam
1655 2724 1769 2763 quae

275 2775 321 2815 in
363 2787 516 2815 amore
552 2774 597 2815 in
634 2773 878 2814 Dominum
914 2780 1014 2825 est;
1055 2773 1277 2815 adventus
1319 2774 1462 2827 Ipsius
1502 2772 1770 2826 intelligitur

278 2851 357 2892 per
385 2837 545 2878 “Ecce
577 2836 697 2877 salus
729 2843 807 2877 tua
837 2837 976 2885 venit,
1009 2850 1116 2877 ecce
1147 2850 1318 2878 merces
1360 2837 1503 2890 Ipsius
1535 2850 1634 2877 cum
1669 2835 1767 2883 Illo,

278 2906 324 2942 et
347 2900 540 2955 pretium
562 2913 726 2953 operae
749 2912 900 2940 coram
924 2899 1028 2953 Ipso
1045 2899 1078 2951 ;'’
1109 2899 1336 2940 reformati
1359 2906 1405 2940 et
1432 2899 1686 2952 regenerati
1711 2899 1769 2939 ab

278 2963 385 3017 Ipso
424 2961 740 3016 intelliguntur
779 2976 857 3016 per
899 2962 1198 3016 “redemptos
1241 2962 1491 3016 Jehovae;’'
1546 2961 1666 3014 quod
1707 2961 1769 3002 illi

279 3027 485 3068 dicantur
512 3025 772 3080 “redempti
786 3025 805 3041 ”
828 3032 897 3067 est
923 3026 1025 3080 quia
1049 3025 1112 3066 illi
1138 3039 1217 3080 per
1238 3026 1628 3079 regenerationem
1656 3025 1765 3065 libe-
