2060 3476
289 351 343 396 54
699 350 1031 385 APOCALYPSIS
1063 351 1361 385 EXPLICATA.

284 465 404 519 apud
430 464 638 514 eundem,

475 547 594 580 “Mihi
613 547 749 580 insulae
769 546 957 586 confident,
979 556 1159 589 navesque
1175 546 1412 580 Tharschisch
1423 547 1442 561 ’¹
1459 547 1518 588 (lx.
1535 548 1568 590 9)
1582 557 1589 587 ;

284 634 403 689 apud
428 634 689 684 Jeremz'am,

351 713 504 797 “Audi(te
528 708 638 798 verba5
657 713 816 755 Jehovae
841 718 978 754 gentes,
1003 718 1038 745 et
1061 713 1271 746 annuntiate
1293 712 1330 746 in
1355 713 1481 746 insulis
1504 722 1524 746 e
1548 711 1775 756 longinquo'·

471 767 566 789 xxxi.
586 765 626 788 10
652 766 659 796 ;

283 842 402 896 apud
427 842 718 895 Zephanz‘am,

350 922 513 964 Jehovah
539 922 754 953 “emaciabit
778 931 892 953 onnes
915 921 1002 953 deos
1026 927 1152 960 terrae,
1174 928 1214 954 ut
1240 922 1391 955 adorent
1415 921 1538 964 Ipsum
1562 922 1709 965 quisque
1732 922 1770 954 in

460 975 525 998 suo
541 965 621 997 loco
635 975 642 1005 ;
667 975 792 997 omnes
811 965 948 997 insulae
964 965 1124 1006 gentium
1136 965 1155 978 '¹
1171 965 1219 1007 (ii.
1241 965 1315 1007 11),

284 1059 331 1095 et
357 1052 463 1094 alibi

349 1127 415 1169 (Ut
433 1127 534 1160 Esai.
550 1128 647 1160 xxiii.
666 1136 694 1165 2,
712 1127 753 1166 6;
777 1137 851 1168 cap.
868 1127 927 1160 xli.
947 1135 975 1166 1,
994 1135 1033 1167 5;
1057 1137 1133 1169 cap.
1149 1128 1221 1160 xlii.
1237 1135 1297 1168 15:
1321 1138 1396 1170 cap.
1409 1128 1493 1161 lxvi.
1513 1137 1571 1170 19:
1600 1129 1725 1171 Jerem.
1737 1128 1772 1162 ii.

463 1180 525 1210 10;
549 1181 625 1212 cap.
641 1181 723 1204 xxv.
741 1179 803 1204 22:
834 1171 957 1204 Ezech.
974 1171 1081 1204 xxvii.
1099 1179 1129 1211 3,
1147 1178 1176 1211 7,
1196 1178 1245 1211 15,
1263 1172 1328 1213 35).

282 1274 359 1315 Ex
381 1273 451 1315 his
474 1273 585 1315 locis
611 1280 658 1315 et
684 1288 743 1315 ex
767 1274 864 1315 aliis
886 1280 1071 1316 constat
1109 1274 1230 1328 quod
1254 1274 1467 1321 “insulae
1478 1275 1498 1292 '’
1515 1275 1771 1330 significent

283 1343 460 1390 gentes,
503 1337 548 1377 in
589 1338 739 1390 specie
780 1342 944 1390 gentes
975 1337 1123 1391 quoad
1157 1335 1409 1379 doctrinam
1439 1339 1546 1388 veri,
1579 1345 1626 1380 et
1667 1339 1772 1380 alibi

282 1400 431 1453 quoad
454 1397 706 1441 doctrinam
729 1399 827 1440 falsi
845 1413 855 1451 ;
879 1413 983 1440 nam
1001 1399 1214 1454 pleraque
1235 1400 1280 1441 in
1298 1400 1454 1442 Verbo
1475 1402 1614 1443 etiam
1632 1402 1772 1456 signi-

282 1463 420 1505 ficant
452 1464 676 1517 opposita.

360 1541 449 1585 51.
487 1531 697 1584 “Propior-
721 1530 886 1572 Verbum
914 1529 1219 1584 vaist—Quod
1245 1530 1470 1584 significet
1500 1539 1551 1573 ut
1578 1532 1771 1586 recipia-

283 1598 358 1632 tur
379 1592 593 1633 Dz'vinum
621 1591 794 1638 Verum,
814 1598 997 1633 constat
1020 1605 1079 1632 ex
1102 1591 1432 1645 significatione
1449 1592 1627 1635 “Verbi
1645 1593 1772 1644 Dei,’'

282 1654 404 1706 quod
434 1653 493 1694 Sit
520 1653 735 1694 Divinum
760 1652 934 1693 Verum
960 1662 1016 1703 (de
1035 1672 1099 1701 qua
1118 1672 1151 1693 n.
1169 1664 1258 1702 4692·
1274 1670 1363 1701 5075,
1379 1664 1486 1703 9987).

359 1730 449 1774 52.
488 1720 567 1760 “Et
586 1723 755 1773 propiet·
782 1719 1049 1761 testimonium
1076 1720 1180 1760 «lesu
1216 1719 1598 1774 Christi.'¹——Quod
1628 1721 1769 1774 signi-

281 1779 386 1821 ficet
413 1787 461 1821 ut
485 1787 752 1834 agnoscatur
770 1780 984 1822 Divinum
1004 1780 1262 1822 Humanum
1285 1781 1480 1831 Domini,
1505 1788 1688 1824 constat
1710 1796 1770 1824 ex

281 1843 612 1897 significatione
641 1843 969 1893 “testimonii,”
994 1844 1115 1898 quod
1141 1845 1200 1885 sit
1225 1845 1401 1898 agnitio
1422 1845 1557 1886 corde
1586 1843 1662 1900 (de
1683 1859 1772 1899 qua

282 1920 428 1960 supra,
462 1920 503 1947 n.
542 1917 604 1956 10,
639 1906 741 1960 27);
792 1913 838 1948 et
880 1921 939 1947 ex
981 1906 1310 1960 significatione
1351 1909 1583 1948 nominum
1621 1908 1767 1961 “Jesu

282 1969 490 2018 Christi‚'’
512 1969 631 2023 quod
658 1970 716 2010 sit
743 1969 964 2010 Dominus
990 1970 1139 2023 quoad
1162 1970 1375 2011 Divinum
1403 1970 1663 2011 Humanum
1691 1969 1768 2024 (de

281 2046 369 2086 qua
394 2033 532 2073 etiam
558 2022 704 2086 su'pra,
729 2046 770 2073 n.
794 2032 883 2085 26).
947 2032 1074 2073 Haec
1100 2033 1310 2073 dicuntur
1331 2032 1387 2074 de
1413 2032 1620 2073 Ecclesia
1647 2032 1769 2074 Gen-

281 2096 409 2144 tium,
429 2109 543 2149 quae
561 2102 798 2149 receptura
820 2095 1032 2136 Divinum
1051 2095 1236 2144 Verum,
1256 2102 1302 2136 et
1325 2096 1535 2149 agnitura
1557 2096 1768 2137 Divinum

283 2157 544 2198 Humanum
571 2158 779 2198 Domini:
813 2158 933 2212 quod
959 2158 1071 2199 haec
1098 2158 1306 2199 dicantur
1330 2158 1386 2199 de
1413 2158 1620 2199 Ecclesia
1646 2158 1769 2200 Gen-

281 2222 408 2270 tium,
446 2221 653 2261 videatur
690 2234 798 2261 mox
840 2234 973 2275 supra
1012 2219 1073 2275 (n.
1115 2220 1202 2276 50).
1263 2220 1471 2262 Ecclesia
1511 2220 1770 2262 Christiana

281 2284 461 2338 quidem
479 2284 688 2336 agnoscit
707 2284 919 2324 Divinum
938 2284 1134 2333 Domini,
1151 2284 1230 2325 sed
1253 2297 1344 2325 non
1362 2284 1574 2325 Divinum
1594 2284 1767 2325 Huma-

281 2359 387 2387 num
405 2360 415 2397 ;
457 2353 732 2400 quapropter
757 2360 858 2387 cum
889 2361 948 2387 ex
975 2345 1179 2388 doctrina
1210 2347 1418 2400 cogitant
1449 2353 1496 2388 et
1523 2346 1765 2401 loquuntur

281 2410 338 2451 de
363 2409 575 2458 Domino,
603 2415 816 2463 separant
849 2409 1110 2450 Humanum
1143 2410 1288 2463 Ipsius
1319 2424 1346 2451 a
1376 2410 1555 2459 Divino,
1588 2416 1635 2451 et
1669 2409 1765 2451 Hu·

281 2485 465 2513 manum
497 2472 642 2526 Ipsius
668 2472 836 2513 faciunt
862 2472 1006 2513 simile
1037 2472 1236 2514 humano
1267 2472 1381 2514 alius
1412 2472 1633 2523 hominis;
1666 2485 1768 2514 cum

281 2542 437 2577 tamen
462 2535 508 2576 in
535 2535 749 2575 Humano
773 2535 916 2588 Ipsius
942 2541 1013 2576 est
1039 2535 1266 2584 Divinum,
1290 2536 1406 2576 sicut
1432 2536 1582 2576 anima
1602 2536 1647 2576 in
1669 2548 1770 2576 cor·

281 2611 417 2652 pore:
450 2597 563 2639 haec
595 2599 733 2639 etiam
770 2611 906 2638 causa
942 2605 1026 2648 est,
1060 2598 1180 2652 quod
1211 2598 1346 2640 iidem
1382 2612 1474 2640 non
1504 2599 1681 2652 possint
1712 2598 1768 2639 de

282 2662 448 2702 Divino
488 2660 686 2715 aliquam
722 2660 869 2701 ideam
906 2660 1087 2711 habere,
1121 2667 1167 2702 et
1204 2675 1342 2715 usque
1378 2662 1480 2703 idea
1519 2661 1767 2714 conjungit,

282 2725 384 2779 quia
410 2724 661 2777 cogitati03
695 2729 741 2763 et
767 2729 922 2763 tamen
946 2724 1114 2778 absque
1136 2723 1453 2777 conjunctione
1475 2737 1576 2765 cum
1603 2724 1768 2764 Divino

281 2801 360 2841 per
381 2787 710 2840 cogitationem
736 2791 782 2827 et
808 2785 1105 2836 affectionem,
1130 2800 1207 2828 seu
1229 2787 1350 2841 quod
1374 2787 1508 2836 idem,
1535 2800 1614 2841 per
1633 2785 1768 2826 fidem

281 2856 328 2891 et
351 2862 565 2898 amorem,
589 2848 714 2895 nulla
736 2848 871 2889 salus.
932 2849 1108 2890 Dicitur
1128 2850 1249 2903 quod
1271 2848 1526 2903 conjunctio
1547 2862 1626 2903 per
1642 2848 1768 2901 cogi-

282 2913 506 2954 tationem
532 2918 578 2953 et
603 2910 886 2952 affectionem
913 2912 971 2952 sit
996 2912 1116 2953 idem
1139 2925 1190 2953 ac
1217 2926 1296 2966 per
1318 2912 1452 2954 fidem
1477 2918 1525 2954 et
1550 2923 1765 2959 amorem,

283 2976 494 3031 quoniam
519 2974 638 3030 quod
670 2974 806 3017 credo
837 2973 923 3016 hoc
949 2976 1118 3029 cogito,
1146 2981 1192 3017 et
1219 2976 1338 3030 quod
1370 2988 1473 3017 amo
1504 2988 1558 3017 eo
1582 2973 1764 3016 afficior.
