2060 3476
278 352 331 384 22
698 350 823 384 APOC
829 350 1027 385 ALYPSIS
1058 351 1353 384 EXPLICATA.

278 463 398 518 quod
421 464 654 513 Dominus,
679 464 792 505 sicut
814 470 884 505 est
907 464 1123 512 Verbum,
1142 465 1279 505 etiam
1301 464 1359 506 sit
1382 462 1599 506 Doctrina
1620 465 1766 506 eccle-

277 529 394 578 siae;
441 540 545 568 nam
581 527 727 568 omnis
763 525 967 568 doctrina
997 533 1067 568 est
1098 541 1158 568 ex
1189 526 1357 568 Verbo.
1431 537 1544 577 (Quod
1558 538 1716 567 Dominus
1730 537 1768 569 sit

278 590 434 620 Doctrina
447 589 605 624 ecclesiae,
621 590 696 627 quia
716 590 811 619 omne
825 598 934 618 verum
956 590 1044 627 quod
1058 589 1220 619 doetrinae
1234 594 1281 619 est
1302 598 1320 619 e
1333 589 1451 624 Verbo,
1466 589 1509 618 ita
1528 598 1549 618 a
1570 588 1720 623 Domino.
1735 597 1767 618 n.

277 637 401 677 [¹12531,
417 641 506 677 2859,
521 638 626 677 3712.)

357 705 451 737 20.
494 695 683 748 “Septem
702 693 1137 747 Ecclesiis.''-Quod
1161 693 1383 747 significet
1407 693 1474 734 ad
1490 706 1637 734 omnes
1661 692 1764 734 illos

279 757 420 810 quiin
441 756 560 797 veris
579 770 636 797 ex
656 756 760 797 bono
780 770 856 797 seu
875 756 921 796 in
929 756 1028 810 fide
1045 769 1102 796 ex
1119 755 1340 796 charitate
1359 761 1475 802 sunt,
1498 761 1679 795 constat
1705 768 1764 796 ex

278 819 606 874 significatione
633 818 886 873 “septem,’'
911 818 1031 872 quod
1063 819 1151 859 sint
1183 831 1354 865 omnes,
1388 830 1492 857 nam
1520 817 1765 870 “septem”

277 882 322 922 in
349 881 504 922 Verbo
529 880 783 934 significant
814 882 1076 935 principium
1102 887 1148 922 et
1174 880 1321 930 finem,
1348 881 1412 922 ita
1437 881 1660 933 integram
1686 894 1764 934 pe·

278 944 467 993 riodum,
494 957 545 985 ac
571 950 741 985 statum
767 943 963 998 plenum,
989 943 1193 985 similiter
1218 957 1269 985 ae
1295 942 1614 997 “septimana'’
1634 951 1767 992 (n.728.

277 1018 502 1058 6508,9228);
554 1013 600 1048 et
645 1007 746 1061 quia
788 1006 1043 1060 significant
1089 1006 1285 1061 plenum,
1326 1007 1464 1048 etiam
1508 1005 1764 1059 significant

278 1083 449 1119 omneS,
482 1071 693 1124 quoniam
724 1083 881 1111 omnes
912 1069 1079 1111 faciunt
1124 1069 1336 1123 plenum;
1381 1068 1615 1123 plenitudo
1645 1069 1763 1109 enim

279 1131 527 1186 respective
552 1133 609 1174 ad
639 1132 741 1173 illos
771 1133 846 1186 qui
875 1132 1043 1173 faciunt
1068 1131 1262 1186 aliquam
1288 1133 1568 1180 societatem,
1596 1131 1666 1172 hic
1693 1144 1765 1172 ec-

280 1196 476 1245 clesiam,
504 1202 607 1237 sunt
634 1209 817 1247 omnes3
850 1209 984 1248 quare
1010 1208 1110 1236 cum
1136 1196 1180 1236 in
1206 1195 1362 1236 Verbo
1387 1195 1535 1248 agitur
1557 1194 1612 1235 de
1639 1207 1765 1247 mag-

279 1259 496 1307 nitudine,
529 1272 607 1312 per
639 1258 887 1312 “septem''
918 1257 1194 1311 significatur
1234 1257 1443 1311 plenum;
1489 1263 1535 1298 et
1572 1269 1672 1298 cum
1709 1257 1765 1297 de

279 1322 581 1371 multitudine,
607 1321 915 1375 significantur
945 1334 1126 1362 omnes:
1167 1320 1343 1376 (“tria”
1373 1320 1511 1362 etiam
1541 1320 1585 1360 in
1611 1319 1766 1360 Verbo

278 1384 533 1438 significant
564 1385 746 1439 plenum
777 1391 823 1426 et
855 1397 1012 1425 omnes
1038 1392 1584 1434 (videaturn.2788‚4495.7715);
1620 1388 1668 1424 at
1693 1382 1767 1423 ubi

279 1449 323 1489 in
349 1447 504 1489 Verbo
534 1449 682 1500 agitur
708 1447 764 1488 de
795 1461 842 1488 re
873 1445 1043 1496 sancta,
1071 1447 1278 1488 dicuntur
1305 1445 1559 1500 “septem,''
1582 1442 1663 1487 [²¹et
1694 1445 1767 1486 ubi

279 1508 427 1564 agitur
452 1511 508 1551 de
539 1524 802 1564 quacunque
833 1509 920 1551 alia
949 1524 1011 1558 re,
1039 1510 1246 1551 dicuntur
1269 1510 1395 1550 “tria
1407 1508 1426 1524 ”
1452 1519 1654 1559 (n.10127);
1695 1508 1766 1550 hic

278 1574 430 1627 itaque
447 1574 655 1614 dicuntur
671 1576 695 1593 ‘¹
711 1572 926 1626 septem,'’
940 1573 1042 1626 quia
1058 1573 1207 1625 agitur
1221 1572 1277 1613 de
1294 1572 1409 1613 veris
1427 1584 1486 1613 ex
1503 1572 1638 1621 bono,
1653 1585 1768 1626 quae

279 1643 383 1677 sunt
409 1634 566 1677 saneta
587 1635 804 1677 ecclesiae
823 1635 855 1689 ε)
893 1641 940 1677 et
966 1649 1024 1676 ex
1048 1634 1375 1688 significatione
1399 1638 1424 1655 ‘⁴
1439 1633 1767 1683 ecclesiarum,”

279 1694 399 1753 quod
421 1699 511 1740 sint
532 1700 605 1752 qui
626 1699 671 1739 in
689 1699 803 1740 veris
826 1712 884 1739 ex
907 1698 1028 1740 bono
1053 1712 1130 1739 seu
1151 1699 1196 1738 in
1218 1697 1304 1738 fide
1321 1711 1380 1738 ex
1398 1697 1619 1738 charitate
1634 1703 1739 1738 sunt
1756 1711 1785 1748 ;1

279 1775 414 1803 causa
443 1762 563 1815 quod
594 1761 657 1802 illi
687 1775 766 1815 per
793 1761 1073 1803 “ecclesias''
1104 1759 1430 1814 intelligantur,
1458 1766 1527 1801 est
1559 1761 1662 1814 quia
1691 1759 1768 1801 illa

278 1825 447 1866 faciunt
469 1824 706 1865 ecelesiam
728 1825 845 1878 apud
868 1824 1210 1878 unumquemvis
1227 1837 1237 1874 ;
1270 1824 1343 1877 qui
1368 1823 1486 1864 enim
1508 1836 1598 1864 non
1623 1823 1668 1863 in
1689 1837 1766 1864 ve-

278 1888 338 1929 ris
369 1902 428 1928 ex
460 1887 580 1928 bono
610 1893 728 1936 sunt,
757 1887 941 1928 tametsi
972 1887 1066 1928 nati
1097 1893 1200 1927 sunt
1232 1887 1351 1927 intra
1389 1885 1644 1935 ecclesiam,
1676 1899 1766 1926 non

280 1964 418 2004 usque
439 1950 496 1991 ab
517 1949 707 1991 ecclesia
728 1955 846 1998 sunt,
870 1950 971 2003 quia
992 1949 1115 1990 nulla
1136 1949 1179 1990 in
1201 1948 1287 1990 illis
1309 1954 1378 1990 est
1396 1947 1617 1989 ecclesia.·
1654 1947 1767 1989 Inde

279 2019 349 2054 est
366 2013 485 2067 quod
503 2012 694 2053 ecclesia
710 2012 892 2053 Domini
906 2013 963 2053 sit
977 2026 1036 2053 ex
1051 2012 1257 2061 omnibus
1270 2010 1370 2060 illis,
1384 2011 1635 2064 ubicunque
1646 2016 1764 2059 sunt,

280 2076 353 2130 qui
374 2074 566 2117 ecclesia
587 2081 706 2123 sunt,
728 2074 813 2115 hoc
836 2080 920 2123 est,
943 2074 1018 2128 qui
1043 2075 1087 2115 in
1110 2074 1224 2115 veris
1250 2087 1309 2114 ex
1335 2073 1456 2115 bono
1477 2079 1596 2114 sunt.
1656 2082 1768 2121 (Quod

279 2138 411 2168 ecclesia
423 2137 503 2167 sicut
517 2137 640 2166 caelum
653 2137 692 2166 sit
706 2136 738 2165 in
751 2137 890 2171 homine,
902 2141 933 2166 et
947 2146 1012 2166 non
1023 2140 1112 2166 extra
1124 2136 1222 2171 illum,
1235 2140 1266 2165 et
1279 2136 1353 2165 inde
1367 2135 1567 2173 quodhomo
1577 2134 1632 2172 qui
1645 2134 1678 2164 in
1688 2134 1770 2164 veris

279 2198 319 2218 ex
329 2189 416 2218 bono
427 2192 483 2223 est,
492 2187 531 2217 sit
541 2187 681 2221 ecclesia,
691 2186 834 2216 videatur
843 2196 874 2216 n.
885 2188 974 2224 3884,
984 2191 1015 2216 et
1029 2187 1061 2215 in
1072 2195 1168 2224 opere
1183 2187 1233 2215 De
1248 2186 1339 2216 Caelo
1349 2189 1380 2215 et
1389 2186 1527 2225 Inferna,
1540 2193 1570 2214 n.
1583 2191 1631 2222 53,
1642 2191 1690 2222 54.
1703 2183 1766 2223 57.)

280 2237 454 2280 Dicitur
479 2238 615 2279 etiam
641 2236 721 2291 qui
740 2237 785 2278 in
804 2237 902 2291 fide
923 2251 978 2278 ex
1001 2236 1231 2286 clzarz‘tate,
1258 2236 1360 2290 quia
1390 2235 1531 2276 simile
1558 2241 1656 2286 est;
1688 2249 1765 2276 ve-

279 2315 376 2343 rum
401 2301 520 2342 enim
551 2306 620 2341 est
652 2299 767 2348 fidei,
794 2307 840 2341 et
871 2300 1038 2341 bonum
1065 2305 1134 2340 est
1166 2299 1411 2348 charitatis,
1439 2299 1601 2352 quippe
1632 2311 1766 2339 omne

279 2365 325 2406 id
356 2377 510 2405 verum
546 2363 707 2404 dicitur
742 2363 862 2416 quod
897 2363 1035 2404 homo
1071 2362 1228 2411 credit,
1260 2367 1307 2403 et
1348 2361 1562 2403 omne-id
1598 2361 1766 2402 bonum

280 2426 400 2481 quod
420 2426 558 2467 homo
575 2431 711 2466 amat.
761 2435 873 2474 (Quod
887 2443 982 2464 omne
993 2442 1102 2463 verum
1116 2433 1155 2463 sit
1169 2442 1208 2463 ex
1221 2433 1317 2468 bono,
1330 2437 1361 2462 et
1371 2441 1466 2462 omne
1481 2432 1554 2462 fidei
1567 2432 1606 2462 sit
1620 2442 1659 2462 ex
1670 2433 1770 2462 chari-

263 2495 266 2504 ·
279 2493 353 2523 tate.
362 2489 505 2518 videatur
515 2488 547 2518 in
561 2487 720 2526 opusculis
731 2487 783 2517 De
795 2487 888 2517 Nova
900 2486 1118 2524 Hierosolyma
1131 2488 1163 2514 et
1174 2485 1240 2523 ejus
1254 2484 1421 2519 Doctrina,
1433 2492 1464 2514 n.
1477 2485 1607 2521 84-107,
1620 2485 1769 2518 108-122,

280 2543 312 2568 et
333 2539 385 2568 De
411 2538 531 2568 Ultimo
555 2537 697 2577 Judicio,
720 2546 751 2566 n.
773 2545 889 2574 33—39;
918 2540 986 2565 tum
1008 2536 1060 2565 De
1077 2535 1167 2564 Caelo
1188 2538 1220 2564 et
1231 2534 1369 2573 Iry‘erno,
1384 2542 1415 2563 n.
1430 2533 1500 2571 364,
1515 2542 1584 2570 424,
1599 2535 1669 2570 482,
1684 2533 1767 2571 526.)

281 2587 369 2641 Qui
391 2587 498 2628 nihil
521 2587 576 2628 de
597 2600 731 2628 sensu
751 2587 928 2627 interno
946 2585 1087 2626 Verbi
1108 2585 1248 2633 novit,
1271 2583 1360 2632 ille,
1383 2596 1485 2624 cum
1506 2583 1617 2624 haec
1640 2583 1764 2636 legit,

280 2664 372 2692 non
403 2650 534 2691 aliter
564 2650 707 2691 credit
739 2662 872 2703 quam
909 2648 1028 2702 quod
1059 2661 1138 2701 per
1171 2651 1195 2668 ‘⁴
1214 2653 1391 2700 septem
1419 2645 1768 2688 Ecclesias”in-

280 2713 545 2767 telligantur
566 2719 741 2766 septem
764 2711 980 2753 ecclesiae
1002 2725 1115 2765 quae
1138 2711 1427 2751 nominantur
1452 2715 1611 2763 postea
1634 2707 1767 2763 (vers.

285 2775 382 2830 11);
414 2782 485 2816 ast
511 2789 602 2816 non
622 2775 935 2828 intelliguntur
959 2773 1190 2821 ecclesiae,
1218 2773 1297 2813 sed
1327 2785 1485 2814 omnes
1511 2771 1585 2826 qui
1609 2771 1666 2812 ab
1691 2783 1766 2812 ec-

279 2838 417 2880 clesia
442 2845 559 2887 sunt,
587 2838 688 2891 quia
713 2837 953 2891 spiritualis
978 2850 1135 2878 sensus
1162 2835 1303 2876 Verbi
1328 2835 1404 2876 ille
1429 2837 1533 2876 est.'

363 2919 448 2951 21.
486 2913 511 2932 ‘¹
521 2908 565 2949 ln
583 2907 919 2961 adast—Quod
939 2906 1162 2961 significet
1182 2905 1286 2947 illos
1309 2905 1389 2959 qui
1409 2905 1464 2946 ,in
1488 2903 1578 2946 luce
1596 2901 1766 2944 intelli-

276 2971 453 3026 gentiae
482 2984 572 3012 non
603 2976 813 3012 constare
838 2975 990 3023 potest
1018 2968 1198 3011 aliunde
1223 2981 1356 3022 quam
1382 2980 1441 3008 ex
1464 2966 1567 3007 idea
1587 2965 1767 3019 spiritu-
