2060 3476
293 344 373 387 140
703 341 1036 376 APOCALYPSIS
1067 341 1366 376 EXPLICATA.

286 439 333 497 et
361 457 483 511 quod

580 520 685 553 Pater
702 526 737 553 et
755 520 931 552 Dominus
948 530 1059 552 unum
1076 519 1149 552 sint
1165 518 1254 561 (cap.
1270 530 1303 552 x.
1330 527 1383 560 30,
1401 519 1478 559 38);

282 609 402 663 apud
428 609 636 658 eundem,

351 690 462 732 '‘Ego
486 701 564 722 sum
583 691 684 775 ,V(itis,
711 700 777 774 {tos
801 689 1004 732 palmites;.
1019 690 1154 723 ...sine
1180 690 1240 723 Me
1265 700 1337 722 non
1362 690 1513 732 potestis
1537 689 1653 723 facere
1677 690 1775 732 quic-

456 734 579 776 quam’
621 745 678 767 XV.
697 742 714 773 5
733 759 740 766 .

283 829 395 871 Inde
426 835 635 871 constare
676 835 830 884 potest
861 829 982 883 quod
1019 829 1239 871 Dominus
1270 827 1460 882 rejectus
1491 829 1549 870 sit
1590 829 1648 870 ab
1687 828 1774 870 illis

281 893 400 934 intra
432 893 669 934 ecclesiam
701 893 775 947 qui
811 893 1071 934 immediate
1102 893 1271 934 adeunt
1308 893 1503 941 Patrem,
1537 898 1583 934 et
1621 892 1773 946 Ipsum

283 962 415 997 orant
453 963 501 998 ut
538 957 801 997 misereatur
836 962 1020 1010 propter
1053 956 1241 1007 Filium;
1287 956 1332 996 hi
1370 957 1488 996 enim
1521 969 1611 996 non
1643 955 1774 996 aliter

282 1026 472 1072 possunt
504 1033 638 1073 quam
671 1020 874 1072 cogitare
905 1019 962 1060 de
995 1019 1209 1061 Humano
1241 1019 1423 1060 Domini
1457 1020 1571 1060 sicut
1604 1019 1660 1060 de
1691 1019 1772 1060 hu-

283 1095 418 1123 mano
450 1082 560 1123 alius
597 1083 803 1131 hominis,
837 1082 901 1123 ita
937 1095 1027 1123 non
1068 1082 1199 1123 simul
1240 1082 1296 1123 de
1338 1082 1504 1122 Divino
1542 1082 1687 1135 Ipsius
1728 1082 1773 1123 in

285 1144 511 1195 Humano,
532 1146 676 1186 minus
698 1146 754 1186 de
777 1145 942 1186 Divino
969 1145 1114 1199 Ipsius
1136 1144 1375 1198 conjuncto
1399 1145 1613 1186 Humano
1631 1145 1773 1198 Ipsius

282 1209 396 1249 sicut
424 1207 663 1261 conjuncta
689 1216 759 1250 est
786 1210 936 1250 anima
957 1209 1146 1262 corpori,
1171 1209 1418 1250 secundum
1445 1207 1696 1250 doctrinam
1727 1209 1772 1249 in

283 1272 491 1313 universo
524 1271 782 1313 Christiano
814 1273 922 1314 orbe
954 1278 1183 1325 receptam
1219 1270 1444 1325 (videatur
1476 1285 1622 1325 supra,
1650 1285 1691 1312 n.
1725 1282 1775 1312 10

283 1340 330 1375 et
356 1334 444 1388 26).
506 1334 617 1388 Quis
641 1348 826 1389 usquam
849 1336 893 1376 in
917 1335 1173 1376 Christiano
1199 1335 1321 1383 orbe,
1345 1335 1418 1388 qui
1441 1334 1651 1375 Divinum
1676 1334 1770 1375 Do—

283 1399 390 1438 mini
412 1399 634 1451 agnoscst,
655 1398 758 1439 talis
777 1398 872 1439 vult
895 1412 994 1439 esse
1011 1404 1060 1439 ut
1084 1398 1292 1438 Divinum
1313 1397 1455 1451 Ipsius
1478 1403 1617 1450 ponat
1640 1403 1773 1438 extra

285 1460 545 1502 Humanum
579 1461 754 1514 Ipsius?
800 1475 900 1502 cum
928 1467 1081 1502 tamen
1109 1461 1311 1514 cogitare
1343 1461 1399 1501 de
1426 1461 1524 1501 solo
1558 1460 1772 1501 Humano

283 1531 329 1565 et
357 1537 447 1564 non
474 1524 603 1565 simul
636 1525 692 1566 de
719 1524 884 1565 Divino
911 1525 1054 1578 Ipsius
1080 1525 1123 1564 in
1153 1524 1379 1573 Humano,
1407 1530 1477 1564 est
1503 1524 1665 1565 intueri
1695 1523 1773 1564 illa

282 1593 504 1640 separata,
525 1588 644 1640 quod
671 1601 761 1628 non
788 1594 858 1629 est
881 1588 1042 1628 intueri
1066 1587 1323 1636 Dominum,
1349 1600 1430 1627 nec
1458 1592 1695 1640 utrumque
1722 1593 1771 1628 ut
1830 1605 1838 1612 ·

284 1663 415 1690 unam
454 1650 722 1701 Personam;
765 1664 865 1691 cum
907 1657 1060 1691 tamen
1106 1649 1310 1691 doctrina
1346 1651 1390 1690 in
1429 1649 1772 1691 Christianismo

284 1720 466 1766 recepta
502 1714 637 1754 etiam
675 1720 759 1763 est,
793 1714 912 1767 quod
955 1714 1165 1754 Divinum
1203 1720 1248 1754 et
1292 1713 1552 1754 Humanum
1589 1713 1771 1754 Domini
1834 1718 1837 1720 ’

283 1790 372 1818 non
404 1777 492 1817 sint
525 1777 613 1817 duo
645 1777 724 1818 sed
756 1778 886 1817 unica
918 1777 1126 1817 Persona.
1189 1776 1409 1817 Homines
1441 1776 1657 1818 ecclesiae
1688 1777 1770 1818 ho·

284 1839 353 1880 die
379 1839 558 1892 quidem
585 1840 791 1892 cogitant
823 1840 879 1880 de
903 1839 1067 1880 Divino
1094 1839 1275 1880 Domini
1300 1840 1344 1880 in
1372 1839 1586 1880 Humano
1613 1839 1769 1892 Ipsius,
1831 1889 1834 1893 ¹

283 1916 382 1943 cum
421 1917 479 1943 ex
522 1901 726 1944 doctrina
758 1903 977 1944 ecclesiae
1014 1903 1283 1956 loquuntur;
1330 1908 1378 1943 at
1420 1916 1599 1956 prorsus
1640 1902 1771 1943 aliter

283 1966 388 2006 dum
421 1961 640 2019 cogitant
660 1972 705 2007 et
738 1980 890 2006 secum
923 1966 1164 2020 loquuntur
1195 1972 1328 2006 extra
1353 1963 1618 2006 dofflinam.
1679 1964 1769 2006 Sed

282 2029 446 2069 sciatur
471 2030 589 2082 quod
615 2029 727 2070 alius
754 2035 899 2070 status
926 2030 982 2069 sit
1008 2029 1177 2069 homini
1203 2041 1303 2069 cum
1330 2042 1389 2069 ex
1417 2026 1622 2069 doctrina
1645 2029 1769 2082 cogi-

282 2097 350 2132 tat
383 2098 429 2132 et
467 2092 674 2145 loquitur,
703 2098 749 2132 et
786 2092 896 2132 alius
929 2105 1029 2132 cum
1062 2098 1195 2132 extra
1226 2089 1491 2132 doctrinam.
1567 2091 1686 2131 Dum
1709 2105 1768 2132 ex

282 2152 487 2195 doctrina
524 2155 699 2208 cogitat
736 2161 782 2196 et
821 2154 1029 2208 loquitur,
1063 2160 1169 2195 tunc
1208 2168 1266 2195 ex
1308 2154 1522 2195 memoria
1553 2154 1770 2195 naturalis

282 2218 347 2258 sui
378 2218 570 2258 hominis
602 2219 776 2271 cogitat
808 2225 854 2258 et
887 2217 1107 2271 loquitur;
1140 2223 1187 2258 at
1214 2231 1313 2258 cum
1341 2224 1474 2258 extra
1500 2216 1767 2266 doctrinam,

282 2288 389 2321 tunc
417 2295 475 2321 ex
503 2282 659 2334 spiritu
685 2295 790 2332 su03
825 2295 928 2322 nam
955 2296 1014 2322 ex
1041 2282 1197 2335 spiritu
1224 2282 1426 2334 cogitare
1454 2287 1499 2322 et
1532 2281 1666 2335 loqui,
1700 2288 1770 2323 est

283 2359 340 2385 ex
364 2345 646 2385 interioribus
670 2346 834 2386 mentis
861 2359 980 2393 suae,
1005 2345 1123 2385 unde
1149 2351 1219 2385 est
1245 2345 1341 2398 ipsa
1366 2345 1476 2386 fides
1502 2344 1606 2398 ejus.
1669 2345 1769 2387 Ho-

282 2408 412 2448 minis
443 2409 589 2448 'etiam
629 2415 775 2453 status
816 2414 919 2462 post
961 2415 1154 2449 mortem
1195 2407 1244 2449 fit
1283 2408 1425 2462 qualis
1459 2408 1551 2461 ejus
1589 2409 1769 2462 spiritus

282 2472 503 2524 cogitatio
534 2468 580 2511 et
618 2471 798 2524 loquela
830 2485 981 2511 secum
1012 2471 1092 2512 fuit
1130 2477 1263 2512 extra
1299 2469 1563 2520 doctrinam,
1591 2478 1638 2512 et
1678 2484 1768 2512 non

283 2534 426 2587 qualis
448 2533 540 2586 ejus
562 2534 780 2586 cogitatio
803 2540 848 2575 et
873 2533 1052 2587 loquela
1073 2534 1152 2574 fuit
1176 2548 1234 2574 ex
1253 2532 1469 2582 doctrina,
1489 2534 1524 2574 si
1547 2547 1636 2574 non
1658 2534 1768 2575 haec

284 2610 372 2637 una
397 2597 525 2637 fuerit
552 2610 652 2637 cum
678 2597 766 2637 illa.
829 2596 964 2649 Quod
990 2597 1080 2637 bini
1106 2603 1252 2638 status
1274 2597 1443 2637 homini
1465 2597 1612 2650 quoad
1635 2595 1768 2638 fidem

283 2667 330 2701 et
361 2673 559 2700 amorem
591 2661 694 2708 sint,
728 2674 838 2700 unus
870 2661 975 2700 dum
1013 2661 1056 2700 in
1090 2658 1294 2700 doctrina
1325 2666 1395 2700 est
1435 2666 1482 2700 et
1522 2659 1638 2700 alter
1668 2673 1768 2701 cum

283 2729 418 2764 extra
448 2720 712 2771 doctrinam,
738 2729 784 2762 at
810 2723 930 2776 quod
963 2729 1108 2763 status
1134 2722 1225 2775 ejus
1252 2722 1353 2763 fidei
1379 2728 1425 2763 et
1451 2723 1614 2763 amoris
1636 2729 1769 2763 extra

283 2784 533 2826 doctrinam
559 2784 703 2825 salvet
730 2785 867 2834 illum,
892 2792 938 2826 et
965 2799 1054 2830 non
1082 2792 1228 2826 status
1250 2785 1341 2838 ejus
1368 2785 1574 2839 loquelae
1599 2785 1655 2826 de
1680 2784 1768 2826 fide

284 2855 330 2889 et
362 2862 512 2889 amore
544 2861 644 2888 cum
676 2862 734 2888 ex
767 2847 970 2889 doctrina
1001 2849 1084 2889 nisi
1115 2849 1184 2889 hic
1212 2862 1347 2889 unum
1378 2848 1511 2889 faciat
1543 2861 1643 2889 cum
1674 2848 1764 2898 illo,
1831 2847 1835 2852 ’

283 2912 421 2952 homo
447 2911 617 2962 nescit;
650 2924 750 2952 cum
774 2918 925 2952 tamen
954 2912 1154 2964 cogitare
1176 2918 1222 2952 et
1249 2911 1370 2965 loqui
1396 2925 1454 2952 ex
1481 2909 1684 2952 doctrina
1711 2911 1766 2951 de

284 2973 370 3014 fide
397 2981 442 3015 et
468 2987 620 3015 amore
646 2981 715 3015 est
743 2974 862 3028 loqui
895 2988 952 3015 ex
981 2974 1172 3015 naturali
1198 2975 1379 3016 homine
1405 2981 1450 3016 et
1478 2974 1569 3028 ejus
1596 2987 1766 3015 memo-
