2060 3476
625 352 731 387 CAP.
755 351 841 395 111.,
866 351 1005 387 vERs.
1034 345 1203 387 18.—N.
1227 343 1387 399 242[c].
1676 346 1756 399 383

231 478 236 488 ’
264 473 334 509 est
354 467 549 519 bonum;
581 468 749 509 bonum
772 467 890 508 enim
908 467 1014 508 dum
1037 467 1194 508 existit
1217 467 1260 508 in
1279 468 1428 521 specie
1451 481 1529 508 seu
1550 467 1593 508 in
1616 467 1758 508 forma

264 538 334 572 est
356 544 536 572 verum:
569 531 633 572 ita
654 524 850 572 charitas
871 537 942 572 est
964 530 1088 579 fides,
1112 544 1217 571 nam
1241 531 1409 572 bonum
1432 537 1501 572 est
1524 530 1758 572 charitatis

263 601 310 635 et
335 607 489 635 verum
521 600 591 635 est
622 593 750 645 fidei;
782 607 918 634 unum
943 594 1081 634 etiam
1110 600 1233 635 amat
1265 594 1458 635 alterurn
1490 600 1535 634 et
1568 607 1616 635 se
1647 607 1757 635 con·

262 657 408 711 jungit
439 657 568 698 alteri
586 671 596 708 ;
637 670 774 710 quare
805 670 896 697 non
928 657 1060 697 datur
1090 670 1227 697 unum
1264 658 1347 698 nisi
1384 657 1514 697 simul
1551 657 1756 698 alterum.

265 721 547 761 Illustratum
570 726 639 761 est
661 720 746 762 hoc
772 734 851 774 per
872 720 1065 762 hominis
1087 721 1414 774 cogitationem
1437 734 1550 774 quae
1573 720 1664 773 ejus
1689 721 1757 760 in-

264 782 488 832 tellectus,
512 790 558 824 et
587 797 666 837 per
686 782 969 824 affeffionem
994 797 1108 836 quae
1130 783 1222 836 ejus
1243 783 1520 824 voluntatis:
1555 784 1758 836 cogitare

263 847 431 900 absque
457 845 693 887 affe&ione
725 853 794 887 est
825 846 1112 900 impossibile,
1140 847 1236 900 ipsa
1266 847 1385 887 enim
1411 847 1608 887 essentia
1633 847 1757 899 cogi-

263 911 450 950 tationis
467 916 537 950 est
555 908 730 950 affectio
748 923 826 951 seu
843 923 968 950 amor
986 924 995 960 ;
1028 910 1230 963 cogitare
1247 899 1427 964 quider'n
1449 916 1603 963 potest
1620 909 1759 950 homo

264 974 415 1013 omnia
436 973 512 1013 illa
534 987 647 1026 quae
669 973 754 1014 scit
776 987 835 1013 ex
858 971 1062 1014 doctrina
1083 972 1315 1022 ecclesiae,
1340 973 1419 1014 sed
1441 987 1500 1014 ex
1523 971 1758 1014 affectione

264 1033 470 1084 naturali,
493 1049 607 1089 quae
629 1042 699 1076 est
722 1035 898 1077 affefflo
923 1050 1000 1076 seu
1023 1049 1148 1076 amor
1170 1035 1354 1089 gloriae,
1377 1035 1535 1085 famae,
1559 1036 1756 1084 honoria

264 1098 398 1149 lucri;
431 1098 510 1139 sed
532 1098 643 1139 haec
666 1094 955 1139 affeffio'non
977 1099 1082 1139 facit
1105 1105 1153 1140 ut
1176 1100 1396 1152 cogitatio
1419 1100 1476 1140 sit
1499 1098 1756 1152 spiritualis,

264 1175 418 1202 verum
443 1162 527 1202 erit
554 1161 749 1202 charitas
775 1175 889 1215 quae
919 1168 988 1202 est
1020 1163 1115 1215 ipsa
1146 1161 1322 1203 affectio
1348 1162 1613 1216 spiritualis:
1646 1162 1758 1203 haec

264 1238 365 1265 cum
391 1239 439 1266 se
471 1224 703 1278 conjungit
729 1225 1078 1278 cognitionibus,
1106 1224 1155 1266 fit
1186 1225 1310 1274 fides,
1339 1232 1385 1266 et
1411 1225 1514 1266 dein
1540 1232 1758 1279 quantum

264 1289 402 1330 homo
432 1290 476 1329 in
512 1288 590 1328 illa
620 1286 856 1329 affectione
891 1294 961 1333 est
993 1294 1173 1329 tantum
1200 1288 1329 1330 ‘videt
1367 1290 1647 1342 cogitatione
1683 1288 1760 1329 illa

263 1366 378 1406 quae
409 1357 513 1392 sunt
545 1350 647 1392 fidei
679 1350 785 1403 ejus,
813 1365 926 1404 quae
952 1358 1173 1392 vocantur
1201 1366 1320 1400 vera,
1349 1358 1396 1393 et
1427 1353 1635 1405 agnoscit
1666 1351 1756 1400 illa,

263 1416 365 1469 quia
387 1421 490 1455 sunt
513 1428 572 1455 ex
594 1415 692 1467 ipso
710 1415 867 1468 spiritu
889 1414 995 1467 ejus,
1014 1415 1079 1455 ita
1101 1428 1160 1455 ex
1183 1415 1278 1468 ipsa
1294 1415 1388 1455 vita
1411 1414 1628 1468 spirituali
1651 1414 1758 1467 ejus.

266 1479 367 1519 Hoc
399 1491 576 1532 quoque
613 1484 683 1518 est
715 1477 836 1531 quod
867 1484 1057 1518 vocatur
1088 1477 1357 1528 illustratio;
1399 1478 1505 1518 inde
1537 1484 1606 1518 est
1638 1477 1758 1531 quod

265 1555 398 1582 nemo
424 1541 636 1582 illustrari
668 1541 810 1594 possit
837 1554 896 1581 ex
924 1540 1080 1581 Verbo
1106 1541 1188 1581 nisi
1218 1541 1263 1580 in
1289 1539 1525 1581 affectione
1550 1540 1643 1581 veri
1669 1540 1759 1593 spi-

264 1605 411 1646 rituali
437 1605 507 1645 sit.
569 1605 715 1645 Datur
736 1604 915 1658 quidem
939 1604 1082 1645 simile
1103 1604 1392 1645 illustrationi
1418 1604 1536 1658 apud
1562 1604 1664 1645 illos
1686 1604 1759 1657 qui

263 1681 311 1708 se
343 1667 721 1708 confirmaverunt
758 1668 801 1707 in
833 1667 998 1707 talibus
1029 1681 1143 1720 quae
1174 1673 1278 1708 sunt
1311 1666 1543 1708 doctrinae
1575 1667 1631 1708 de
1663 1666 1760 1707 sola

264 1731 350 1772 fide
381 1738 428 1772 et
460 1730 517 1771 de
543 1729 861 1783 justificatione
898 1744 976 1783 per
1006 1730 1157 1781 illam;
1200 1730 1387 1785 sed-illa
1417 1730 1659 1771 illustratio
1690 1736 1760 1771 est

263 1794 506 1834 illustratio
531 1794 667 1841 fatua,
691 1794 903 1846 quoniam
929 1800 1118 1846 possunt
1143 1793 1254 1834 salsa
1276 1807 1417 1847 aeque
1443 1807 1494 1834 ac
1518 1807 1625 1834 vera
1650 1806 1759 1834 con-

263 1856 440 1905 firmari,
457 1858 570 1897 sicut
586 1870 744 1897 omnes
761 1856 970 1897 haereses
985 1862 1079 1897 tam
1094 1871 1208 1910 quae
1222 1863 1417 1910 regnant
1433 1857 1550 1910 apud
1563 1857 1760 1910 Judaeos

263 1934 398 1975 quam
421 1934 534 1974 quae
560 1919 679 1973 apud
707 1919 990 1970 Pontificios;
1023 1921 1160 1960 etiam
1183 1920 1337 1960 similis
1365 1920 1442 1960 lux
1470 1927 1574 1974 post
1598 1919 1759 1962 confir-

263 1985 487 2024 mationes
510 1984 641 2024 datur
663 1982 781 2036 apud
807 1982 908 2023 illos
931 1984 1005 2036 qui
1027 1983 1322 2024 naturalistae
1344 1990 1578 2032 vocantur,
1603 1997 1653 2024 ac
1680 1997 1760 2024 ne-

262 2053 375 2100 gant
396 2047 542 2087 Deum
559 2052 606 2086 et
625 2045 836 2086 Divinum
855 2045 1009 2094 Verbi,
1029 2052 1074 2086 et
1093 2052 1330 2099 praeterea
1347 2048 1497 2087 omnia
1514 2047 1731 2088 ecclesiae
1750 2061 1759 2097 ;

263 2109 466 2150 similiter
491 2109 608 2162 apud
640 2108 740 2149 illos
766 2109 839 2162 qui
871 2108 1192 2150 confirmarunt
1222 2110 1341 2162 apud
1374 2124 1421 2150 se
1448 2110 1592 2151 solam
1623 2109 1759 2151 fidem

262 2178 309 2213 et
327 2172 703 2225 justificationem
725 2186 805 2226 per
825 2172 966 2213 illam.
1026 2183 1139 2221 (Quod
1152 2184 1208 2213 lux
1221 2184 1470 2214 confirmationis
1482 2185 1520 2214 sit
1531 2185 1587 2214 lux
1598 2186 1760 2220 naturalis,

262 2246 328 2265 non
342 2237 519 2274 spiritualis,
535 2237 646 2266 dabilis
661 2237 755 2266 etiam
770 2238 858 2274 apud
872 2238 983 2271 malos,
998 2237 1144 2274 videatur
1158 2247 1190 2267 n.
1206 2237 1310 2276 8780.)

351 2297 432 2351 [6.]
477 2297 566 2339 Sed
592 2298 827 2339 redeamus
854 2299 910 2338 ad
942 2298 1076 2339 fidem
1103 2313 1216 2352 quae
1242 2300 1391 2353 quoad
1418 2301 1662 2341 essentiam
1689 2309 1759 2342 est

263 2360 470 2414 charitas.
532 2361 616 2402 Illa
644 2361 754 2402 fides
775 2361 941 2414 jugiter
966 2361 1193 2415 perficitur
1219 2376 1298 2416 per
1323 2363 1431 2403 talia
1456 2377 1571 2417 quae
1598 2364 1760 2405 confir-

263 2431 404 2472 mant,
430 2438 534 2465 nam
567 2438 743 2478 semper
774 2439 832 2465 ex
865 2425 963 2466 luce
995 2425 1211 2478 spirituali
1242 2426 1453 2467 videntur
1482 2441 1587 2467 vera
1618 2427 1758 2480 plura,

263 2494 309 2528 et
335 2488 446 2528 haec
473 2488 624 2528 omnia
648 2502 695 2528 se
722 2488 1001 2541 conjungunt
1030 2489 1151 2529 bono
1179 2489 1412 2530 charitatis
1438 2497 1484 2531 et
1511 2491 1554 2530 id
1586 2491 1760 2544 perfici-

264 2557 344 2591 unt
363 2565 371 2601 ;
404 2550 507 2591 inde
531 2550 702 2591 homini
724 2556 793 2591 est
815 2551 1119 2604 intelligentia
1141 2558 1187 2592 et
1211 2553 1444 2605 sapientia,
1469 2553 1656 2594 tandem
1679 2568 1759 2595 an-

262 2613 422 2666 gelica.
483 2613 721 2653 Praeterea
742 2613 804 2653 illi
826 2614 900 2666 qui
922 2613 1066 2654 solum
1089 2615 1132 2654 in
1156 2615 1490 2667 cognitionibus
1513 2616 1616 2657 fidei
1638 2624 1757 2666 sunt,

263 2683 310 2717 et
342 2689 432 2716 non
464 2677 508 2716 in
540 2677 635 2716 vita
665 2677 911 2716 secundum
942 2676 1056 2725 illas,
1088 2677 1278 2718 credunt
1310 2678 1429 2731 quod
1461 2679 1599 2720 homo
1630 2680 1759 2720 facile

263 2740 406 2793 possit
429 2739 626 2792 recipere
648 2737 797 2787 fidem,
821 2739 856 2779 si
878 2752 968 2779 non
991 2740 1034 2779 in
1057 2739 1226 2780 mundo
1248 2754 1387 2793 usque
1408 2742 1451 2781 in
1475 2741 1618 2782 altera
1639 2742 1758 2792 vita;
1805 2768 1809 2769 ν

263 2802 468 2842 dicentes
494 2814 659 2850 secum,
690 2800 900 2842 “Annon
926 2815 1027 2842 cum
1054 2803 1186 2843 audio
1212 2810 1258 2844 et
1283 2804 1415 2844 video
1441 2804 1561 2857 quod
1593 2805 1657 2845 ita
1684 2805 1756 2854 sit,

263 2878 447 2918 possum
471 2864 652 2905 credere
667 2864 705 2904 ?'’
765 2863 853 2905 Sed
880 2866 1079 2906 maxime
1104 2865 1331 2915 falluntur,
1350 2880 1454 2907 nam
1481 2867 1542 2907 illi
1569 2868 1642 2920 qui
1666 2881 1756 2908 non

265 2927 400 2968 fidem
419 2927 694 2981 spiritualem
712 2934 978 2981 receperunt
995 2929 1039 2969 in
1057 2930 1240 2979 mundo,
1256 2936 1431 2983 postea,
1448 2931 1482 2970 si
1501 2930 1660 2970 millies
1679 2938 1767 2983 auf*

263 2990 454 3031 diverint
481 2996 527 3032 et
554 2991 759 3040 viderint,
787 3004 1006 3045 nusquam
1039 2999 1228 3045 possunt
1254 2994 1478 3046 recipere;
1522 3006 1657 3034 causa
1683 2998 1755 3034 est
