2060 3476
713 376 819 413 CA'P.
843 379 921 420 1v.,
945 379 1084 411 VE'Rs.
1114 378 1283 410 1o.—N.
1307 379 1401 423 291.
1721 367 1803 421 485

310 494 423 535 caeli
461 500 507 535 et
543 493 761 534 ecclesiae
801 491 877 546 (de
914 505 1001 546 qua
1038 505 1148 533 mox
1186 505 1332 544 supra,
1370 504 1412 531 n.
1440 491 1556 544 289).
1629 490 1682 530 In
1718 489 1804 530 hoc

309 571 440 599 versu
467 564 514 599 et
545 558 590 598 in
616 557 907 610 sequentibus
938 555 1065 608 hujus
1092 555 1252 608 capitis
1284 555 1433 607 agitur
1458 554 1514 595 de
1546 554 1807 607 receptione

310 621 459 662 Divini
482 621 590 662 Veri
615 626 661 661 et
691 620 841 661 Divini
861 619 974 660 Boni
996 619 1053 659 ab
1074 618 1251 671 angelis
1274 618 1386 658 caeli
1404 624 1450 658 et
1469 618 1526 658 ab
1550 617 1806 658 hominibus

309 683 552 734 ecclesiae3
599 685 643 724 in
687 697 796 724 mox
839 682 1142 737 praecedente
1183 687 1336 722 autem
1376 695 1521 729 versu,
1560 680 1709 733 agitur
1749 679 1806 720 de

310 746 506 787 Domino
528 746 649 800 quod
674 747 731 787 ab
758 746 863 800 Ipso
888 745 1100 786 Divinum
1123 744 1294 785 Verum
1317 750 1363 784 et
1387 743 1600 783 Divinum
1629 742 1805 783 Bonum

309 810 552 862 procedat;
594 810 679 851 hoc
717 808 995 863 significatur
1031 821 1111 862 per
1145 807 1265 861 quod
1299 806 1567 847 “Animalia
1599 806 1806 848 dederint

309 872 499 925 gloriam
525 879 571 914 et
603 873 821 914 honorem
853 878 899 913 et
931 872 1178 925 gratiarum
1203 868 1430 911 actionem
1456 869 1644 910 Sedenti
1676 883 1807 922 super

309 935 489 984 throno,
517 942 562 976 et
589 935 777 976 Viventi
799 936 843 975 in
866 933 1046 975 saecula
1067 933 1349 975 saeculorum
1362 932 1380 948 ''
1407 931 1633 986 (videatur
1658 946 1805 985 supra,

310 1011 351 1038 n.
380 997 497 1051 288[‚
521 997 645 1052 289])
665 1012 674 1049 ;
707 1011 758 1039 ac
781 997 906 1046 illud,
935 1011 1099 1051 nempe
1121 997 1324 1050 receptio
1346 1001 1392 1038 et
1415 996 1602 1048 agnitio,
1632 995 1804 1048 signifi·-

309 1066 435 1102 catur
460 1075 538 1115 per
564 1061 684 1115 quod
708 1061 944 1101 “seniores
970 1060 1244 1120 prociderint
1270 1072 1421 1100 coram
1448 1058 1649 1099 Sedente
1674 1072 1806 1111 super

308 1123 487 1173 throno,
520 1130 566 1165 et
598 1124 886 1165 adoraverint
913 1124 1159 1164 Viventem
1190 1123 1235 1163 in
1261 1121 1442 1163 saecula
1471 1121 1753 1162 saeculorum
1772 1121 1806 1172 ;''

308 1200 386 1240 per
421 1187 693 1241 “procidere
706 1186 725 1202 ”
756 1187 876 1228 enim
913 1186 1190 1240 significatur
1225 1185 1492 1234 humiliatio,
1525 1186 1726 1238 receptio
1758 1191 1806 1226 et

308 1251 496 1303 agnitio,
524 1256 571 1291 et
602 1263 681 1303 per
709 1250 909 1303 “viginti
941 1255 987 1290 et
1019 1255 1211 1303 quatuor
1236 1248 1465 1290 seniores‘’
1497 1248 1807 1301 significantur

309 1326 465 1354 omnes
497 1314 570 1367 qui
601 1314 646 1354 in
676 1327 784 1354 vero
817 1327 876 1354 ex
913 1313 1034 1354 bono
1066 1319 1170 1353 sunt
1207 1319 1301 1353 tam
1342 1313 1386 1352 in
1423 1311 1560 1352 caelis
1592 1324 1726 1365 quam
1759 1313 1803 1352 in

308 1376 450 1416 terris.
512 1375 753 1417 Sciendum
779 1382 850 1417 est
876 1376 997 1430 quod
1023 1376 1224 1429 receptio
1250 1375 1401 1415 Divini
1427 1375 1537 1415 Veri
1568 1388 1619 1415 ac
1653 1374 1807 1415 Divini

309 1437 436 1487 Boni,
449 1444 496 1480 et
510 1439 682 1492 agnitio
697 1439 833 1480 corde
848 1439 968 1492 quod
982 1452 1008 1479 a
1022 1438 1221 1479 Domino
1235 1438 1386 1479 omnia
1399 1437 1512 1479 caeli
1526 1443 1572 1478 et
1587 1437 1806 1479 ecclesiae

309 1503 398 1544 sint
424 1516 475 1544 ac
502 1503 596 1544 vita
621 1509 820 1551 aeterna,
848 1502 994 1543 solum
1020 1503 1152 1542 detur
1173 1502 1291 1554 apud
1317 1501 1419 1542 illos
1445 1502 1518 1555 qui
1543 1502 1588 1541 in
1612 1515 1719 1542 vero
1746 1515 1805 1542 ex

307 1566 429 1606 bono
455 1572 586 1616 sunt3
619 1578 755 1617 causa
781 1571 866 1615 est,
892 1565 996 1619 quia
1026 1564 1090 1605 illi
1115 1563 1199 1605 soli
1229 1565 1273 1605 in
1300 1578 1453 1605 amore
1485 1570 1532 1605 et
1563 1563 1651 1605 fide
1683 1571 1803 1612 sunt,

308 1635 354 1669 et
376 1629 450 1682 qui
472 1629 516 1669 in
539 1629 607 1669 his
629 1634 734 1669 sunt
756 1628 819 1669 illi
836 1626 1062 1681 conjuncti
1083 1634 1189 1668 sunt
1212 1627 1411 1668 Domino
1433 1627 1583 1681 quoad
1606 1628 1803 1668 animam

315 1697 362 1732 et
387 1692 536 1745 quoad
562 1704 663 1732 cor:
697 1692 741 1732 in
763 1691 874 1732 haec
900 1691 1043 1732 influit
1069 1691 1304 1740 Dominus,
1332 1697 1378 1732 et
1405 1704 1497 1732 non
1523 1691 1567 1731 in
1593 1690 1671 1731 illa
1692 1705 1805 1744 quae

308 1755 446 1796 modo
472 1761 575 1796 sunt
599 1768 659 1795 ex
682 1754 898 1796 memoria
919 1761 965 1796 et
991 1755 1094 1795 inde
1117 1754 1322 1807 loquela;
1355 1755 1571 1795 memoria
1593 1755 1711 1796 enim
1735 1762 1805 1795 est

307 1818 444 1859 modo
469 1818 683 1859 introitus
707 1817 765 1858 ad
796 1818 1040 1866 hominem,
1068 1823 1115 1858 et
1141 1818 1255 1858 sicut
1282 1818 1444 1858 atrium
1477 1831 1555 1870 per
1586 1818 1705 1870 quod
1737 1819 1804 1858 in·

309 1888 480 1933 tratur3
522 1887 592 1922 est
634 1881 749 1922 sicut
785 1880 1060 1921 ventriculus
1096 1881 1412 1921 ruminatorius
1453 1881 1572 1934 apud
1613 1895 1721 1922 aves
1758 1889 1804 1922 et

306 1945 488 1994 bestias,
521 1944 591 1985 cui
622 1944 760 1985 etiam
792 1945 1009 1985 memoria
1039 1943 1157 1997 apud
1189 1943 1418 1984 hominem
1450 1945 1802 1997 correspondet:

306 2010 350 2050 in
381 2008 566 2050 homine
597 2014 702 2049 sunt
736 2021 849 2061 quae
875 2008 919 2047 in
951 2007 1044 2060 ejus
1075 2006 1314 2048 voluntate
1341 2013 1387 2048 et
1419 2007 1524 2048 inde
1551 2007 1802 2058 intellectu,

306 2086 384 2114 seu
401 2071 520 2126 quod
537 2071 671 2120 idem,
691 2071 811 2124 quod
829 2071 873 2111 in
891 2070 983 2123 ejus
1000 2083 1153 2111 amore
1171 2077 1218 2111 et
1235 2070 1339 2111 inde
1357 2069 1457 2111 fide.
1507 2070 1610 2112 Sive
1629 2072 1806 2114 dicatur

307 2136 364 2176 de
389 2135 571 2176 homine
595 2134 716 2188 quod
742 2134 800 2175 sit
826 2134 870 2174 in
895 2134 1017 2175 bono
1042 2140 1088 2175 et
1114 2148 1236 2183 vero,
1261 2134 1355 2174 sive
1378 2134 1423 2174 in
1449 2147 1602 2175 amore
1628 2142 1674 2176 et
1700 2135 1803 2185 fide,

305 2198 424 2239 idem
463 2203 559 2248 est;
611 2197 826 2250 quoniam
872 2210 1007 2238 omne
1043 2197 1212 2238 bonum
1258 2203 1328 2238 est
1366 2198 1546 2246 amoris,
1585 2204 1632 2240 et
1669 2212 1804 2240 omne

305 2272 459 2303 verum
485 2266 554 2301 est
579 2259 694 2301 fidei.

384 2320 510 2379 291.
549 2326 636 2366 “Et
666 2325 900 2366 ador-abant
933 2325 1130 2367 Viventem
1164 2326 1204 2366 in
1236 2327 1411 2367 saecula
1444 2328 1805 2368 saeculorum,''-

309 2386 444 2440 Quod
476 2386 700 2440 significet
730 2387 1079 2428 humiliationem
1109 2394 1151 2428 et
1186 2395 1286 2429 tunc
1321 2388 1590 2441 agnitionem
1626 2390 1746 2443 quod
1777 2405 1805 2431 a

304 2450 492 2491 Domino
516 2450 612 2490 vita
643 2456 835 2500 aeterna,
863 2456 1047 2492 constat
1079 2465 1138 2492 ex
1171 2450 1503 2504 significatione
1530 2453 1804 2506 “procidere

306 2520 354 2555 et
379 2512 606 2563 adorare‚’'
632 2513 751 2566 quod
779 2514 836 2554 sit
867 2513 1120 2555 humiliatio
1147 2520 1193 2555 et
1226 2521 1335 2556 tunc
1362 2516 1535 2568 agnitio
1560 2516 1724 2567 corde;
1757 2523 1803 2558 et

306 2591 366 2618 ex
397 2576 726 2630 significatione
761 2576 1012 2617 “Viventis
1044 2578 1088 2617 in
1121 2578 1303 2618 saecula
1335 2578 1656 2628 saeculorum,'’
1684 2580 1803 2632 quod

306 2641 363 2681 sit
389 2639 509 2693 quod
532 2653 558 2680 a
580 2639 778 2680 Domino
800 2640 895 2681 vita
917 2646 1103 2681 aeterna
1124 2639 1200 2694 (de
1221 2654 1308 2695 qua
1330 2655 1439 2682 mox
1458 2655 1604 2695 supra,
1624 2656 1665 2683 n.
1684 2642 1801 2696 289).

308 2703 576 2744 Humiliatio
607 2709 654 2743 et
691 2709 805 2745 tunc.
837 2704 1011 2756 agnitio
1037 2704 1173 2744 corde
1210 2704 1385 2754 dicitur,
1420 2719 1583 2758 nempe
1620 2707 1740 2759 quod
1777 2720 1803 2746 a

308 2767 508 2808 Domino
540 2767 764 2809 sitomne
795 2766 963 2807 bonum
995 2773 1042 2807 et
1075 2780 1209 2808 omne
1240 2782 1408 2817 verum,
1443 2775 1489 2810 et
1520 2769 1623 2809 inde
1657 2770 1802 2810 omnis

305 2830 621 2883 intelligentia,
642 2830 862 2883 sapientia
883 2836 930 2870 et
951 2830 1167 2881 felicitas;
1204 2830 1332 2884 [haec
1352 2833 1470 2873 enim
1494 2831 1684 2885 agnitio]
1712 2846 1801 2872 non

305 2894 436 2934 datur
453 2893 570 2947 apud
589 2893 783 2947 aliquem
802 2894 883 2934 nisi
901 2893 1007 2944 dum
1034 2894 1077 2934 in
1105 2894 1414 2936 humiliatione
1441 2902 1538 2946 est;
1573 2909 1674 2935 nam
1699 2909 1800 2935 cum

305 2957 348 2997 in
380 2957 692 2998 humiliatione
724 2963 808 3005 est,
842 2963 950 2998 tunc
983 2964 1183 2998 remotus
1214 2965 1283 2999 est
1320 2972 1346 2998 a
1378 2972 1457 2999 suo
1498 2959 1700 3011 proprio;
1751 2965 1798 3005 et

305 3020 529 3073 proprium
566 3020 758 3061 hominis
796 3034 884 3061 non
923 3021 1159 3074 quicquam
1197 3021 1302 3062 boni
1335 3028 1381 3062 et
1415 3022 1506 3062 veri
1543 3035 1569 3061 a
1601 3021 1798 3062 Domino
