2060 3476
287 320 373 371 408
704 328 1036 362 APOCALrPsffi
1067 329 1368 363 EXPLICATA.

290 454 428 496 usque
459 441 517 483 ad
547 440 682 483 finem
714 443 834 484 vitae
868 442 944 497 (de
975 455 1063 498 qua
1092 457 1240 498 supra,
1268 457 1311 486 n.
1342 442 1469 497 128);
1501 442 1572 484 hic
1597 456 1706 484 vero
1734 442 1780 484 in

289 510 414 546 statu
444 503 547 545 fidei
578 518 638 546 ex
668 505 907 556 charitate,
935 507 1038 560 quia
1068 507 1125 548 de
1155 507 1234 548 illa
1264 507 1440 566 agityur3
1475 505 1616 560 (quod
1644 505 1780 546 “vin-

289 580 391 609 cere
402 567 422 583 ”
438 567 483 609 id
505 567 744 622 significet,
767 575 839 611 est
860 570 964 623 quia
985 569 1138 619 homo,
1162 570 1376 623 quamdiu
1397 569 1508 610 vivit
1529 569 1575 610 in
1596 568 1780 617 mundo,

288 630 333 671 in
365 644 518 684 pugna
544 637 615 672 est
640 638 801 674 contra
827 632 947 674 mala
977 639 1024 674 et
1055 633 1160 674 inde
1191 633 1304 674 falsa
1329 646 1444 687 quae
1474 632 1594 686 apud
1625 631 1781 682 illum3

290 700 337 736 et
358 694 432 748 qui
457 695 501 735 in
528 708 680 748 pugna
701 701 772 737 est
794 702 841 738 et
867 702 1105 750 permanet
1130 697 1175 737 in
1195 696 1283 738 fide
1305 696 1541 738 charitatis
1563 708 1702 749 usque
1724 694 1782 736 ad

290 756 425 799 finem
451 758 586 807 vitae,
614 758 650 799 is
676 759 845 810 vincit;
877 765 924 801 et
949 759 1023 813 qui
1054 760 1099 801 in
1130 759 1300 800 mundo
1330 759 1471 800 vincit
1501 759 1538 800 is
1566 759 1708 800 vincit
1738 758 1783 800 in

291 826 541 870 aeternum,
557 821 771 875 quoniam
789 821 928 863 homo
945 828 1049 875 post
1063 828 1259 863 mortem
1276 821 1381 863 talis
1398 828 1469 864 est
1483 821 1627 876 qualis
1640 821 1784 863 suerat

281 883 440 937 quoad
461 883 603 925 vitam
630 884 674 924 in
700 884 870 926 mundo
887 884 919 938 ;)
952 890 999 926 et
1021 898 1081 926 ex
1103 883 1436 938 significatione
1461 888 1486 905 “
1502 885 1658 926 sedere
1684 884 1783 926 Me-

292 959 394 987 cum
427 946 471 986 in
504 946 672 988 throno
703 946 846 996 me0,”
877 948 997 1001 quod
1033 948 1091 988 sit
1123 946 1388 1001 conjunstus
1418 962 1519 989 esse
1551 947 1679 989 caelo
1710 948 1784 989 ubi

292 1007 528 1058 Dominus,
557 1023 637 1062 per
660 1010 916 1051 “thronum
927 1010 946 1026 ”
968 1011 1088 1052 enim
1114 1010 1394 1064 significatur
1417 1011 1608 1060 caelum,
1633 1017 1680 1053 et
1706 1024 1786 1065 per

295 1072 493 1113 “sedere
531 1072 712 1113 Mecum
727 1072 746 1088 ”
777 1073 1056 1126 significatur
1087 1087 1175 1115 una
1205 1088 1305 1115 esse
1337 1087 1439 1116 cum
1476 1074 1688 1123 Domino,
1719 1074 1786 1116 ita

292 1133 557 1188 conjun&us
590 1135 693 1190 Ipsi.
755 1136 806 1178 In
834 1136 990 1178 Verbo
1021 1137 1185 1191 pluries
1212 1143 1489 1179 memoratur
1515 1136 1785 1186 “thronus,“”

292 1204 339 1239 et
370 1211 449 1251 per
474 1197 614 1248 illum,
642 1212 744 1240 cum
771 1199 827 1241 de
861 1199 1072 1254 Domino,
1101 1199 1379 1253 significatur
1408 1201 1453 1241 in
1484 1213 1652 1254 genere
1681 1212 1785 1245 cae-

293 1260 400 1310 lum,
438 1261 483 1302 in
524 1262 675 1315 specie
711 1262 889 1304 caelum
930 1263 1175 1317 spirituale,
1215 1270 1262 1304 et
1303 1261 1532 1305 abstracte
1573 1262 1785 1303 Divinum

294 1323 465 1364 Verum
492 1324 746 1378 procedens
771 1339 798 1366 a
824 1325 1037 1375 Domino,
1065 1326 1168 1380 quia
1198 1325 1285 1367 hoc
1313 1326 1420 1367 facit
1447 1325 1648 1376 caelum;
1681 1325 1786 1367 inde

293 1386 463 1428 etiam‘
471 1387 714 1429 ‘”thronus
732 1388 895 1430 dicitur
916 1388 973 1430 de
990 1387 1172 1442 judicio,
1190 1389 1403 1450 quoniam
1422 1401 1555 1430 omne
1572 1359 1786 1442 judicium

293 1449 344 1492 fit
375 1464 435 1492 ex
466 1451 596 1492 veris
658 1449 793 1505 Quod
824 1451 902 1493 illa
933 1465 1012 1506 per
1039 1451 1329 1494 “”thronum
1354 1453 1399 1493 in
1431 1451 1587 1493 Verbo
1617 1450 1786 1505 signifi-

293 1519 468 1618 Zentur,
501 1520 712 1556 constare
743 1520 899 1569 potest
931 1529 991 1557 ex
1023 1515 1316 1569 sequentibus
1347 1514 1416 1556 his
1449 1514 1560 1558 locis
1577 1513 1788 1569 —zApud

338 1590 498 1627 satam,

573 1662 597 1676 ⁴⁴
609 1660 707 1693 Dixit
722 1660 896 1704 Jehovah,
916 1660 1015 1694 Caeli
1031 1661 1182 1694 thronus
1199 1671 1300 1694 meus
1311 1660 1330 1674 '’
1346 1661 1445 1702 (lxvi.
1463 1660 1494 1703 1)
1508 1670 1516 1701 ;

296 1737 415 1792 apud
441 1737 682 1788 Davidem,

438 1813 635 1856 “Jehovah
652 1813 688 1846 in
706 1813 812 1847 caelis
830 1813 984 1846 firmavit
1000 1814 1167 1846 thronum
1186 1823 1289 1846 suum
1301 1813 1319 1826 ''
1335 1813 1481 1855 (Psalm.
1497 1814 1567 1848 ciii.
1585 1813 1658 1860 19)*;

296 1895 414 1950 apud
439 1895 734 1946 Matthaeum,

365 1971 466 2014 “Qui
490 1972 586 2013 jurat
601 1982 664 2013 per
680 1972 829 2009 caelum,
848 1971 943 2013 jurat
966 1982 1030 2014 per
1045 1972 1212 2004 thronum
1238 1971 1317 2011 D'ei,
1334 1977 1451 2014 etper
1468 1971 1590 2013 Ipsum
1608 1972 1666 2013 qui
1689 1972 1791 2004 sedet

470 2026 577 2057 super
593 2015 683 2048 1110
700 2016 810 2057 (xxiii
827 2016 903 2057 22):

297 2108 418 2161 quod
449 2122 528 2163 per
556 2107 842 2149 “”thronum
873 2107 944 2148 hic
977 2106 1255 2161 significetur
1284 2105 1474 2156 caelum,
1507 2112 1651 2162 patet,
1684 2119 1790 2149 nam

297 2171 460 2212 dicitur
490 2171 610 2225 quod
645 2170 801 2212 “caeli
832 2170 1023 2212 thronus
1061 2169 1206 2224 Ipsius
1226 2169 1260 2221 ;''
1305 2168 1540 2211 “firmavit
1576 2169 1621 2210 in
1653 2168 1791 2211 caelis

297 2233 511 2275 thronum
534 2247 661 2275 suum
680 2233 714 2284 ;''
748 2234 859 2288 “qui
880 2233 999 2287 jurat
1023 2247 1101 2287 per
1122 2233 1312 2282 caelum,
1332 2232 1451 2286 jurat
1474 2246 1553 2286 per
1575 2232 1790 2275 thronum

298 2296 434 2338 Dei:”
475 2310 565 2338 non
598 2297 717 2351 quod
752 2296 959 2350 Jehovah
992 2310 1070 2337 seu
1107 2296 1330 2337 Dominus
1366 2295 1425 2336 ibi
1463 2296 1622 2339 sedeat
1659 2309 1792 2350 super

298 2360 479 2410 throno,
502 2360 581 2402 sed
600 2361 703 2415 quia
721 2359 934 2401 Divinum
957 2359 1103 2414 Ipsius
1125 2360 1169 2400 in
1187 2358 1324 2400 caelis
1341 2359 1503 2400 dicitur
1522 2356 1791 2408 “thronus‚⁰’

298 2429 344 2464 et
367 2437 544 2478 quoque
566 2423 837 2478 quandoque
863 2428 1053 2477 apparet
1080 2429 1128 2463 ut
1155 2422 1345 2463 thronus
1367 2421 1458 2467 ,illis
1480 2421 1638 2476 quibus
1661 2434 1790 2477 spec·
1850 2428 1853 2429 ’

298 2493 396 2527 tare
413 2486 547 2527 datur
568 2487 612 2527 in
635 2485 823 2528 caelum.
886 2485 1021 2539 Quod
1045 2486 1266 2529 Dominus
1287 2485 1352 2527 ita
1373 2485 1493 2526 visus
1514 2485 1586 2534 sit,
1606 2490 1791 2537 constat

298 2550 416 2605 apud
442 2549 647 2599 Esaiam,
1029 2563 1032 2566 ⁴

367 2639 482 2672 '‘Vidi
500 2638 694 2670 Dominum
711 2639 896 2675 sedentem
914 2647 1021 2679 super
1033 2638 1164 2673 throno
1179 2633 1254 2698 'alto
1270 2644 1306 2670 et
1317 2637 1428 2676 elato,
1444 2641 1480 2672 et
1490 2637 1656 2673 fimbriae
1671 2635 1791 2678 ipsius

473 2683 663 2723 implentes
681 2682 884 2723 templum”
900 2682 960 2722 (vi.
980 2681 1032 2722 1);

299 2776 445 2830 quod‘
453 2775 676 2817 ‘fimbriae
692 2776 836 2829 Ipsius
853 2775 1139 2829 impleverint
1153 2773 1414 2828 templum,”
1427 2771 1790 2827 significatquod

300 2838 514 2880 Divinum
549 2838 722 2880 Verum
758 2839 1009 2892 procedens
1045 2837 1300 2891 impleverit
1341 2836 1549 2878 ultimum
1589 2835 1703 2881 caeli
1736 2841 1789 2879 zet

300 2901 553 2951 ecclesiam,
570 2915 648 2956 per
664 2904 689 2921 “
701 2900 898 2942 fimbrias
909 2900 929 2916 ‘’
943 2901 1062 2941 enim
1077 2900 1260 2941 Domini
1275 2898 1552 2953 significatur
1563 2898 1609 2939 in
1623 2910 1791 2951 genere

301 2964 514 3006 Divinum
539 2964 711 3007 Verum
739 2964 1006 3018 procedens,
1033 2970 1080 3006 et
1111 2964 1155 3005 in
1181 2964 1330 3017 specie
1361 2962 1472 3004 illud
1499 2962 1545 3002 in
1569 2960 1790 3005 extremis
