2060 3476
278 357 302 387 2
312 356 327 386 1
335 355 360 388 2
686 350 1020 384 APOCALYPSIS
1051 349 1353 383 EXPLICATA.

278 468 365 510 illis
382 482 495 522 quae
518 467 576 508 ibi
599 467 713 508 sicut
736 466 780 507 in
798 480 879 507 suo
897 463 1016 507 lecto
1033 464 1183 506 cubat.
1245 462 1380 517 Quod
1401 460 1611 503 “lectus”
1629 461 1767 516 signi-

277 531 382 573 sicet
414 530 667 572 naturalem
699 529 944 578 hominem,
973 534 1019 569 et
1046 541 1223 582 quoque
1254 525 1521 567 do&rinalia
1548 539 1663 579 quae
1693 525 1768 574 ibi,

277 601 488 635 constare
520 599 673 647 potest
699 585 867 633 alocis
898 592 942 632 in
968 591 1124 632 Verbo
1150 590 1224 630 ubi
1250 589 1522 637 nominatur,
1550 594 1599 629 ut
1627 588 1672 628 in
1698 601 1768 628 se-

278 657 519 712 quentibus
536 655 745 710 :—Apud
766 655 922 704 Amos,

346 747 368 763 ‘¹
380 746 476 778 Sicut
492 745 659 786 eripuerit
683 750 805 785 pastor
821 754 865 776 ex
889 754 950 775 ore
974 743 1088 775 leonis
1105 743 1175 774 duo
1192 751 1294 773 crura
1309 747 1344 773 et
1368 739 1576 781 particulam
1593 740 1700 778 auris,
1719 739 1771 772 sic

452 789 646 830 eripientur
661 789 722 820 filii
749 788 892 820 Israelis
916 788 1118 818 habitantes
1143 786 1179 817 in
1205 785 1365 817 Samaria
1381 784 1417 816 in
1434 784 1567 824 angulo
1583 782 1666 816 lecti
1682 790 1718 816 et
1733 783 1770 815 in

451 833 673 865 extremitate
691 831 880 873 spondae'’
898 831 959 872 (iii.
979 831 1052 870 12),

280 928 421 970 “leo”
443 927 668 982 significat
695 927 948 975 ecclesiam,
977 926 1047 967 hic
1075 925 1176 967 illos
1202 925 1261 966 ibi
1286 925 1359 979 qui
1385 923 1624 966 destruunt
1649 923 1770 965 bona

278 999 325 1033 et
342 1006 474 1043 vera;
511 995 675 1033 “crura
697 998 743 1032 et
766 990 986 1045 particula
1004 989 1149 1030 auris‘'
1167 995 1272 1029 sunt
1295 989 1414 1029 bona
1431 1001 1545 1042 quae
1567 988 1611 1028 in
1635 993 1768 1028 natu-

278 1056 358 1097 rali
381 1055 579 1104 homine,
600 1061 646 1096 et
669 1055 771 1095 inde
794 1054 959 1107 aliquid
982 1052 1346 1107 apperceptionis
1362 1052 1480 1101 veri;
1517 1049 1629 1091 “filii
1652 1050 1769 1091 Isra—

278 1118 360 1160 elis
377 1118 642 1162 habitantes
658 1119 701 1159 in
721 1117 951 1158 Samaria''
970 1123 1073 1157 sunt
1088 1116 1160 1170 qui
1178 1130 1238 1157 ex
1256 1114 1448 1156 ecclesia
1466 1129 1474 1165 ;
1501 1115 1583 1155 “in
1602 1113 1771 1167 angulo

279 1180 384 1224 lecti
406 1188 452 1223 et
475 1182 518 1223 in
542 1182 838 1223 extremitate
862 1180 1104 1234 spondae,‘’
1123 1186 1226 1220 sunt
1249 1179 1322 1232 qui
1344 1178 1387 1218 in
1411 1191 1555 1231 pauco
1578 1176 1771 1218 naturali

279 1245 446 1286 lumine
469 1259 527 1286 ex
552 1244 783 1299 spirituali,
808 1250 854 1285 et
877 1243 979 1284 inde
1002 1244 1045 1284 in
1072 1243 1291 1297 aliquibus
1313 1241 1442 1282 veris.
1503 1240 1641 1294 Apud
1665 1253 1772 1281 eun-

280 1309 400 1358 dem,

349 1399 371 1414 ‘⁸
381 1397 456 1430 Vae
470 1398 604 1430 securis
618 1398 654 1429 in
667 1397 789 1435 Zione‚
807 1403 842 1429 et
854 1396 1114 1428 confidentibus
1129 1395 1164 1427 in
1178 1395 1360 1427 montibus
1374 1393 1553 1427 Samariae
1558 1418 1649 1432 .....
1658 1393 1700 1425 iis
1713 1392 1772 1434 qui

455 1443 585 1473 cubant
602 1451 708 1482 super
725 1439 825 1472 lectis
843 1440 972 1479 eboris,
992 1447 1027 1472 et
1050 1438 1300 1481 [extendentes
1317 1436 1371 1480 se]
1397 1447 1504 1478 super
1519 1437 1667 1478 spondis
1684 1436 1769 1474 suis,

453 1486 632 1526 eduntque
649 1495 762 1525 agnos
780 1485 823 1516 de
839 1494 959 1524 grege,
975 1490 1010 1516 et
1024 1484 1154 1515 vitulos
1171 1493 1190 1514 e
1207 1482 1326 1514 medio
1343 1481 1514 1522 saginarii
1518 1505 1610 1519 .....
1632 1479 1774 1520 excogi-

455 1535 531 1561 tant
548 1529 615 1561 sibi
632 1529 869 1560 instrumenta
885 1534 1020 1566 cantus,
1040 1533 1076 1559 et
1093 1528 1217 1558 bibunt
1234 1536 1278 1558 ex
1293 1526 1437 1567 scyphis
1454 1525 1540 1563 vini,
1556 1530 1592 1556 et
1609 1523 1773 1565 primitiis

455 1573 614 1604 oleorum
632 1582 670 1604 se
687 1578 837 1613 ungunt,
858 1578 893 1604 et
916 1581 1022 1612 super
1038 1569 1282 1603 confracstione
1305 1569 1453 1612 Josephi
1478 1578 1550 1600 non
1575 1568 1775 1599 afficiuntur

454 1617 579 1648 dolore
590 1615 608 1628 ”
625 1616 685 1657 (vi.
705 1625 733 1654 1,
748 1616 826 1656 4—6)
841 1625 848 1655 ;

811 1665 826 1681 0

284 1709 605 1753 “confidentes
627 1710 671 1750 in
690 1710 919 1750 montibus
942 1707 1212 1758 Samariae,”
1230 1714 1334 1748 sunt
1352 1707 1426 1761 qui
1444 1706 1526 1747 sibi
1548 1704 1706 1754 fidunt,
1726 1710 1774 1745 et

282 1789 342 1816 ex
374 1775 552 1828 propria
587 1772 892 1826 intelligentia
923 1770 1150 1813 do&rinas
1182 1770 1458 1821 excludunt;
1505 1767 1774 1810 “Samaria''

282 1844 353 1879 est
379 1837 572 1879 ecclesia
601 1850 811 1890 perversa
837 1835 1106 1889 spiritualis;
1141 1833 1284 1875 “lecti
1310 1833 1456 1875 eboris
1469 1832 1488 1848 ”
1514 1838 1618 1873 sunt
1644 1830 1773 1872 falla-

283 1902 379 1942 ciae
406 1913 616 1942 sensuum
644 1913 776 1954 super
801 1899 959 1954 quibus
984 1899 1195 1940 fundatur
1220 1896 1451 1947 do&rina;
1486 1894 1774 1936 “extendere

283 1978 332 2005 se
353 1978 485 2018 super
503 1963 728 2017 spondis‚’'
747 1969 816 2005 est
840 1963 943 2003 inde
966 1962 1076 2003 falsa
1094 1961 1358 2003 confirmare
1377 1966 1423 2001 et
1446 1958 1746 2012 multiplicare
1763 1971 1773 2008 ;

286 2027 457 2068 “edere
474 2040 619 2079 agnos
638 2026 694 2067 de
716 2039 869 2079 grege,
889 2025 1056 2083 vitulos
1078 2039 1102 2066 e
1125 2025 1274 2065 medio
1297 2023 1520 2077 sagmarii,
1540 2021 1692 2062 bibere
1714 2034 1774 2061 ex

283 2089 465 2143 scyphis
497 2090 600 2137 vini,
630 2095 675 2130 et
709 2102 877 2141 ungere
909 2102 956 2129 se
989 2088 1194 2142 primitiis
1225 2086 1468 2135 oleorum,''
1494 2091 1564 2127 est
1590 2097 1697 2125 vera
1727 2089 1774 2137 et

282 2154 404 2195 bona
425 2152 566 2193 Verbi
588 2166 647 2193 ex
670 2165 803 2192 sensu
825 2151 918 2203 ejus
941 2151 1119 2192 litterae
1142 2150 1310 2198 afferre,
1336 2149 1562 2203 applicare
1585 2154 1632 2190 et
1654 2147 1774 2189 falsi-

283 2216 444 2268 ficare;
480 2219 651 2269 “super
677 2213 981 2256 confraffione
1005 2214 1191 2267 Josephi
1223 2227 1313 2254 non
1338 2213 1455 2254 affici
1484 2211 1680 2261 dolore,’'
1705 2217 1776 2252 est

284 2280 410 2321 nihili
441 2279 586 2320 facere
615 2279 735 2332 quod
767 2278 959 2319 ecclesia
991 2277 1232 2331 spiritualis
1264 2283 1434 2331 pereat,
1468 2282 1514 2317 et
1545 2289 1653 2316 vera
1683 2275 1776 2327 ejus

283 2341 600 2395 infringantur.
645 2351 756 2388 (Quod
770 2347 787 2359 ‘⁸
798 2351 958 2390 Josephus
970 2350 985 2359 ''
1000 2350 1031 2379 in
1044 2359 1193 2388 supremo
1205 2358 1299 2378 sensu
1311 2349 1465 2386 significet
1481 2348 1657 2377 Dominum
1669 2348 1778 2384 quoad

284 2403 436 2431 Divinum
459 2402 628 2440 spirituale,
644 2402 676 2430 in
697 2411 791 2431 sensu
813 2402 935 2430 interno
959 2401 1089 2430 Domini
1112 2406 1243 2438 regnum
1263 2400 1432 2437 spirituale,
1447 2399 1491 2428 ita
1504 2399 1598 2428 etiam
1614 2398 1777 2427 ecclesiam

283 2449 486 2486 spiritualem,
499 2449 531 2477 in
543 2453 672 2477 externo
684 2448 956 2477 fruetificationem
968 2448 1044 2476 boni
1057 2452 1086 2476 et
1098 2447 1391 2485 multiplicationem
1403 2447 1477 2480 veri,
1490 2446 1633 2475 videatur
1644 2455 1674 2476 n.
1687 2446 1776 2483 3969.

283 2508 372 2536 3971.
392 2499 482 2536 4669,
502 2499 593 2536 6417,
613 2499 718 2536 6526.)
775 2487 915 2540 Apud
942 2486 1120 2543 Mosen,

354 2582 379 2596 ‘⁴
390 2579 665 2613 Beneditftiones
690 2580 800 2621 patris
817 2579 868 2611 tui
892 2578 1123 2620 praevaleant
1140 2587 1247 2618 super
1261 2575 1574 2609 benedictionibus
1591 2580 1777 2616 parentum

460 2634 620 2656 meorum
625 2648 716 2662 .....
725 2624 812 2654 fiant
835 2633 941 2663 super
965 2627 1070 2663 caput
1097 2621 1257 2664 Josephi,
1284 2626 1319 2653 et
1342 2630 1449 2661 super
1472 2620 1641 2651 verticem
1662 2616 1777 2650 [flletsti

459 2668 608 2700 fratrum
626 2667 704 2708 ejus
716 2666 734 2679 '’
750 2666 846 2707 (Gen.
863 2666 948 2698 xlix.
966 2666 1021 2706 26)
1037 2675 1044 2704 ;

290 2759 590 2814 “Josephu5,'’
612 2766 661 2800 ut
683 2757 851 2799 dietum
878 2764 962 2807 est,
987 2764 1057 2798 est
1081 2757 1274 2798 ecclesia
1295 2755 1537 2810 spiritualis
1564 2754 1774 2805 Domini;

290 2827 492 2865 “vertex
518 2820 622 2863 lecti
647 2820 863 2862 fratrum”
885 2826 955 2861 est
982 2819 1213 2873 spirituale
1239 2819 1359 2873 quod
1385 2818 1528 2859 influit
1554 2818 1598 2858 in
1624 2817 1777 2858 omnia

287 2898 397 2925 vera
431 2889 478 2924 et
513 2883 635 2924 bona
669 2881 788 2922 illius
823 2880 1045 2922 ecclesiae
1076 2891 1262 2930 (duodecim
1281 2890 1366 2920 enim
1385 2890 1440 2919 filii
1459 2898 1516 2918 seu
1533 2888 1634 2918 tribus
1654 2887 1778 2917 Israelis

284 2942 462 2980 significant
476 2941 584 2971 omnia
599 2949 674 2970 vera
694 2945 726 2969 et
746 2941 832 2969 bona
853 2939 1003 2970 ecclesiae
1023 2939 1056 2968 in
1077 2939 1257 2977 complexu,
1272 2939 1417 2968 videatur
1431 2946 1462 2968 n.
1477 2938 1566 2975 3858,
1581 2935 1671 2975 3926,
1686 2935 1777 2973 4060,

285 2996 394 3035 6335)·
450 2984 590 3038 Apud
613 2983 793 3033 Lucam,
