2060 3476
648 351 753 384 CAP.
776 351 861 392 111.,
884 350 1021 383 VERs.
1045 351 1218 383 20.—N.
1242 353 1265 382 2
1273 340 1410 396 52[a].
1691 352 1773 394 405

341 464 447 506 Quod
466 464 726 497 Paterfamilias
739 464 863 496 fecerit
875 474 1045 505 magnam
1058 474 1184 496 cenam
1198 470 1233 495 et
1245 463 1427 495 vocaverit
1440 463 1583 500 multos,
1604 464 1667 495 sed
1681 463 1776 504 quod

450 509 699 540 excusaverint
715 519 753 540 se
770 518 897 540 omnes
910 509 969 550 qui
983 509 1118 540 vocati:
1144 517 1252 549 quare
1269 508 1476 548 indignatus
1488 507 1595 547 jussit
1610 513 1649 538 ut
1665 507 1777 538 intro-

449 553 620 585 ducerent
633 562 818 594 pauperes,
835 562 994 591 mancos,
1010 552 1167 590 claudos,
1185 561 1329 584 caecos:
1355 552 1398 582 de
1416 551 1594 591 prioribus
1607 551 1772 588 dicendo,

449 596 544 638 q'uod
561 606 668 628 nemo
685 606 808 628 eorum
825 602 1031 637 gustaturus
1044 596 1091 627 sit
1107 605 1233 627 cenam
1250 595 1334 636 (xiv.
1354 594 1484 634 16-24).

278 683 447 738 (Paene
479 685 686 726 similiter
716 685 773 726 de
805 685 974 739 nuptiis
1005 684 1063 725 ad
1094 698 1205 738 quas
1242 684 1422 725 invitati
1454 689 1574 732 sunt5
1606 682 1773 723 Matth.

274 748 386 788 xxii.
416 746 556 802 1—15.)
618 746 702 789 Per
727 747 959 789 “cenam''
987 747 1048 788 ibi
1073 746 1345 800 intelligitur
1366 746 1559 787 ecclesia
1591 752 1637 787 et
1669 759 1773 786 cae-

275 810 367 851 lum
386 825 395 862 ;
439 825 518 864 per
556 811 812 852 “invitatos
849 811 923 865 qui
962 824 1012 852 se
1048 816 1384 852 excusaverunt
1399 809 1419 825 '’
1455 809 1773 862 intelliguntur

271 873 431 926 Judaei
452 874 571 928 apud
590 888 702 928 quos
724 874 918 915 ecclesia
938 880 1045 915 tunc
1069 880 1180 923 erat,
1201 873 1396 915 ecclesia
1413 874 1533 914 enim
1555 874 1600 913 in
1622 873 1773 926 specie

273 943 344 978 est
367 937 441 978 ubi
463 937 667 978 Verbum
690 943 737 979 et
756 948 838 991 'per
856 936 1061 978 Verbum
1084 936 1306 978 Dominus
1330 942 1492 987 notus;
1525 950 1604 990 per
1623 940 1772 990 “pau-

273 999 441 1052 peres,”
475 999 743 1050 “mancos‚”
778 999 1046 1050 “claudos,'’
1080 999 1320 1049 “caec05‚”
1351 999 1668 1052 intelliguntur
1699 1000 1772 1052 qui

273 1062 389 1104 tales
413 1063 704 1117 spiritualiter
726 1070 845 1112 sunt,
868 1070 914 1104 et
937 1052 1010 1117 qui
1027 1065 1140 1104 'tunc
1165 1069 1299 1104 extra
1321 1062 1575 1104 ecclesiam.
1637 1060 1772 1115 Quod

272 1126 448 1167 caelum
470 1133 517 1168 et
539 1126 734 1168 ecclesia
755 1126 1029 1168 assimiletur
1051 1127 1111 1167 ibi
1136 1140 1278 1168 cenae
1299 1133 1346 1168 et
1369 1127 1551 1180 nuptiis,
1576 1132 1646 1167 est
1668 1126 1773 1179 quia

270 1185 448 1230 ‘caelum
466 1195 536 1231 est
554 1188 811 1243 conjunctio
829 1189 1097 1243 angelorum
1115 1203 1218 1231 cum
1236 1188 1436 1231 Domino
1458 1203 1536 1243 per
1553 1203 1769 1237 amorem,

271 1259 318 1295 et
340 1254 622 1295 consociatio
639 1253 818 1294 illorum
836 1254 954 1299 inter
976 1267 1024 1294 se
1046 1268 1125 1307 per
1143 1253 1430 1302 charitatem,
1452 1260 1498 1294 et
1521 1253 1626 1294 inde
1645 1265 1770 1294 com-

271 1317 518 1358 municatio
557 1318 759 1358 omnium
795 1316 1094 1370 jucundorum
1135 1324 1183 1358 et
1223 1317 1494 1358 felicitatum
1514 1331 1524 1368 ;
1566 1317 1773 1358 similiter

270 1378 481 1428 ecclesia,
507 1378 613 1433 quia
641 1378 838 1420 ecclesia
861 1384 933 1419 est
958 1378 1137 1419 caelum
1169 1378 1355 1419 Domini
1384 1379 1429 1419 in
1454 1379 1610 1419 terris:
1659 1389 1774 1427 (Quod

269 1438 393 1467 caelum
408 1438 447 1467 sit
461 1437 646 1476 conjunctio
659 1438 848 1476 angelorum
870 1445 944 1467 cum
968 1438 1111 1467 Domino
1132 1447 1190 1476 per
1204 1446 1357 1472 amorem,
1373 1442 1405 1467 et
1426 1446 1557 1475 quoque
1578 1438 1773 1468 consociatio

268 1483 396 1512 illorum
407 1488 520 1513 mutua
529 1492 588 1522 per
598 1483 793 1518 charitatem,
806 1483 950 1512 videatur
963 1483 996 1512 in
1008 1492 1104 1521 opere
1117 1484 1169 1513 De
1183 1484 1274 1513 Caelo
1289 1487 1320 1512 et
1332 1484 1472 1522 Inferna,
1485 1492 1516 1513 n.
1532 1492 1640 1521 13-19,
1652 1488 1683 1512 et
1698 1484 1772 1512 inde

269 1533 518 1563 communicatio
530 1533 675 1563 omnium
683 1533 901 1571 jucundorum
914 1537 946 1562 et
956 1533 1152 1568 felicitatum,
1165 1542 1196 1563 n.
1210 1533 1377 1571 396-400.)
1417 1522 1471 1562 In
1489 1521 1648 1563 Verbo
1665 1536 1769 1576 pas-

270 1584 354 1624 sim
380 1584 543 1625 dicitur
564 1584 685 1638 quod
711 1584 995 1625 “comesturi
1018 1584 1109 1625 sint
1121 1583 1141 1599 ''
1162 1584 1207 1624 in
1230 1583 1387 1634 caelo;
1420 1590 1466 1625 et
1493 1596 1572 1637 per
1594 1583 1704 1624 illud
1726 1584 1770 1624 in

268 1660 404 1688 sensu
424 1647 643 1701 spirituali
665 1647 1080 1702 intelligiturrquod
1105 1647 1276 1688 fruituri
1303 1648 1393 1688 sint
1416 1647 1700 1688 beatitudine
1723 1654 1770 1688 et

271 1711 512 1763 felicitate3
544 1712 608 1753 ita
639 1711 784 1752 simile
816 1710 1096 1765 significatur
1117 1724 1196 1765 per
1221 1711 1501 1752 “comedere
1513 1710 1532 1727 '’
1557 1711 1617 1752 ibi
1648 1712 1770 1765 quod

265 1788 348 1829 ,per
373 1772 788 1816 “1¹1cenare:”-Ut
813 1775 933 1828 apud
958 1774 1137 1824 Lucam,
1193 1824 1195 1826 ,

337 1863 526 1896 “Venient
541 1864 588 1896 ab
603 1865 742 1896 oriente
758 1869 794 1896 et
817 1860 1003 1896 occidente
1026 1869 1062 1895 et
1085 1873 1107 1895 a
1130 1863 1378 1905 septentrione
1401 1869 1437 1895 et
1459 1863 1620 1902 meridie,
1640 1869 1677 1895 et
1699 1863 1770 1895 dis-

442 1909 611 1940 cumbent
626 1909 663 1940 in
680 1918 793 1949 regno
806 1907 906 1940 'Dei’'
923 1907 1010 1948 (xiii.
1028 1906 1103 1948 29);

267 1990 315 2026 et
340 1984 460 2038 apud
483 1983 782 2033 Matthaeum‚

336 2062 359 2076 ‘⁴
371 2059 475 2093 Multi
493 2061 640 2092 venient
663 2061 708 2092 ab
730 2060 869 2092 oriente
894 2066 929 2092 et
953 2060 1150 2098 occidente,
1170 2066 1206 2092 et
1221 2061 1433 2092 accumbent
1449 2069 1529 2092 cum
1547 2059 1766 2099 Abrahamo‚

443 2104 544 2137 Isaeo
561 2110 597 2137 et
612 2104 747 2147 Jacobo
764 2104 802 2136 in
819 2114 932 2145 regno
950 2104 1129 2136 caelorum
1143 2103 1161 2116 ’¹
1178 2103 1264 2145 (viii.
1284 2103 1337 2143 11)
1351 2115 1358 2136 :

267 2198 340 2251 qui
368 2197 584 2239 “venturi
614 2197 674 2238 ab
704 2198 893 2247 oriente,
922 2197 1178 2246 occidente,
1206 2197 1523 2250 septentrione
1555 2202 1603 2237 et
1635 2197 1768 2238 meri-

267 2260 378 2310 die,’'
409 2267 515 2302 sunt
552 2274 711 2302 omnes
743 2261 817 2315 qui
854 2261 899 2302 in
935 2261 1058 2302 bono
1090 2260 1256 2301 amoris
1294 2266 1340 2301 et
1377 2260 1482 2301 inde
1513 2260 1630 2300 veris
1666 2259 1769 2301 fidei

266 2327 388 2363 sunt.
427 2332 541 2370 (Quod
553 2337 692 2370 quatuor
704 2333 819 2370 plagae
833 2332 865 2362 in
880 2333 990 2362 Verbo
1004 2333 1075 2362 illos
1089 2332 1279 2370 significent,
1292 2332 1439 2362 videatur
1451 2332 1484 2361 in
1499 2341 1597 2370 opere
1611 2333 1662 2361 De
1680 2333 1770 2362 Caelo

265 2384 298 2410 et
309 2381 448 2419 Inferno,
463 2390 494 2411 n.
513 2388 667 2418 141—153;
690 2385 722 2410 et
736 2382 824 2418 quod
838 2389 897 2419 per
911 2384 928 2396 ¹¹
938 2381 1170 2415 Abrahamurn‚
1188 2382 1314 2410 Isaeum
1329 2385 1360 2410 et
1373 2381 1534 2421 Jacobum
1545 2380 1562 2390 ”
1579 2381 1771 2418 intelligatur

267 2426 426 2455 Dominus
440 2427 549 2463 quoad
571 2427 682 2463 Ipsum
705 2426 858 2455 Divinum
872 2435 911 2456 ac
927 2426 1081 2455 Divinum
1098 2427 1300 2461 Humanum,
1316 2426 1349 2455 in
1363 2426 1505 2455 Arcanis
1523 2427 1721 2461 Caelestibus,
1737 2435 1769 2455 n.

267 2473 355 2509 1893.
371 2472 460 2508 4615,
476 2472 566 2509 6098,
580 2472 670 2508 6185,
685 2471 776 2508 6276,
792 2472 882 2509 6804,
896 2472 993 2509 ⁶347?
1015 2472 1091 2501 inde
1106 2471 1334 2500 “discumbere
1355 2480 1428 2500 cum
1450 2471 1541 2506 iuis‚’'
1558 2476 1604 2500 est
1618 2471 1770 2509 conjungi

266 2517 419 2552 Domino,
434 2521 466 2545 et
480 2516 655 2546 consociari
676 2517 758 2545 inter
777 2525 811 2545 se
831 2526 889 2555 per
902 2522 1055 2551 amorem,
1070 2521 1103 2546 et
1121 2525 1180 2555 per
1194 2516 1454 2555 conjunctionem
1469 2516 1556 2546 illam
1571 2521 1604 2546 et
1622 2526 1680 2555 per
1694 2525 1770 2546 con-

265 2562 471 2591 sociationem
495 2562 579 2591 hanc
603 2561 663 2591 frui
689 2561 887 2591 beatitudine
910 2566 942 2591 et
969 2561 1116 2591 felicitate
1139 2565 1278 2597 aeterna,
1303 2566 1335 2591 et
1358 2562 1414 2591 illa
1435 2570 1476 2591 ex
1501 2562 1571 2591 solo
1600 2562 1766 2599 Domino.)

266 2602 405 2657 Apud
430 2601 610 2652 Lucam,

330 2692 436 2735 Jesus
452 2692 552 2731 dixit,
575 2693 598 2707 “
609 2693 722 2725 Sunto
738 2692 850 2724 lumbi
866 2693 977 2725 vestri
994 2691 1114 2731 cine’ti,
1134 2699 1170 2725 et
1185 2693 1355 2725 candelae
1378 2693 1549 2732 lucentes,
1569 2702 1704 2734 vosque
1722 2693 1768 2724 si-

439 2736 543 2768 miles
566 2742 684 2768 estote
706 2737 914 2769 hominibus
937 2735 1231 2778 exspectantibus
1258 2737 1454 2769 Dominum
1479 2746 1595 2775 suum,
1623 2737 1766 2778 quando

440 2784 647 2812 reversurus
660 2786 716 2812 est
727 2790 750 2812 a
761 2780 907 2821 nuptiis,
922 2787 963 2812 ut
976 2790 1056 2812 cum
1067 2781 1208 2812 venerit
1220 2787 1257 2813 et
1269 2781 1475 2822 pulsaverit,
1493 2781 1656 2821 aperiant
1672 2780 1744 2820 Ipsi
1758 2791 1764 2811 :

439 2824 534 2855 beati
557 2824 652 2855 servi
675 2824 723 2862 hi,
743 2833 834 2866 quos
850 2825 1000 2856 veniens
1026 2824 1204 2856 Dominus
1229 2825 1407 2856 invenerit
1422 2825 1634 2865 vigilantes;
1659 2833 1766 2855 amen

437 2867 519 2899 dico
535 2867 639 2899 vobis
655 2868 751 2909 quod
775 2866 955 2900 cinctums
972 2868 1019 2900 sit
1036 2868 1091 2906 Se,
1110 2874 1147 2900 et
1163 2869 1372 2900 accumbere
1395 2867 1554 2900 facturus
1571 2878 1645 2905 eos,
1669 2867 1766 2907 Ipse-

439 2921 506 2953 que
523 2911 696 2943 accedens
712 2912 977 2943 ministraturus
994 2911 1092 2943 illis”
1109 2912 1184 2952 (xii.
1202 2920 1254 2951 35,
1271 2912 1382 2954 seq.):

262 3013 344 3054 per
372 2999 627 3050 “lumbos,''
653 3000 727 3054 qui
757 3006 888 3042 erunt
921 2998 1069 3051 cincti,
1097 3000 1368 3054 intelligitur
1393 2994 1563 3043 bonum
1595 3000 1760 3041 amoris
