2060 3476
685 331 793 364 CAP.
816 330 1064 372 111.,‘VERS.
1087 330 1261 362 20.—N.
1286 322 1379 373 248.
1691 329 1774 375 ⁴395

282 458 343 487 ex
369 457 535 487 amore.
598 444 725 487 Haec
747 443 866 486 velle
892 444 1000 485 dare
1026 450 1074 485 et
1099 443 1372 498 implantare
1398 443 1571 485 homini
1602 443 1646 484 in
1673 456 1776 497 spe-

283 509 351 550 cie
382 508 662 562 significatur
690 522 770 562 per
797 507 920 549 “Sto
951 507 1009 548 ad
1040 508 1207 548 ostium
1233 514 1280 548 et
1312 506 1479 561 pulso.’'
1540 506 1656 548 Sunt
1687 506 1777 548 d-uo

283 585 398 625 quae
416 573 460 613 in
479 572 620 613 libero
636 571 832 613 hominis
850 577 969 620 sunt,
986 585 1045 612 ex
1061 577 1280 624 perpetua
1298 570 1558 624 praesentia
1575 570 1774 619 Domini,

282 641 330 676 et
348 649 407 676 ex
426 641 646 689 perpetua
663 635 808 688 Ipsius
825 633 1146 675 voluntate'Se
1163 633 1467 687 conjungendi
1490 646 1591 674 cum
1614 633 1693 674 illo
1709 647 1779 674 :—

262 697 490 747 ,Prz'mum
515 698 635 752 quod
666 697 772 739 inde
797 703 868 739 est
899 698 943 738 in
976 697 1118 738 libero
1148 696 1359 746 hominis,
1393 702 1463 738 est
1495 697 1615 750 quod
1647 698 1687 738 ei
1719 697 1776 738 sit

283 761 413 814 copia
438 768 485 802 et
510 761 703 802 facultas
734 761 850 801 bene
877 760 1111 814 cogitandi
1142 760 1198 801 de
1231 760 1337 814 Ipso
1369 765 1416 801 et
1448 760 1505 801 de
1537 761 1775 813 proximo;

282 824 470 878 quisque
495 825 615 865 enim
652 824 709 864 de
747 824 946 864 Domino
976 829 1023 864 et
1055 823 1112 864 de
1149 824 1359 877 proximo
1395 823 1511 864 bene
1543 829 1621 864 aut
1658 823 1776 865 male

283 888 487 940 cogitare
513 893 695 940 potest;
727 887 763 927 si
789 887 905 928 bene
928 887 1104 940 cogitat
1129 887 1327 940 aperitur
1352 887 1545 937 ostium;
1579 887 1615 927 si
1641 886 1774 936 male,

283 950 530 991 clauditur:
573 950 689 992 bene
722 951 925 1003 cogitare
957 950 1013 991 de
1045 950 1244 991 Domino
1276 955 1323 991 et
1354 950 1411 991 de
1442 950 1654 1003 proximo
1685 963 1776 991 non

282 1019 353 1054 est
379 1013 437 1054 ab
462 1013 646 1054 homine
668 1019 714 1054 et
737 1013 830 1066 ejus
852 1014 1046 1067 proprio,
1071 1014 1150 1054 sed
1172 1027 1198 1054 a
1222 1013 1434 1062 Domino,
1459 1013 1533 1066 qui
1555 1019 1776 1066 perpetuo

282 1090 496 1130 praesens
529 1082 600 1117 est
632 1082 679 1117 et
711 1090 790 1130 per
821 1082 1086 1129 perpetuam
1124 1076 1430 1130 praesentiam
1463 1076 1542 1116 dat
1574 1076 1615 1116 ei
1650 1075 1775 1116 illam

283 1139 460 1192 copiam
483 1144 530 1179 et
556 1138 850 1187 facultatem;
883 1145 932 1179 at
958 1139 1078 1180 male
1105 1139 1310 1192 cogitare
1335 1139 1392 1180 de
1419 1138 1620 1179 Domino
1646 1145 1693 1180 et
1719 1139 1776 1179 de

282 1203 494 1256 proximo
516 1209 586 1243 est
601 1202 658 1243 ab
674 1203 772 1256 ipso
794 1202 977 1243 homine
999 1209 1046 1244 et
1063 1202 1157 1255 ejus
1174 1203 1370 1256 proprio.
1427 1202 1638 1243 Alterum
1654 1203 1775 1256 quod

281 1267 326 1307 in
352 1266 495 1307 libero
519 1266 714 1307 hominis
735 1272 806 1307 est
830 1280 891 1306 ex
917 1273 1138 1320 perpetua
1162 1267 1420 1321 praesentia
1448 1265 1632 1306 Domini
1656 1266 1775 1319 apud

281 1328 424 1378 illum,
443 1335 490 1370 et
511 1342 572 1370 ex
594 1334 814 1382 perpetua
834 1328 1076 1369 voluntate
1099 1329 1244 1382 Ipsius
1266 1328 1572 1382 conjungendi
1594 1328 1652 1369 Se
1673 1341 1775 1369 cum

281 1392 375 1442 illo,
394 1399 464 1434 est
481 1393 602 1447 quod
625 1393 768 1446 possit
785 1393 1014 1434 abstinere
1035 1407 1061 1434 a
1082 1393 1212 1434 malis
1229 1408 1238 1444 ;
1270 1400 1317 1435 et
1334 1400 1554 1447 quantum
1575 1393 1776 1434 abstinet

281 1462 463 1498 tantum
483 1458 627 1511 aperit
653 1457 876 1498 Dominus
897 1458 1063 1498 ostium
1089 1464 1136 1498 et
1160 1458 1326 1508 intrat3
1359 1471 1450 1498 non
1475 1458 1595 1498 enim
1621 1463 1776 1510 potest

282 1519 505 1561 Dominus
534 1521 709 1574 aperire
743 1527 790 1561 et
824 1521 992 1561 intrare
1023 1520 1236 1574 quamdiu
1266 1520 1388 1561 mala
1421 1521 1465 1561 in
1495 1521 1775 1573 cogitatione

281 1589 328 1624 et
351 1583 591 1625 voluntate
619 1583 814 1625 hominis
838 1590 958 1633 sunt,
985 1597 1089 1625 nam
1120 1584 1232 1625 haec
1258 1584 1446 1625 obstant
1471 1590 1518 1625 et
1543 1584 1774 1625 claudunt.

282 1645 616 1687 Datum·etiam
641 1653 712 1688 est
742 1660 768 1687 a
797 1646 997 1688 Domino
1022 1648 1135 1688 scire
1160 1647 1281 1688 mala
1305 1648 1597 1701 cogitationis
1622 1653 1670 1688 et
1693 1661 1775 1687 vo-

265 1708 484 1758 luntatis,
511 1715 607 1750 tum
635 1723 743 1750 vera
767 1723 847 1762 per
871 1723 985 1763 quae
1010 1710 1294 1751 discutienda
1318 1716 1451 1760 sunt;
1487 1723 1592 1750 nam
1618 1710 1776 1750 datum

281 1779 351 1813 est
372 1772 594 1822 Verbum,
617 1773 692 1814 ubi
716 1773 794 1814 illa
817 1773 992 1814 retecta
1013 1780 1132 1815 sunt.
1191 1774 1268 1814 Ex
1293 1774 1362 1814 his
1383 1780 1595 1815 constare
1621 1780 1776 1827 potest

280 1835 402 1888 quod
424 1835 533 1876 nihil
556 1836 674 1877 desit
691 1837 797 1890 quin
818 1836 958 1877 homo
979 1837 1211 1878 reformari
1234 1838 1376 1890 possit
1398 1838 1434 1878 si
1454 1837 1592 1887 velit3
1624 1838 1775 1877 omnia

279 1897 400 1938 enim
417 1898 567 1939 media
582 1898 915 1940 reformationis
932 1899 1089 1940 relicta
1106 1906 1211 1940 sunt
1232 1899 1404 1940 homini
1425 1900 1468 1940 in
1487 1899 1581 1952 ejus
1603 1899 1747 1940 libero
1764 1913 1773 1939 :

279 1959 360 2000 sed
385 1960 527 2013 probe
552 1961 785 2002 sciendum
811 1968 881 2002 est
906 1962 1027 2015 quod
1058 1961 1250 2002 liberum
1279 1961 1391 2002 illud
1421 1963 1479 2003 sit
1503 1976 1530 2002 a
1560 1962 1774 2009 Domino,

279 2029 329 2064 ut
357 2037 491 2077 supra
515 2023 685 2064 dictum
715 2030 800 2073 est,
827 2030 873 2065 et
903 2025 1007 2064 inde
1033 2025 1154 2078 quod
1185 2025 1409 2065 Dominus
1438 2031 1653 2078 operetur
1682 2024 1773 2073 illa,

279 2086 315 2126 si
339 2085 479 2126 homo
503 2100 564 2126 ex
590 2085 748 2135 libero,
772 2086 894 2140 quod
919 2087 1057 2127 cuivis
1080 2087 1238 2128 datum
1263 2094 1348 2136 est,
1371 2088 1586 2140 recipiat;
1617 2101 1774 2140 recep-

279 2149 344 2189 tio
374 2149 432 2189 ab
461 2148 645 2190 homine
671 2151 857 2190 omnino
882 2151 982 2199 erit,
1008 2151 1130 2204 quod
1160 2150 1432 2204 intelligitur
1462 2164 1542 2204 per
1570 2149 1654 2191 “Si
1679 2151 1775 2204 quis

280 2212 473 2254 audierit
510 2227 672 2254 vocem
709 2227 858 2254 meam
895 2221 942 2255 et
977 2215 1204 2267 aperuerit
1241 2214 1446 2255 ostium.’'
1509 2214 1634 2255 Nihil
1670 2212 1775 2256 facit

280 2276 402 2329 quod
422 2275 562 2317 homo
582 2278 626 2317 in
647 2278 866 2331 principio
888 2291 979 2318 non
1001 2279 1114 2319 sciat
1135 2279 1256 2332 quod
1278 2293 1305 2319 a
1326 2279 1541 2327 Domino,
1562 2280 1774 2332 quoniam

280 2352 372 2380 non
402 2341 592 2394 percipit
622 2341 856 2390 influxum,
884 2342 1022 2382 modo
1052 2356 1112 2383 ex
1143 2342 1301 2383 Verbo
1332 2343 1436 2383 dein
1466 2343 1624 2383 credat
1654 2343 1775 2396 quod

279 2414 416 2443 omne
437 2402 607 2443 bonum
624 2405 789 2444 amoris
805 2410 852 2445 et
868 2417 1025 2445 verum
1047 2404 1150 2445 fidei
1167 2406 1223 2445 sit
1245 2418 1272 2445 a
1292 2404 1492 2446 Domino
1510 2419 1519 2456 ;
1551 2405 1775 2446 Dominus

279 2465 401 2504 enim
422 2471 637 2518 operatur
653 2465 731 2506 illa
751 2468 936 2507 tametsi
957 2467 1096 2508 homo
1117 2468 1277 2516 nescit,
1296 2473 1342 2508 et
1364 2467 1450 2509 hoc
1473 2482 1532 2508 ex
1555 2475 1775 2521 perpetua

255 2543 258 2545 ’
280 2526 427 2579 Ipsius
454 2529 725 2580 praesentia,
753 2542 867 2581 quae
893 2528 1170 2582 significatur
1194 2543 1274 2582 per
1301 2529 1424 2571 “Sto
1448 2530 1506 2571 ad
1536 2531 1703 2571 ostium
1728 2537 1775 2571 et

279 2589 452 2643 pulso.''
510 2591 563 2631 In
584 2604 775 2640 summa,
795 2592 1021 2633 Dominus
1042 2593 1141 2634 vult
1162 2600 1212 2634 ut
1233 2593 1373 2634 homo
1395 2608 1455 2635 ex
1477 2608 1524 2634 se
1546 2594 1775 2635 abstineat

279 2667 305 2694 a
329 2654 460 2694 malis
481 2661 528 2695 et
553 2661 662 2708 agat
691 2655 826 2703 bona,
853 2656 992 2696 modo
1020 2657 1178 2698 credat
1202 2658 1324 2711 quod
1353 2657 1546 2698 facultas
1575 2659 1638 2699 ita
1666 2658 1773 2699 faci-

279 2717 384 2758 endi
406 2731 497 2759 non
518 2719 576 2759 sit
596 2718 655 2759 ab
675 2718 861 2760 homine
883 2720 963 2760 sed
984 2734 1011 2760 a
1032 2720 1259 2762 Domino:
1286 2721 1386 2762 vult
1408 2723 1527 2763 enim
1551 2722 1774 2763 Dominus

279 2788 328 2822 ut
350 2782 553 2835 receptio
569 2783 627 2823 sit
643 2783 762 2836 apud
784 2783 1016 2824 hominem
1034 2798 1044 2835 ;
1075 2790 1123 2826 et
1147 2786 1350 2838 receptio
1375 2799 1467 2826 non
1488 2786 1620 2826 aliter
1641 2786 1774 2826 datur

231 2879 233 2881 .
279 2858 414 2899 quam
440 2851 489 2887 ut
514 2846 654 2887 homo
678 2847 792 2887 sicut
817 2860 877 2887 ex
902 2861 950 2888 se
977 2847 1126 2898 faciat,
1152 2850 1338 2890 tametsi
1362 2856 1432 2891 est
1457 2864 1518 2890 ex
1544 2850 1771 2900 Domino;

279 2910 340 2950 sic
365 2910 502 2951 etiam
527 2910 661 2951 datur
684 2911 804 2964 apud
831 2911 1063 2953 hominem
1087 2915 1384 2967 reciprocum,
1411 2915 1532 2968 quod
1558 2921 1628 2956 est
1654 2928 1772 2955 nova

278 2972 372 3026 ejus
396 2974 622 3015 voluntas.
682 2975 757 3015 Ex
787 2975 855 3017 his
883 2983 1093 3019 constare
1124 2985 1280 3032 potest
1304 2986 1524 3033 quantum
1554 2978 1770 3020 falluntur
