2060 3476
801 430 896 464 CAP
918 431 963 472 1.,
986 430 1125 465 VERS.
1153 432 1295 465 1.—N.
1317 435 1356 477 9.
1779 437 1793 465 ι
1805 437 1825 477 3

333 543 515 592 dixerit,
541 543 716 584 “Pasce
742 556 886 597 agnos
908 543 1073 594 meos,”
1094 550 1141 586 et
1165 545 1344 587 “Pasce
1370 559 1478 587 oves
1504 545 1667 595 meas,”
1689 546 1826 600 signi-

331 605 436 648 ficat
462 607 583 661 quod
610 606 672 647 illi
703 608 776 661 qui
806 607 851 648 in
877 607 964 649 fide
989 614 1094 649 sunt
1117 622 1176 649 ex
1203 622 1357 650 amore
1383 609 1603 650 instruere
1629 609 1826 651 debeant

329 669 432 711 illos
456 671 530 724 qui
554 671 600 711 in
625 670 746 712 bono
771 671 936 712 amoris
957 671 1001 712 in
1028 671 1272 712 Dominum
1298 678 1345 713 et
1376 673 1421 712 in
1446 672 1568 713 bono
1594 672 1826 714 charitatis

331 747 440 787 erga
463 734 720 788 proximum
746 740 877 786 sunt;
908 734 973 775 illi
1004 735 1124 776 enim
1149 736 1223 789 qui
1253 735 1298 778 in
1329 734 1417 776 fide
1448 749 1508 776 ex
1540 748 1694 777 amore
1719 743 1825 777 sunt

328 797 467 838 etiam
492 797 537 838 in
563 797 680 839 veris
705 803 824 846 sunt,
851 803 898 838 et
923 797 987 838 illi
1013 798 1086 852 qui
1117 798 1222 840 inde
1247 799 1292 839 in
1313 799 1430 839 veris
1455 805 1574 847 sunt,
1598 799 1826 840 instruunt

329 860 386 902 de
407 860 530 902 bono
551 866 597 901 et
620 861 790 901 ducunt
812 860 870 901 ad
891 861 1059 902 bonum
1077 875 1087 912 ;
1120 874 1223 902 nam
1242 874 1377 902 omne
1394 861 1562 903 bonum
1581 861 1824 915 spirituale.

329 923 450 978 quod
481 923 666 972 homini,
698 930 987 978 comparatur
1017 930 1064 966 et
1095 924 1392 978 implantatur
1422 938 1502 978 per
1532 938 1652 965 vera.
1713 933 1827 973 (Quod

329 986 432 1024 “agni
442 984 461 996 '⁹
475 986 656 1024 significent
669 986 741 1016 illos
755 986 810 1024 qui
827 986 860 1015 in
874 987 963 1016 bono
978 987 1183 1017 innocentiae
1198 991 1230 1016 et
1251 987 1370 1016 amoris
1391 987 1424 1016 in
1447 987 1626 1016 Dominum
1640 992 1724 1022 sunt,
1741 987 1828 1016 vide-

328 1038 401 1063 atur
414 1041 446 1064 n.
461 1042 552 1071 3994,
569 1042 686 1071 10132;
715 1034 806 1071 quod
821 1036 840 1048 ‘⁴
851 1043 928 1064 oves
939 1033 956 1044 '¹
973 1034 1044 1063 illos
1059 1034 1115 1072 qui
1136 1034 1169 1064 in
1190 1035 1280 1064 bono
1302 1033 1464 1064 charitatis
1485 1043 1562 1072 erga
1582 1034 1778 1072 proximum,
1794 1043 1826 1064 n.

327 1084 419 1122 4169,
433 1085 532 1122 4809:
555 1088 587 1113 et
601 1084 691 1121 quod
707 1086 864 1122 “pascere
876 1084 893 1094 ''
909 1084 949 1114 sit
963 1084 1130 1119 instruere,
1141 1093 1174 1115 n.
1187 1091 1278 1122 5201,
1290 1084 1397 1122 6078.)
1459 1074 1636 1116 Deinde
1658 1075 1824 1116 descri-

328 1137 448 1178 bitur
472 1151 499 1178 a
524 1137 723 1178 Domino
748 1137 890 1191 qualis
921 1136 1033 1179 fides
1063 1138 1211 1180 futura
1242 1145 1311 1180 est
1343 1139 1487 1193 primo
1519 1145 1725 1192 tempore
1750 1152 1824 1179 ec·

329 1199 507 1249 clesiae,
535 1206 581 1241 et
607 1200 750 1254 qualis
775 1199 922 1241 sutura
947 1200 1133 1252 ultimo;
1175 1202 1365 1256 primum
1397 1208 1575 1256 tempus
1607 1201 1825 1242 ecclesiae

329 1262 596 1316 intelligitur
617 1277 696 1317 per
719 1267 858 1305 “cum
885 1278 1007 1305 esses
1029 1263 1213 1317 junior,”
1236 1271 1282 1305 et
1308 1264 1514 1305 ultimum
1541 1270 1720 1318 tempus
1746 1278 1824 1318 per

331 1329 357 1347 “
370 1339 472 1367 cum
489 1327 686 1368 senueris
704 1326 737 1378 ;”
763 1327 883 1381 quod
903 1331 927 1347 “
941 1340 1041 1368 cum
1060 1334 1181 1369 esset
1198 1327 1359 1381 junior,
1379 1328 1581 1381 cingeret
1600 1341 1647 1368 se
1665 1328 1823 1382 ipsum,

329 1396 376 1432 et
407 1390 659 1432 ambularet
691 1405 780 1444 quo
811 1390 991 1439 vellet,”
1023 1391 1247 1444 significat
1280 1391 1401 1445 quod
1442 1391 1586 1445 primo
1619 1397 1825 1445 tempore

329 1453 548 1495 ecclesiae
583 1453 812 1495 haurirent
847 1467 954 1495 vera
989 1468 1049 1495 ex
1087 1455 1207 1496 bono
1243 1455 1492 1503 charitatis,
1527 1461 1574 1495 et
1596 1455 1730 1509 -quod
1766 1468 1826 1495 ex

329 1515 470 1558 libero
495 1523 698 1570 agerent,
725 1530 830 1558 nam
861 1531 921 1559 ex
954 1516 1095 1559 libero
1126 1531 1262 1571 agere
1290 1523 1360 1559 est
1386 1531 1446 1559 ex
1472 1516 1708 1559 affectione
1734 1518 1827 1559 veri

329 1593 389 1620 ex
411 1579 559 1630 b0n03
593 1580 812 1634 “quando
834 1576 1046 1630 senueris,
1070 1580 1296 1622 extendes
1321 1594 1480 1622 manus
1506 1587 1620 1630 tuas,
1644 1587 1689 1622 et
1716 1580 1827 1621 alius

329 1648 377 1683 te
412 1642 566 1696 cinget
602 1649 648 1684 et
685 1643 820 1685 ducet
855 1658 945 1698 quo
981 1657 1072 1684 non
1109 1643 1214 1693 vis,''
1250 1643 1474 1697 significat
1510 1644 1631 1698 quod
1667 1634 1827 1684 ultimo

330 1711 535 1760 tempore
570 1705 788 1759 ecclesiae
825 1720 915 1748 non
955 1706 1147 1762 amplius
1187 1721 1247 1748 ex
1287 1707 1410 1748 bono
1446 1707 1680 1748 charitatis
1720 1707 1828 1748 hau-

329 1769 468 1810 rirent
493 1783 613 1819 vera,
639 1769 704 1810 ita
730 1783 820 1811 non
847 1771 1014 1812 scirent
1040 1770 1220 1812 aliunde
1246 1784 1380 1824 quam
1406 1771 1509 1824 quia
1534 1771 1744 1811 dicuntur
1768 1771 1826 1811 ab

328 1831 431 1882 alio,
455 1838 502 1873 et
526 1832 588 1873 sic
611 1833 731 1887 quod
756 1833 801 1873 in
826 1840 950 1875 statu
975 1848 1105 1875 servo
1128 1840 1272 1883 enunt,
1297 1847 1401 1875 nam
1423 1840 1571 1875 status
1597 1847 1751 1875 servus
1777 1833 1827 1875 fit

329 1895 511 1949 quando
541 1909 632 1937 non
663 1896 832 1938 bonum
861 1897 997 1938 ducit.
1058 1908 1173 1946 (Quod
1188 1910 1205 1922 ‘⁴
1217 1908 1407 1938 vestimenta
1417 1907 1434 1918 ''
1450 1908 1630 1946 significent
1644 1917 1728 1943 vera,
1741 1909 1829 1938 vide-

327 1962 402 1986 amr
415 1965 447 1987 n.
465 1965 554 1994 1073.
570 1957 660 1994 2576,
676 1964 766 1995 5319,
783 1964 873 1995 5954,
889 1967 980 1996 9212,
996 1959 1087 1996 9216,
1103 1966 1193 1997 9952.
1213 1958 1328 1997 10536;
1352 1965 1384 1988 et
1398 1959 1489 1996 quod
1502 1959 1577 1988 ideo
1593 1959 1749 1997 “cingere
1764 1967 1798 1988 se
1809 1959 1826 1967 '⁸

327 2004 368 2033 sit
381 2004 509 2034 haurire
523 2009 555 2034 et
568 2005 775 2042 appercipere
789 2014 875 2040 vera,
886 2014 917 2036 n.
928 2013 1024 2044 9952;
1047 2007 1138 2043 quod
1150 2009 1168 2020 ‘¹
1177 2006 1344 2035 ambulare
1353 2005 1370 2016 ''
1383 2007 1423 2035 sit
1436 2015 1532 2044 agere
1546 2011 1578 2036 et
1591 2007 1714 2042 vivere;
1737 2007 1827 2044 quod

328 2060 370 2080 ex
382 2051 485 2080 libero
499 2059 605 2089 agere,
620 2051 660 2081 sit
674 2061 714 2080 ex
729 2061 840 2081 amore
854 2061 912 2082 seu
926 2053 1109 2087 affe6tione,
1126 2053 1280 2090 quoniam
1302 2053 1392 2090 quod
1413 2053 1513 2082 homo
1534 2058 1622 2082 amat
1642 2053 1705 2083 hoc
1726 2053 1826 2082 libere

330 2098 416 2134 facit,
430 2107 463 2129 n.
479 2101 570 2136 2870,
584 2100 675 2136 3158,
692 2097 814 2137 [¹18987‚
831 2102 921 2138 8990.
937 2102 1027 2138 9585.
1041 2107 1134 2138 9591.
1178 2101 1278 2137 Quod
1292 2101 1398 2130 omnis
1412 2101 1548 2130 ecclesia
1561 2101 1694 2138 incipiat
1713 2110 1734 2130 a
1751 2101 1828 2130 cha-

251 2147 261 2162 *
277 2167 281 2170 -
329 2146 431 2182 ritate,
446 2147 505 2176 sed
518 2147 609 2184 quod
623 2147 778 2184 temporis
791 2155 942 2177 successu
956 2147 1108 2177 deflec'tat
1122 2148 1164 2178 ad
1180 2148 1288 2182 fidem,
1300 2152 1333 2176 et
1348 2149 1479 2177 tandem
1494 2149 1537 2177 ad
1551 2149 1653 2177 solam
1668 2148 1776 2182 fidem.
1793 2158 1824 2178 u.

331 2198 419 2235 1834,
437 2198 524 2234 1835,
540 2206 630 2236 2231,
645 2198 736 2235 4683.
754 2197 858 2235 8094.)
920 2187 1037 2242 Quia
1058 2188 1169 2230 fides
1195 2188 1356 2241 ultimo
1378 2196 1584 2242 tempore
1606 2189 1826 2230 ecclesiae

329 2253 433 2295 talis
455 2253 505 2295 fit
527 2260 576 2295 ut
598 2253 768 2307 rejiciat
790 2253 957 2294 bonum
980 2252 1228 2301 charitatis,
1245 2250 1439 2293 dicendo
1456 2252 1577 2306 quod
1600 2252 1698 2293 sola
1715 2252 1825 2293 fides

329 2317 463 2358 faciat
503 2316 742 2358 ecclesiam
774 2323 821 2358 et
852 2315 1014 2364 salvet,
1047 2321 1094 2357 et
1126 2329 1217 2357 non
1249 2315 1418 2357 bonum
1449 2316 1723 2370 vitae-quod
1755 2323 1825 2357 est

330 2380 540 2430 charitas,
558 2381 661 2422 ideo
677 2380 806 2434 Jesus
829 2380 946 2420 dixit
965 2379 1022 2420 ad
1046 2379 1244 2427 Petrum,
1263 2393 1342 2433 per
1359 2393 1492 2433 quem
1514 2380 1572 2420 ibi
1595 2379 1705 2420 fides
1723 2379 1827 2420 talis

329 2443 611 2497 intelligitur,
632 2442 868 2498 “Sequere
892 2442 967 2483 Me
987 2457 996 2494 ;
1033 2449 1079 2483 et
1102 2454 1344 2483 conversus
1368 2438 1525 2483 Pet'rus
1547 2443 1670 2483 videt
1693 2443 1825 2483 disci-

330 2505 482 2560 pulum
500 2519 632 2561 quem
647 2506 867 2560 diligebat
880 2506 1008 2559 Jesus
1023 2512 1303 2559 sequentem,
1324 2538 1332 2547 .
1352 2538 1362 2547 .
1382 2539 1390 2546 .
1409 2512 1455 2547 et
1473 2505 1596 2554 dicit,
1614 2506 1824 2551 Domine.

330 2569 435 2623 quid
457 2569 527 2611 hic
544 2569 584 2611 ?'’
623 2569 708 2611 Per
729 2583 844 2623 quae
866 2568 1156 2623 significatur,
1172 2570 1292 2623 quod
1315 2568 1426 2610 fides
1444 2568 1603 2610 ultimo
1621 2575 1826 2623 tempore

330 2632 549 2674 ecclesiae
566 2639 795 2675 averteret
818 2646 866 2674 se
887 2646 913 2673 a
935 2632 1159 2683 Domino;
1192 2644 1296 2673 nam
1318 2632 1480 2674 dicitur
1502 2633 1558 2673 de
1581 2632 1729 2681 Petro,
1748 2646 1828 2686 per

329 2708 462 2750 quem
494 2695 772 2749 significatur
801 2695 879 2736 illa
909 2695 1035 2745 fides,
1068 2695 1187 2750 quod
1222 2695 1536 2736 “conversus”
1567 2696 1743 2745 viderit,
1778 2702 1823 2736 et

329 2773 506 2814 quoque
524 2759 690 2800 dixerit
711 2759 768 2800 de
790 2758 1009 2813 discipulo
1026 2772 1159 2813 quem
1175 2758 1304 2812 Jesus
1322 2758 1556 2812 diligebat,
1577 2773 1655 2800 seu
1676 2759 1732 2799 de
1747 2758 1824 2812 Jo-

328 2822 493 2872 hanne,
512 2836 591 2877 per
607 2835 740 2876 quem
762 2821 1041 2876 significatur
1062 2822 1230 2864 bonum
1253 2822 1500 2871 charitatis,
1521 2826 1546 2842 “
1561 2821 1679 2875 Quid
1702 2822 1772 2863 hic
1787 2821 1826 2862 ?''

327 2886 414 2928 hoc
437 2893 522 2936 est,
546 2885 666 2941 quod
692 2899 783 2927 non
805 2886 864 2929 sit
889 2885 1082 2940 aliquid:
1121 2886 1201 2927 sed
1227 2886 1344 2927 dixit
1370 2885 1427 2926 ad
1450 2899 1551 2926 eum
1572 2885 1715 2938 Jesus,
1742 2883 1825 2926 “Si

328 2948 434 2991 volo
460 2963 561 2991 eum
588 2962 770 2990 manere
795 2949 941 2990 donec
966 2949 1159 2998 veniam,
1183 2949 1288 3003 quid
1314 2949 1372 2989 ad
1404 2949 1480 2989 te?
1540 2948 1611 2989 Tu
1636 2962 1823 3002 sequere

329 3012 405 3053 Me
421 3011 455 3064 ;'’
486 3025 565 3067 per
590 3026 704 3066 quae
729 3011 1019 3066 significatur,
1043 3011 1163 3066 quod
1188 3013 1357 3053 bonum
1384 3010 1617 3053 charitatis
1644 3018 1824 3053 secutu-

328 3088 423 3116 rum
455 3076 513 3117 sit
545 3075 789 3117 Dominum
821 3081 867 3117 et
898 3075 1051 3130 Ipsum
1075 3076 1345 3129 agniturum,
1364 3089 1503 3129 usque
1529 3075 1585 3115 ad
1618 3074 1824 3116 ultimum
