2060 3476
635 357 742 391 CAP.
765 356 850 398 111.,
873 356 1012 388 VERS.
1035 356 1182 388 2.--N.
1211 346 1372 402 187[b].
1671 349 1751 403 265

257 472 379 527 quod
404 472 476 513 hic
507 470 733 526 “vigilare
744 470 763 486 '’
788 469 1015 528 significet
1037 470 1178 511 vitam
1202 469 1483 524 spiritualem
1506 485 1533 511 a
1555 470 1754 514 Domino

256 536 470 589 recipere,
495 540 625 589 patet
651 531 711 575 ex
737 548 806 583 eo,
831 533 951 588 quod
977 534 1154 574 dicatur
1179 533 1388 574 “Beatus
1415 534 1490 588 qui
1515 534 1675 588 vigilat
1707 542 1754 577 et

257 604 408 640 servat
441 599 718 639 vestimenta
750 611 830 638 sua
861 610 917 638 ne
949 597 1094 637 nudus
1123 596 1327 638 ambulet
1345 597 1379 648 ;”
1407 599 1755 639 “vestimenta'’

257 661 517 715 significant
549 661 838 715 cognitiones
869 661 962 702 veri
993 666 1040 701 et
1072 660 1179 701 boni
1210 674 1290 714 per
1320 674 1431 715 quas
1462 660 1635 703 homini
1660 662 1756 703 vita

255 724 512 778 spiritualis,
555 730 603 765 et
638 723 819 764 “nudus
849 722 1113 764 ambulare”
1144 722 1371 776 significat
1403 724 1546 765 vitam
1582 724 1754 779 absque

255 785 344 826 illis
375 791 425 826 ut
456 786 632 835 mediis,
658 786 724 826 ita
748 786 893 826 vitam
923 798 1015 825 non
1041 785 1326 838 spiritualem
1352 785 1433 825 sed
1464 798 1587 826 mere
1618 793 1753 826 natu-

255 845 412 886 ralem.
475 856 588 895 (Quod
603 853 621 865 ‘⁴
632 855 846 885 vestimenta”
862 856 1040 894 significent
1058 855 1256 894 cognitiones
1269 855 1335 885 veri
1350 860 1381 885 et
1399 856 1486 891 boni,
1501 857 1647 886 videatur
1665 857 1755 892 infra,

255 918 286 940 n.
309 910 358 951 19
364 908 382 951 5
398 920 404 945 ;
429 914 460 939 et
475 910 564 947 quod
576 907 593 918 ‘¹
605 911 712 939 nudus
722 909 739 920 ’'
752 909 908 946 signifieat
920 909 1120 947 depn'vatum
1132 909 1201 944 illis,
1215 909 1247 938 in
1258 909 1398 938 Arcanis
1413 909 1607 944 Caelestibus,
1620 919 1651 940 n.
1666 919 1754 948 1073,

255 970 345 1000 5433
359 961 482 1000 [¹15954.
495 964 587 1001 9960·
594 963 605 1002 )
663 952 716 993 In
747 952 955 1002 lerenis,

323 1040 482 1081 Surge,
502 1041 726 1072 vociferare
717 1051 753 1072 in
771 1038 889 1077 ῐιοᾶε
909 1040 954 1072 ad
971 1040 1184 1081 principium
1201 1040 1442 1081 vigiliarum;.
1477 1041 1602 1073 ..tolle
1619 1042 1663 1073 ad
1682 1042 1755 1073 Do-

431 1085 568 1116 minum
587 1095 715 1116 manus
732 1091 812 1116 tuas
829 1094 937 1125 super
947 1084 1085 1115 animas
1099 1084 1276 1115 infantum
1294 1090 1448 1124 tuorum,
1465 1085 1525 1127 qui
1542 1085 1752 1119 defecerunt

429 1139 493 1169 per
508 1128 667 1160 famem
658 1139 695 1160 ιη
713 1129 827 1169 capite
846 1128 1006 1159 omnium
1025 1127 1254 1169 platearum''
1270 1127 1318 1168 (ii.
1336 1128 1411 1169 19);

257 1214 390 1253 “nox
401 1211 426 1227 'r
442 1211 514 1252 hic
541 1211 768 1265 significat
788 1218 960 1252 statum
980 1211 1143 1252 nullius
1161 1210 1263 1252 fidei
1284 1209 1354 1265 (ut
1373 1211 1525 1265 supra)
1545 1226 1555 1262 ;
1592 1213 1753 1266 “prin-

254 1276 419 1329 cipium
444 1275 698 1328 vigiliarum
711 1275 730 1290 ’'
752 1274 979 1328 significat
1006 1281 1179 1315 statum
1202 1288 1304 1315 cum
1322 1275 1512 1315 incohat
1539 1274 1665 1325 fides,
1689 1276 1754 1317 ita

254 1345 426 1381 statum
452 1339 782 1387 illustrationis,
811 1339 889 1392 quiv
915 1345 987 1379 est
1020 1338 1204 1391 quando
1235 1337 1374 1378 homo
1401 1338 1645 1392 spiritualis
1671 1338 1749 1390 fit;

253 1416 333 1456 per
360 1402 624 1443 “infantes''
646 1401 966 1455 intelliguntur
990 1400 1054 1442 illi
1081 1401 1154 1454 qui
1176 1415 1284 1441 vera
1309 1408 1466 1442 amant
1494 1407 1541 1442 et
1567 1401 1645 1442 illa
1671 1402 1752 1443 de-

254 1466 484 1517 siderant3
525 1464 757 1506 “deficere
789 1479 867 1518 per
892 1464 1057 1505 samem
1089 1465 1134 1504 in
1161 1464 1311 1517 capite
1342 1465 1543 1505 omnium
1575 1464 1753 1518 platea-

253 1527 390 1576 rum,'’
421 1533 492 1568 est
524 1528 685 1581 privari
712 1527 1058 1585 vitalspirituali
1090 1527 1149 1568 ob
1180 1525 1405 1568 defecstum
1437 1528 1752 1581 cognitionum

253 1589 347 1629 veri
385 1594 432 1629 et
471 1588 591 1629 boni.
637 1599 750 1638 (Quod
766 1596 783 1607 “
794 1599 921 1628 fames''
937 1600 976 1628 sit
991 1599 1135 1628 defecftus
1149 1599 1285 1634 illarum,
1301 1603 1333 1628 et
1352 1599 1544 1628 desiderium
1559 1600 1601 1628 ad
1615 1600 1694 1635 illas,
1709 1600 1755 1629 vi-

253 1654 366 1681 deatur
387 1662 419 1683 n.
438 1653 525 1690 1460,
542 1653 631 1690 3364,
648 1660 737 1689 5277,
754 1659 843 1691 5279,
860 1655 949 1690 5281,
966 1660 1056 1690 5300,
1072 1653 1161 1690 5360,
1178 1653 1268 1690 5376,
1284 1654 1382 1690 5893:
1411 1657 1443 1681 et
1461 1654 1550 1690 quod
1571 1650 1752 1691 ‘'plateae''

252 1706 313 1734 sint
328 1715 403 1735 vera
417 1705 592 1740 doetrinae,
612 1715 643 1735 n.
664 1706 773 1744 2336.)
845 1695 964 1748 Quia
997 1699 1022 1716 “
1035 1695 1227 1748 Vigilare
1239 1694 1259 1710 ”
1289 1695 1519 1748 Significat
1549 1696 1752 1748 recipere

253 1758 395 1804 vitam
427 1756 723 1811 spiritualem,
751 1757 856 1798 inde
891 1757 1154 1798 “dormire’‘
1186 1756 1415 1810 significat
1442 1758 1584 1798 vitam
1618 1763 1752 1797 natu-

252 1820 394 1861 ralem
425 1820 595 1874 absque
631 1820 865 1873 spirituali,
900 1821 1112 1874 quoniam
1150 1819 1263 1860 haec
1297 1821 1392 1860 vita
1424 1821 1481 1860 ad
1522 1820 1646 1861 illam
1681 1828 1752 1862 est

253 1884 368 1925 sicut
395 1896 580 1924 somnus
612 1884 669 1924 ad
696 1883 911 1937 vigiliam,
940 1890 990 1924 ut
1021 1897 1157 1937 supra
1188 1881 1357 1924 dictum
1390 1890 1474 1925 est.
1538 1883 1640 1926 Hoc
1673 1899 1753 1939 per

254 1947 486 1988 “dormire
497 1947 522 1982 ”v
542 1946 822 2001 significatur
847 1947 967 2000 apud
991 1946 1288 1996 Mattlzaeum,

320 2038 342 2051 ‘⁸
354 2037 475 2068 Simile
489 2042 544 2069 est
557 2047 707 2078 regnum
721 2036 900 2068 caelorum
913 2037 1051 2068 homini
1066 2037 1200 2068 serenti
1214 2037 1349 2068 bonum
1364 2046 1488 2068 semen
1503 2037 1538 2068 in
1556 2047 1644 2078 agro
1662 2048 1728 2070 suo
1743 2048 1752 2078 ;

425 2091 504 2112 cum
523 2087 643 2112 autern
661 2081 859 2112 dormirent
875 2081 1052 2119 homines,
1073 2081 1172 2112 venit
1189 2081 1355 2112 inimicus
1375 2087 1410 2112 et
1434 2081 1527 2113 sevit
1543 2082 1678 2113 zizania
1700 2082 1753 2114 in-

424 2131 478 2156 ter
494 2124 665 2156 triticum’
670 2124 779 2165 ’(xiii.
797 2133 849 2164 24,
863 2125 940 2165 25);

251 2195 371 2249 apud
397 2195 660 2245 Jeremz'am,

319 2269 444 2301 “Cum
468 2269 691 2307 incaluerint,
711 2278 843 2309 ponam
868 2268 1034 2300 convivia
1057 2278 1193 2306 eorum,
1214 2274 1250 2299 et
1273 2268 1458 2299 inebriabo
1475 2278 1538 2300 eos
1556 2274 1594 2300 ut
1617 2268 1753 2301 dormi-

425 2318 487 2344 ant
503 2322 670 2344 somnum
689 2312 832 2350 saeculi,
853 2322 918 2344 nec
934 2312 1106 2353 evigilent
1117 2311 1134 2324 ’'
1152 2312 1201 2352 (li.
1219 2321 1271 2353 39,
1291 2311 1366 2353 57);

251 2384 368 2438 apud
396 2383 636 2433 Davidem,

319 2458 516 2498 “Respice,
537 2457 665 2489 exaudi
689 2468 757 2496 me,
783 2457 947 2500 Jehovah
973 2457 1071 2488 Deus
1096 2457 1165 2495 mi;
1191 2456 1355 2488 illumina
1378 2456 1501 2488 ocutos
1527 2454 1677 2495 [²]meOS,
1705 2466 1751 2489 ne

424 2502 516 2533 forte
532 2502 708 2533 dormiam
727 2507 880 2533 mortem
891 2501 910 2513 ’¹
927 2501 1074 2541 (Psalm.
1088 2501 1161 2533 xiii.
1174 2509 1197 2540 4
1216 2499 1277 2543 [B.
1292 2501 1339 2533 A.
1354 2498 1406 2542 3])
1420 2510 1427 2540 ;

250 2562 369 2617 apud
394 2561 604 2611 eundem,

319 2630 341 2643 ‘⁸
354 2628 492 2660 Praeda
514 2626 599 2659 faeti
623 2633 707 2660 sunt
730 2627 842 2659 fortes
867 2628 985 2665 corde,
1006 2627 1245 2659 dormitarunt
1262 2636 1430 2659 somnum
1447 2637 1551 2658 suum
1566 2636 1590 2665 ;.
1606 2652 1613 2659 .
1627 2652 1635 2659 .
1650 2637 1751 2668 ‚prae

424 2672 743 2758 ὶηὶἓῑρέῑὶιέηὲὗιια
759 2671 977 2703 obdormivit
993 2677 1028 2702 et
1040 2681 1164 2702 currus
1181 2677 1217 2702 et
1233 2670 1373 2712 equus’'
1387 2670 1535 2712 (Psalm.
1551 2671 1661 2703 lxxvi.
1680 2669 1747 2713 [6,]

425 2723 443 2755 7
516 2740 524 2748 ·
577 2740 584 2748 ·
625 2741 632 2754 ²
713 2725 720 2754 ἱ

252 2798 442 2836 “currus
468 2799 515 2835 et
546 2792 718 2847 equus’'
744 2792 1001 2846 significant
1034 2792 1256 2834 ecclesiae
1289 2790 1543 2834 doctrinam
1576 2798 1623 2833 et
1655 2791 1748 2845 ejus

248 2856 546 2906 intellectum,
571 2870 685 2911 quae
714 2857 1007 2898 “obdormire
1019 2856 1038 2871 ''
1064 2857 1274 2897 dicuntur
1300 2870 1402 2897 cum
1429 2856 1601 2910 absque
1629 2856 1747 2896 veris

249 2927 368 2969 sunt,
393 2927 439 2962 et
462 2920 566 2961 inde
592 2920 730 2960 homo
753 2919 973 2961 ecclesiae
996 2919 1167 2973 absque
1189 2920 1284 2960 vita
1307 2918 1531 2973 spirituali
1559 2933 1638 2972 per
1654 2918 1746 2959 illa.

249 2984 361 3021 (Quod
377 2987 394 2998 ⁴·
405 2993 515 3013 currus
529 2988 559 3012 et
581 2983 655 3019 equi
665 2982 681 2992 ''
698 2983 730 3011 in
744 2983 853 3011 Verbo
874 2982 1050 3020 significent
1065 2982 1243 3012 doctrinam
1259 2987 1290 3011 et
1311 2982 1534 3017 intellectuale,
1551 2982 1696 3010 videatur
1715 2980 1748 3010 in

248 3029 403 3067 opusculo
419 3030 470 3058 De
482 3030 574 3066 Equo
589 3028 679 3062 Albo,
695 3037 725 3057 n.
745 3027 828 3065 1-5.)
