2060 3476
367 359 449 403 50'4
779 357 1110 391 APOCALYPSIS
1141 358 1441 391 EXPLICATA.

362 471 533 513 Verum
555 472 600 512 in
623 471 735 521 luce,
761 478 809 513 ut
832 470 998 513 dietum
1021 478 1105 521 est,
1129 472 1232 513 ideo
1254 486 1333 526 per
1357 470 1646 520 “dextram’'
1668 483 1769 512 cum
1791 470 1848 512 de

363 532 576 581 Domino,
603 532 743 573 etiam
773 532 1054 586 significatur
1081 532 1414 573 omniscientia.
1473 541 1586 580 (Quod
1599 542 1641 571 ad
1655 542 1801 571 dextrum
1816 541 1847 570 in

360 591 449 620 caelo
463 592 502 619 sit
513 591 668 625 meridies,
681 596 711 620 et
722 592 811 628 quod
825 591 867 620 ibi
881 591 920 620 sit
935 592 1087 620 Divinum
1098 591 1218 620 Verum
1233 591 1266 620 in
1279 591 1359 625 luce,
1371 600 1409 620 ac
1423 591 1466 619 illi
1478 591 1531 627 qui
1546 590 1589 618 ibi
1603 590 1635 618 in
1645 590 1850 627 intelligentia

359 641 389 664 et
404 636 564 673 sapientia.
580 640 611 665 et
625 636 714 673 quod
728 636 770 665 ad
783 636 942 665 sinistrum
957 636 999 665 ibi
1014 637 1052 665 sit
1066 636 1245 674 septentrio,
1258 640 1290 665 et
1304 635 1393 672 quod
1406 635 1450 664 ibi
1464 635 1503 664 sit
1519 635 1669 664 Divinum
1681 635 1802 664 Verum
1816 634 1849 663 in

359 681 482 715 umbra,
494 681 637 710 videatur
651 681 682 710 in
697 690 793 719 opere
806 682 856 710 De
871 681 962 710 Caelo
977 684 1008 710 et
1021 681 1158 719 Inferna,
1171 681 1225 709 ubi
1240 680 1342 718 agitur
1354 680 1404 708 De
1417 680 1562 716 Quatuor
1575 679 1678 717 Plagis
1691 679 1724 708 in
1739 679 1848 714 Caelo,

360 734 390 755 n.
406 733 559 763 141-153;
582 727 670 763 quod
685 726 787 755 omnis
801 726 943 763 potentia
956 726 995 755 sit
1010 735 1048 754 ex
1066 726 1182 754 Divino
1198 726 1290 754 Bono
1305 733 1362 762 per
1377 725 1528 753 Divinum
1543 725 1674 759 Verum.
1686 724 1719 753 in
1734 724 1848 753 eodem

358 779 454 807 opere
470 770 523 799 ubi
537 771 640 809 agitur
655 771 705 800 De
722 771 867 800 Potentia
881 771 1078 808 Angelorum
1093 770 1191 804 Caeli.
1207 779 1237 799 n.
1255 771 1411 809 2²8-233j
1435 774 1502 798 tum
1517 770 1605 806 quod
1620 769 1723 798 omnis
1737 769 1850 798 intelli-

357 815 464 852 gentia
477 820 508 844 et
521 816 674 853 sapientia
685 815 779 845 etiam
791 816 829 844 sit
846 825 884 844 ex
901 815 1017 844 Divino
1034 815 1125 844 Bono
1140 823 1197 852 per
1209 814 1359 843 Divinum
1371 814 1501 849 Verum,
1514 814 1546 843 in
1557 815 1672 843 eodem
1684 823 1780 852 opere
1794 813 1849 843 ubi

359 860 461 897 agitur
477 860 527 889 De
542 861 702 898 Sapientia
715 860 912 898 Angelorum
928 859 1025 894 Caeli,
1042 868 1072 889 n.
1089 860 1244 896 265-275;
1267 868 1304 888 ac
1320 859 1370 888 De
1385 859 1584 897 Sapientibus
1599 863 1630 888 et
1647 859 1849 897 Simplicibus

358 905 389 933 in
406 904 514 939 Caelo,
530 914 562 935 n.
578 905 742 943 346—356.)

441 959 523 1014 [b.]
571 959 706 1013 Quod
744 964 769 981 ‘⁴
786 959 994 1013 dextra,''
1033 972 1134 1000 cum
1174 959 1230 1000 de
1274 959 1487 1007 Domino,
1529 958 1755 1012 significet
1798 965 1846 1000 et

358 1022 737 1075 omnipotentiam
755 1028 801 1062 et
824 1021 1201 1070 omniscientiam,
1221 1026 1267 1062 et
1290 1034 1391 1062 cum
1409 1021 1465 1062 de
1487 1020 1742 1061 hominibus
1764 1034 1845 1074 po-

358 1085 549 1125 tentiam
577 1090 621 1125 et
649 1083 931 1137 sapientiam,
957 1089 1140 1124 constat
1167 1097 1226 1124 ex
1248 1083 1538 1137 sequentibus
1561 1082 1629 1123 his
1652 1082 1762 1124 locis
1779 1096 1848 1123 :—

357 1147 497 1200 Apud
526 1147 762 1195 Davidem,

425 1244 448 1257 ⁴⁴
459 1242 745 1284 Septentrionem
762 1249 797 1274 et
809 1243 969 1274 dextram
984 1242 1039 1274 Tu
1052 1242 1180 1274 creasti
1194 1252 1201 1280 ς
1226 1242 1370 1274 Thabor
1385 1248 1421 1274 et
1438 1241 1619 1273 Chermon
1637 1251 1700 1282 per
1713 1251 1846 1274 nomen

531 1293 628 1318 tuum
643 1287 852 1318 exultabunt
865 1296 872 1324 ;
893 1286 974 1318 Tibi
988 1286 1170 1318 brachium
1184 1295 1263 1317 cum
1277 1286 1407 1318 virtute
1420 1295 1427 1323 ς
1448 1285 1552 1317 fortis
1566 1291 1620 1317 est
1633 1295 1760 1318 manus
1772 1292 1843 1324 tua,

531 1330 743 1361 exaltabitur
768 1330 892 1361 dextra
917 1335 997 1367 tua:
1029 1329 1167 1370 justitia
1193 1335 1228 1361 et
1251 1329 1422 1370 judicium
1450 1329 1600 1360 fulcrum
1627 1329 1746 1360 throni
1774 1329 1823 1361 tui
1839 1339 1846 1366 ς

531 1373 776 1459 ῐηίεεῐίῗοτάἱε,
792 1379 827 1405 et
843 1373 982 1458 verjtas.
991 1373 1189 1405 consistent
1205 1379 1288 1405 ante
1306 1373 1414 1405 facies
1428 1379 1507 1404 tuas
1518 1372 1536 1384 '¹
1551 1372 1696 1412 (Psalm.
1711 1373 1844 1405 lxxxix.

535 1425 637 1456 13—15
674 1417 717 1449 B.
732 1419 778 1449 A.
796 1425 900 1456 12-14
920 1418 952 1456 );

357 1513 476 1567 quod
504 1527 582 1567 per
609 1512 891 1554 “dextram’'
918 1512 988 1553 hic
1015 1507 1298 1565 intelligatur
1324 1512 1544 1560 meridies,
1574 1518 1716 1565 patet,
1741 1525 1846 1552 nam

357 1577 531 1626 dicitur,
551 1580 576 1596 ‘¹
593 1575 961 1629 Septentrionem
979 1582 1024 1616 et
1043 1575 1256 1616 dextram
1274 1575 1343 1615 Tu
1361 1575 1525 1616 creasti
1542 1574 1576 1625 ;'‘
1605 1588 1656 1616 ac
1675 1578 1699 1595 “
1713 1575 1846 1616 meri-

357 1639 483 1680 dies”
515 1638 739 1692 significat
777 1638 988 1679 Divinum
1021 1638 1191 1679 Verum
1229 1639 1273 1678 in
1311 1637 1423 1686 luce,
1456 1638 1520 1678 ita
1555 1637 1600 1678 in
1636 1650 1847 1691 supremo

358 1716 492 1743 sensu
512 1701 575 1756 (in
594 1716 681 1755 quo
699 1702 754 1743 de
773 1701 989 1756 Domino)
1007 1701 1387 1755 omnipotentiam
1405 1706 1451 1742 et
1469 1701 1844 1749 omniscientiam,

359 1780 472 1819 quae
491 1772 594 1806 sunt
615 1765 779 1806 Divino
798 1764 925 1806 Bono
943 1779 1021 1818 per
1039 1765 1250 1805 Divinum
1266 1763 1450 1813 Verum,
1466 1770 1514 1804 ut
1532 1777 1664 1817 supra
1677 1762 1846 1824 dictum

359 1835 442 1870 est.
516 1827 632 1882 Quia
664 1834 852 1882 utraque
884 1835 978 1869 tam
1011 1828 1342 1881 omnipotentia
1368 1839 1501 1881 quam
1533 1827 1847 1868 omniscientia

358 1891 649 1945 significatur,
679 1891 782 1932 ideo
813 1891 975 1932 dicitur
1009 1890 1232 1932 “Thabor
1263 1896 1310 1931 et
1342 1889 1608 1938 Chermon,'’
1637 1889 1846 1942 “justitia

358 1963 403 1997 et
422 1955 674 2008 judicium,”
700 1955 1041 1996 “misericordia
1063 1961 1109 1996 et
1132 1955 1299 1995 veritas
1316 1953 1350 1994 :‘'
1382 1967 1460 2006 per
1480 1952 1775 1994 “Thaborem
1797 1959 1844 1994 et

360 2018 693 2060 Chermonem'’
711 2018 1020 2072 significantur
1038 2019 1111 2072 qui
1133 2018 1177 2058 in
1201 2017 1365 2058 Divino
1389 2016 1516 2057 Bono
1538 2029 1589 2057 ac
1612 2017 1656 2056 in
1679 2016 1845 2057 Divino

357 2081 481 2122 Vero
499 2088 617 2130 sunt,
638 2095 715 2135 per
735 2081 990 2134 “justitiam
1009 2087 1056 2122 et
1074 2080 1285 2133 judicium
1299 2078 1318 2095 ’'
1336 2078 1614 2132 significatur
1632 2078 1844 2119 Divinum

361 2145 536 2186 Bonum
567 2158 618 2185 ac
652 2145 864 2185 Divinum
891 2144 1076 2192 Verum,
1110 2143 1314 2184 similiter
1345 2156 1423 2196 per
1457 2142 1845 2182 “misericordiam

360 2214 405 2248 et
427 2209 667 2248 veritatem
686 2207 719 2258 ;”
746 2221 824 2260 per
841 2213 1077 2260 utrumque
1096 2205 1225 2247 simul
1248 2206 1292 2246 in
1315 2219 1447 2246 sensu
1465 2204 1683 2259 spirituali
1705 2206 1843 2258 signi-

359 2270 517 2311 fleatur
532 2271 743 2311 Divinum
762 2270 936 2312 Bonum
954 2284 1032 2323 per
1050 2270 1261 2310 Divinum
1276 2268 1459 2310 Verum.
1499 2267 1845 2321 Omnipotentia

359 2340 405 2375 et
423 2334 750 2381 omniscientia,
767 2347 880 2386 quae
895 2339 998 2373 sunt
1018 2333 1182 2373 Divino
1199 2332 1326 2373 Bono
1340 2345 1418 2385 per
1432 2331 1644 2371 Divinum
1659 2330 1843 2379 Verum,

359 2395 635 2450 significatur
653 2410 730 2449 per
750 2396 889 2436 “Tibi
906 2395 1138 2436 brachium
1156 2408 1256 2436 cum
1275 2394 1482 2442 virtute‚'’
1497 2401 1542 2435 et
1560 2407 1638 2447 per
1655 2393 1844 2434 “Fortis

359 2466 429 2501 est
455 2473 613 2500 manus
639 2466 729 2507 tua,
757 2459 1037 2501 exaltabitur
1063 2459 1228 2499 dextra
1254 2457 1369 2499 tua.’'
1429 2457 1567 2511 Apud
1593 2456 1801 2505 eundem,

428 2549 496 2581 “Si
516 2548 774 2632 Oblitus..fue)r⁰
794 2549 856 2586 tui,
882 2548 1146 2589 Hierosolyma,
1170 2548 1282 2579 oblita
1304 2547 1410 2579 fuerit
1428 2547 1553 2579 dextra
1571 2545 1678 2578 mea’'
1697 2545 1843 2587 (Psalm.

532 2602 683 2624 cxxxvii.
700 2600 716 2631 5
745 2602 752 2629 ;

362 2684 389 2700 “
405 2677 754 2731 Hierosolyma”
768 2677 991 2731 significat
1010 2677 1246 2718 ecclesiam
1261 2677 1408 2731 quoad
1427 2675 1677 2717 doctrinam
1696 2676 1846 2716 Divini

359 2742 482 2791 Veri,
501 2747 547 2782 et
568 2741 763 2781 “dextra
780 2740 1003 2793 Jehovae”
1023 2740 1234 2781 Divinum
1253 2740 1423 2781 Verum
1441 2741 1485 2780 in
1503 2739 1615 2788 luce,
1635 2739 1846 2793 quoniam

363 2805 432 2858 (ut
455 2818 586 2858 supra
604 2802 772 2844 dictum
795 2802 885 2856 est)
912 2804 969 2844 ad
991 2803 1203 2844 dextram
1227 2803 1409 2843 Domini
1431 2804 1474 2843 in
1497 2801 1624 2843 caelo
1646 2808 1750 2843 sunt
1772 2803 1846 2856 qui

360 2870 404 2909 in
441 2868 539 2909 luce
575 2873 621 2908 et
658 2867 702 2907 in
739 2867 960 2920 sapientia
991 2880 1050 2907 ex
1087 2866 1251 2906 Divino
1283 2865 1434 2906 Vero:
1476 2866 1580 2906 inde
1611 2870 1739 2918 patet
1769 2877 1846 2905 cur

360 2931 534 2979 dicitur,
571 2929 655 2971 “Si
692 2930 858 2970 oblitus
895 2929 1017 2970 fuero
1053 2929 1131 2978 tui,
1172 2927 1505 2981 Hierosolyma,
1538 2927 1679 2969 oblita
1714 2927 1844 2968 fuerit

358 2995 523 3035 dextra
550 2992 688 3034 mea.’'
750 2991 886 3046 Apud
913 2992 1121 3042 eundern,
