2060 3476
614 350 721 384 CAP.
744 350 830 390 111„
853 348 992 381 VERS.
1019 347 1162 379 1.-—N.
1190 335 1355 392 183[a].
1649 342 1733 388 247

237 478 407 516 verum,
434 480 549 521 quae
574 465 632 507 ad
657 464 760 506 illos
786 478 846 506 ex
872 477 920 505 se
946 469 992 505 et
1018 477 1078 504 ex
1104 461 1274 503 mundo
1299 459 1501 502 influunt.
1563 457 1639 499 Ex
1664 457 1734 498 his

238 543 416 584 quoque
439 531 539 572 sciri
564 535 732 584 potest,
757 527 862 582 quid
889 526 1070 568 moralis
1092 526 1187 567 vita
1212 539 1271 566 ex
1298 522 1531 578 spirituali,
1554 528 1602 562 et
1628 520 1734 575 quid

237 593 420 634 moralis
451 594 546 635 vita
576 593 744 646 absque
778 589 1023 645 spirituali;
1070 588 1190 643 quod
1227 601 1391 641 nempe
1424 585 1606 627 moralis
1637 585 1735 625 vita

237 671 298 698 ex
324 656 541 711 spirituali
572 657 630 697 sit
655 669 760 696 vere
792 653 974 695 moralis
999 653 1108 702 vita,
1135 665 1250 706 quae
1275 649 1472 691 dicenda
1502 655 1572 690 est
1604 647 1732 702 spiri-

237 719 386 769 tualis,
414 720 626 774 quoniam
651 733 786 760 causa
811 724 858 759 et
885 718 1012 770 origo
1038 715 1131 769 ejus
1158 721 1228 756 est
1254 714 1386 764 inde;
1418 719 1465 754 at
1492 711 1613 766 quod
1639 712 1735 752 vita

238 783 421 825 moralis
446 784 615 837 absque
641 781 859 836 spirituali
890 794 982 822 non
1008 781 1065 821 sit
1090 780 1185 820 vita
1216 778 1414 826 moralis,
1442 783 1487 817 et
1519 789 1634 830 quae
1665 774 1733 815 di-

237 847 384 888 cenda
416 853 486 888 est
517 846 759 895 infernalis,
787 858 891 886 nam
923 850 1143 898 quantum
1175 843 1219 883 in
1251 856 1304 883 ea
1327 846 1488 894 regnat
1516 852 1643 880 amor
1668 839 1735 878 sui

237 916 284 951 et
311 910 479 959 mundi,
506 916 686 951 tantum
716 909 794 950 illa
818 915 889 950 est
915 906 1198 949 fraudulenta
1224 912 1271 947 et
1302 904 1596 958 hypocritica.
1658 902 1734 943 Ex

237 987 355 1015 nunc
387 972 518 1015 dictis
549 974 687 1014 etiam
720 971 928 1013 concludi
960 977 1115 1025 potest
1146 969 1277 1024 quale
1310 975 1379 1009 est
1412 965 1618 1008 sanctum
1650 979 1734 1006 ex-

237 1043 431 1086 ternum,
455 1050 534 1091 per
555 1036 675 1091 quod
697 1035 965 1089 intelligitur
986 1033 1134 1075 cultus
1155 1034 1199 1074 in
1226 1032 1426 1086 templis,
1450 1030 1735 1085 precationes

238 1114 290 1141 ac
317 1107 473 1154 gestus
498 1106 621 1148 tunc,
649 1099 767 1153 apud
793 1098 894 1140 illos
920 1098 993 1152 qui
1018 1098 1063 1138 in
1088 1110 1242 1138 amore
1269 1097 1334 1136 sui
1360 1101 1406 1136 et
1434 1094 1588 1135 mundi
1614 1099 1733 1141 sunt,

238 1170 285 1205 et
317 1177 456 1218 usque
482 1170 774 1218 apparentem
801 1163 942 1203 vitam
969 1160 1187 1202 moralem
1218 1165 1386 1213 agunt;
1419 1158 1539 1212 quod
1572 1170 1735 1210 nempe

240 1227 348 1268 nihil
375 1241 434 1268 ex
462 1227 548 1268 illis
575 1226 778 1268 elevetur
803 1225 861 1266 ad
889 1225 1063 1266 caelum
1090 1230 1137 1265 et
1168 1223 1376 1265 audiatur
1401 1223 1474 1270 ibi,
1501 1221 1581 1262 sed
1614 1220 1735 1274 quod

239 1290 425 1332 effluant
447 1305 507 1332 ex
525 1290 673 1344 aliqua
690 1290 971 1343 cogitatione
989 1289 1169 1330 externi
1191 1301 1269 1328 seu
1287 1285 1504 1327 naturalis
1526 1285 1734 1332 hominis,

238 1361 285 1396 et
317 1355 379 1395 sic
412 1368 472 1395 ex
498 1367 574 1395 ore
605 1353 784 1394 illorum
815 1354 859 1393 in
892 1352 1135 1393 mundum:
1169 1351 1406 1392 interiores
1434 1350 1554 1389 enim
1580 1361 1736 1389 eorum

240 1418 560 1472 cogitationes,
588 1431 702 1471 quae
729 1422 834 1457 sunt
866 1416 1002 1470 ipsius
1034 1416 1214 1469 spiritus
1241 1427 1409 1462 eorum,
1438 1419 1542 1453 sunt
1575 1412 1736 1466 plenae

239 1483 408 1523 astutia
439 1487 486 1522 et
517 1480 671 1522 fraude
703 1486 863 1521 contra
895 1480 1151 1533 proximum
1169 1492 1178 1529 ;
1217 1484 1262 1519 et
1300 1491 1439 1530 usque
1465 1476 1660 1517 elevatio
1692 1476 1736 1515 in

239 1544 414 1586 caelum
454 1543 504 1585 fit
549 1558 627 1598 per
665 1544 902 1585 interiora:
951 1549 997 1584 et
1042 1548 1277 1596 praeterea
1315 1540 1462 1582 cultus
1500 1553 1654 1581 eorum
1693 1540 1737 1579 in

240 1607 437 1662 templiS,
465 1621 516 1648 ac
544 1608 830 1661 precationes
857 1613 903 1648 et
930 1613 1087 1659 gestus
1114 1612 1237 1654 tunc,
1267 1611 1371 1645 sunt
1398 1604 1470 1645 vel
1495 1618 1555 1645 ex
1582 1617 1736 1644 assue-

239 1672 397 1715 tudine
423 1671 482 1712 ab
507 1671 694 1712 infantia
719 1677 766 1712 et
797 1671 901 1711 inde
927 1669 1144 1718 familiari,
1171 1668 1244 1710 vel
1276 1682 1335 1710 ex
1368 1668 1585 1722 principio
1616 1667 1737 1721 quod

240 1741 435 1777 externa
471 1734 581 1776 talia
617 1734 784 1775 facian-t
821 1747 955 1775 omne
992 1733 1049 1774 ad
1082 1732 1291 1781 salutem,
1327 1731 1400 1772 vel
1438 1746 1497 1772 ex
1530 1745 1585 1772 eo
1616 1730 1737 1785 quod

241 1799 399 1840 diebus
431 1798 556 1839 festis
583 1797 693 1838 nihil
725 1798 899 1851 negotii
931 1798 988 1838 sit
1020 1796 1107 1838 illis
1139 1795 1262 1837 domi
1293 1809 1344 1836 ac
1376 1795 1494 1844 foris,
1521 1794 1593 1835 vel
1626 1808 1681 1835 ne
1713 1808 1740 1834 a

239 1863 371 1904 sociis
396 1862 638 1903 credantur
668 1862 802 1915 impii.
863 1860 931 1901 At
963 1860 1109 1902 cultus
1141 1859 1259 1913 apud
1286 1859 1386 1900 illos
1413 1859 1487 1912 qui
1519 1857 1737 1899 moralem

238 1927 382 1967 vitam
413 1939 473 1966 ex
505 1926 679 1979 origine
716 1924 935 1978 spirituali
966 1925 1139 1973 vivunt,
1172 1937 1353 1977 prorsus
1385 1923 1496 1963 alius
1528 1928 1624 1972 est;
1667 1928 1738 1962 est

239 1990 359 2031 enim
381 2003 486 2030 vere
512 1988 660 2030 cultus
687 1988 786 2038 Dei,
811 2001 916 2029 nam
942 1988 1226 2041 precationes
1248 2000 1402 2028 eorum
1425 1986 1660 2027 elevantur
1681 1985 1738 2025 ad

239 2053 416 2095 caelum
442 2059 489 2094 et
520 2052 774 2101 audiuntur,
801 2052 925 2093 ducit
952 2052 1071 2092 enim
1099 2050 1321 2091 Dominus
1347 2050 1634 2103 precationes
1660 2063 1738 2090 eo-

239 2127 338 2156 rum
373 2127 454 2168 per
483 2113 664 2155 Caelum
694 2113 753 2154 ad
784 2112 857 2154 Se.
916 2123 995 2162 (Sed
1009 2123 1104 2161 plura
1118 2123 1158 2152 de
1172 2122 1222 2151 his
1235 2122 1403 2151 videantur
1421 2122 1454 2150 in
1469 2130 1565 2159 opere
1582 2122 1632 2151 De
1650 2121 1741 2151 Caelo
1775 2121 1781 2126 '

239 2182 270 2208 et
287 2179 424 2218 Inferna,
444 2187 476 2208 n.
491 2179 651 2216 468„484.
667 2184 737 2215 529,
757 2181 971 2215 530-534fet
989 2185 1086 2214 supra
1108 2176 1141 2205 in
1162 2175 1385 2214 Explicatione
1405 2179 1502 2213 super
1517 2175 1740 2213 Apocalypsin,

241 2243 283 2270 n.
315 2238 423 2282 107.)
485 2229 613 2270 Haec
636 2229 883 2283 praemissa
905 2234 1010 2268 sunt
1032 2228 1135 2281 quia
1155 2227 1200 2267 in
1227 2226 1404 2279 scriptis
1426 2225 1483 2266 ad
1506 2225 1739 2279 Angelum

240 2292 368 2346 hujus
400 2292 636 2333 Ecclesiae
667 2293 816 2346 agitur
847 2292 904 2332 de
935 2291 1023 2331 illis
1054 2289 1383 2344 qui'moralem
1409 2290 1550 2330 vitam
1581 2295 1739 2343 agunt,

241 2356 321 2397 sed
344 2369 435 2397 non
457 2355 749 2409 spiritualem,
774 2370 833 2396 ex
857 2368 991 2396 causa
1013 2355 1116 2409 quia
1137 2354 1262 2408 parvi
1288 2353 1492 2407 pendunt
1515 2353 1740 2406 cognitio-

242 2433 322 2461 nes
347 2418 655 2473 spiritualium.

322 2490 533 2546 183[a].
571 2492 719 2532 “Haeo
747 2491 847 2532 dicit
872 2491 1027 2532 habens
1050 2494 1204 2543 septem
1232 2489 1399 2543 spir-itus
1433 2489 1740 2543 Bet'.”——-Quod

242 2553 466 2607 significet
479 2553 716 2594 Dominum
732 2567 789 2593 ex
800 2567 882 2606 quo
899 2553 1046 2593 omnia
1062 2566 1169 2593 vera
1181 2551 1293 2593 caeli
1303 2558 1346 2592 et
1359 2552 1560 2593 ecclesiae
1578 2551 1656 2605 [ex
1674 2551 1741 2593 his

242 2624 453 2659 constare
475 2616 649 2670 potest]
669 2630 678 2657 ε
706 2616 827 2670 quod
844 2617 902 2657 sit
921 2616 1142 2657 Dominus
1160 2616 1232 2669 qui
1250 2615 1532 2669 intelligitur,
1551 2622 1621 2656 est
1640 2616 1743 2669 quia

242 2687 313 2723 est
328 2680 467 2721 Filius
480 2680 674 2721 hominis
685 2681 759 2734 qui
773 2680 884 2721 haec
897 2679 1029 2728 dixit,
1042 2686 1091 2720 ut
1105 2693 1282 2733 quoque
1296 2679 1353 2720 ad
1368 2679 1636 2732 reliquarum
1652 2679 1741 2720 Ec-

242 2744 479 2786 clesiarum
499 2743 721 2797 Angelos,
741 2749 788 2784 et
808 2747 832 2763 “
851 2743 990 2807 Filius
1011 2743 1236 2784 hominis’'
1255 2749 1325 2784 est
1349 2743 1570 2783 Dominus
1593 2742 1741 2796 quoad

242 2808 458 2849 Divinum
479 2807 740 2847 Humanum
762 2805 989 2860 (videatur
1006 2820 1152 2860 supra,
1172 2820 1213 2846 n.
1231 2806 1300 2858 63,
1326 2805 1438 2860 151).
1501 2807 1583 2847 Per
1602 2810 1626 2826 ‘⁶
1640 2819 1757 2858 sep--

242 2877 337 2912 tem
355 2871 536 2925 spiritus
555 2870 670 2911 Dei”
687 2869 1004 2923 intelliguntur
1022 2870 1172 2911 omnia
1189 2883 1295 2910 vera
1312 2869 1424 2910 caeli
1443 2876 1489 2910 et
1507 2868 1740 2917 ecclesiae,

242 2948 303 2976 ex
329 2948 464 2976 causa
490 2935 593 2988 quia
620 2932 850 2988 “Spiritus
877 2933 993 2975 Dei'’
1019 2934 1063 2974 in
1090 2933 1247 2975 Verbo
1276 2933 1501 2986 significat
1530 2933 1742 2973 Divinum

242 2997 414 3039 Verum
437 2997 689 3052 procedens
715 3011 741 3039 a
767 2997 979 3039 Domino.
1040 2997 1197 3039 Multis
1223 2998 1267 3038 in
1294 2996 1405 3038 locis
1432 2997 1475 3037 in
1498 2996 1653 3037 Verbo
1675 2995 1742 3036 di-
