<?xml version="1.0" encoding="UTF-8"?>
<!DOCTYPE html PUBLIC "-//W3C//DTD XHTML 1.0 Transitional//EN"
    "http://www.w3.org/TR/xhtml1/DTD/xhtml1-transitional.dtd">
<html xmlns="http://www.w3.org/1999/xhtml" xml:lang="en" lang="en">
 <head>
  <title>
</title>
<meta http-equiv="Content-Type" content="text/html;charset=utf-8" />
  <meta name='ocr-system' content='tesseract 3.04.00' />
  <meta name='ocr-capabilities' content='ocr_page ocr_carea ocr_par ocr_line ocrx_word'/>
</head>
<body>
  <div class='ocr_page' id='page_1' title='image "apocalypsisexpli01sweduoft_0237.png"; bbox 0 0 2060 3476; ppageno 0'>
   <div class='ocr_carea' id='block_1_1' title="bbox 671 354 1756 408">
    <p class='ocr_par' dir='ltr' id='par_1_1' title="bbox 671 354 1756 408">
     <span class='ocr_line' id='line_1_1' title="bbox 671 354 1756 408; baseline 0 -13"><span class='ocrx_word' id='word_1_1' title='bbox 671 362 779 396; x_wconf 85' lang='lat' dir='ltr'>CAP.</span> <span class='ocrx_word' id='word_1_2' title='bbox 803 363 869 405; x_wconf 92' lang='lat'><strong>11.,</strong></span> <span class='ocrx_word' id='word_1_3' title='bbox 892 362 1033 396; x_wconf 81' lang='lat' dir='ltr'><strong>VERs.</strong></span> <span class='ocrx_word' id='word_1_4' title='bbox 1056 363 1231 407; x_wconf 85' lang='lat' dir='ltr'><em>27.—N.</em></span> <span class='ocrx_word' id='word_1_5' title='bbox 1261 354 1349 408; x_wconf 91' lang='lat'>176.</span> <span class='ocrx_word' id='word_1_6' title='bbox 1676 364 1756 407; x_wconf 90' lang='lat'><strong>231</strong></span> 
     </span>
    </p>
   </div>
   <div class='ocr_carea' id='block_1_2' title="bbox 259 474 1763 1855">
    <p class='ocr_par' dir='ltr' id='par_1_2' title="bbox 259 474 1763 1855">
     <span class='ocr_line' id='line_1_2' title="bbox 263 474 1763 530; baseline -0.001 -13"><span class='ocrx_word' id='word_1_7' title='bbox 263 476 366 530; x_wconf 90' lang='lat' dir='ltr'><strong>quia</strong></span> <span class='ocrx_word' id='word_1_8' title='bbox 379 476 529 518; x_wconf 87' lang='lat' dir='ltr'><strong>omnia</strong></span> <span class='ocrx_word' id='word_1_9' title='bbox 543 474 662 517; x_wconf 81' lang='lat' dir='ltr'><strong>m&#39;ala</strong></span> <span class='ocrx_word' id='word_1_10' title='bbox 678 482 724 517; x_wconf 93' lang='lat' dir='ltr'><strong>et</strong></span> <span class='ocrx_word' id='word_1_11' title='bbox 742 475 854 517; x_wconf 89' lang='lat' dir='ltr'><strong>falsa</strong></span> <span class='ocrx_word' id='word_1_12' title='bbox 870 475 914 516; x_wconf 91' lang='lat' dir='ltr'><strong>in</strong></span> <span class='ocrx_word' id='word_1_13' title='bbox 930 475 1122 517; x_wconf 87' lang='lat' dir='ltr'><strong>naturali</strong></span> <span class='ocrx_word' id='word_1_14' title='bbox 1139 475 1321 517; x_wconf 91' lang='lat' dir='ltr'><strong>homine</strong></span> <span class='ocrx_word' id='word_1_15' title='bbox 1336 475 1549 524; x_wconf 86' lang='lat' dir='ltr'><strong>resident,</strong></span> <span class='ocrx_word' id='word_1_16' title='bbox 1567 475 1668 516; x_wconf 90' lang='lat' dir='ltr'><strong>ideo</strong></span> <span class='ocrx_word' id='word_1_17' title='bbox 1685 474 1763 515; x_wconf 88' lang='lat' dir='ltr'><strong>illa</strong></span> 
     </span>
     <span class='ocr_line' id='line_1_3' title="bbox 264 539 1762 594; baseline -0.001 -13"><span class='ocrx_word' id='word_1_18' title='bbox 264 541 476 593; x_wconf 88' lang='lat' dir='ltr'><strong>castigari</strong></span> <span class='ocrx_word' id='word_1_19' title='bbox 501 547 548 581; x_wconf 92' lang='lat' dir='ltr'><strong>et</strong></span> <span class='ocrx_word' id='word_1_20' title='bbox 573 540 770 594; x_wconf 84' lang='lat' dir='ltr'><strong>dispergi</strong></span> <span class='ocrx_word' id='word_1_21' title='bbox 795 539 965 580; x_wconf 91' lang='lat' dir='ltr'><strong>debent</strong></span> <span class='ocrx_word' id='word_1_22' title='bbox 997 553 1076 594; x_wconf 92' lang='lat' dir='ltr'><strong>per</strong></span> <span class='ocrx_word' id='word_1_23' title='bbox 1101 539 1211 580; x_wconf 89' lang='lat' dir='ltr'><strong>talia</strong></span> <span class='ocrx_word' id='word_1_24' title='bbox 1236 554 1352 593; x_wconf 90' lang='lat' dir='ltr'><strong>quae</strong></span> <span class='ocrx_word' id='word_1_25' title='bbox 1377 541 1513 580; x_wconf 90' lang='lat' dir='ltr'><strong>etiam</strong></span> <span class='ocrx_word' id='word_1_26' title='bbox 1547 539 1619 588; x_wconf 89' lang='lat' dir='ltr'><strong>ibi,</strong></span> <span class='ocrx_word' id='word_1_27' title='bbox 1647 552 1762 592; x_wconf 91' lang='lat' dir='ltr'><strong>quae</strong></span> 
     </span>
     <span class='ocr_line' id='line_1_4' title="bbox 263 602 1762 645; baseline -0.001 -2"><span class='ocrx_word' id='word_1_28' title='bbox 263 611 368 644; x_wconf 90' lang='lat' dir='ltr'><strong>sunt</strong></span> <span class='ocrx_word' id='word_1_29' title='bbox 385 618 492 645; x_wconf 89' lang='lat' dir='ltr'><strong>vera</strong></span> <span class='ocrx_word' id='word_1_30' title='bbox 512 605 556 644; x_wconf 91' lang='lat' dir='ltr'><strong>in</strong></span> <span class='ocrx_word' id='word_1_31' title='bbox 574 603 766 644; x_wconf 87' lang='lat' dir='ltr'><strong>naturali</strong></span> <span class='ocrx_word' id='word_1_32' title='bbox 787 603 982 643; x_wconf 88' lang='lat' dir='ltr'><strong>homine.</strong></span> <span class='ocrx_word' id='word_1_33' title='bbox 1042 602 1165 643; x_wconf 88' lang='lat' dir='ltr'><strong>Vera</strong></span> <span class='ocrx_word' id='word_1_34' title='bbox 1183 604 1225 643; x_wconf 92' lang='lat' dir='ltr'><strong>in</strong></span> <span class='ocrx_word' id='word_1_35' title='bbox 1246 602 1638 643; x_wconf 85' lang='lat' dir='ltr'><strong>naturali-homine</strong></span> <span class='ocrx_word' id='word_1_36' title='bbox 1656 608 1762 642; x_wconf 89' lang='lat' dir='ltr'><strong>sunt</strong></span> 
     </span>
     <span class='ocr_line' id='line_1_5' title="bbox 263 666 1761 720; baseline -0.001 -12"><span class='ocrx_word' id='word_1_37' title='bbox 263 667 512 708; x_wconf 89' lang='lat' dir='ltr'><strong>scientifica</strong></span> <span class='ocrx_word' id='word_1_38' title='bbox 542 673 588 708; x_wconf 92' lang='lat' dir='ltr'><strong>et</strong></span> <span class='ocrx_word' id='word_1_39' title='bbox 620 667 919 719; x_wconf 84' lang='lat' dir='ltr'><strong>cognitiones,</strong></span> <span class='ocrx_word' id='word_1_40' title='bbox 948 680 1006 707; x_wconf 88' lang='lat' dir='ltr'><strong>ex</strong></span> <span class='ocrx_word' id='word_1_41' title='bbox 1033 667 1192 720; x_wconf 90' lang='lat' dir='ltr'><strong>quibus</strong></span> <span class='ocrx_word' id='word_1_42' title='bbox 1223 666 1362 706; x_wconf 93' lang='lat' dir='ltr'><strong>homo</strong></span> <span class='ocrx_word' id='word_1_43' title='bbox 1394 666 1659 707; x_wconf 86' lang='lat' dir='ltr'><strong>naturaliter</strong></span> <span class='ocrx_word' id='word_1_44' title='bbox 1684 676 1761 706; x_wconf 89' lang='lat' dir='ltr'><strong>co-</strong></span> 
     </span>
     <span class='ocr_line' id='line_1_6' title="bbox 263 729 1761 784; baseline -0.002 -12"><span class='ocrx_word' id='word_1_45' title='bbox 263 732 423 784; x_wconf 89' lang='lat' dir='ltr'><strong>gitare,</strong></span> <span class='ocrx_word' id='word_1_46' title='bbox 451 731 719 777; x_wconf 87' lang='lat' dir='ltr'><strong>ratiocinari,</strong></span> <span class='ocrx_word' id='word_1_47' title='bbox 751 736 796 770; x_wconf 89' lang='lat' dir='ltr'><strong>et</strong></span> <span class='ocrx_word' id='word_1_48' title='bbox 829 729 1100 770; x_wconf 91' lang='lat' dir='ltr'><strong>concludere</strong></span> <span class='ocrx_word' id='word_1_49' title='bbox 1131 736 1285 783; x_wconf 89' lang='lat' dir='ltr'><strong>potest</strong></span> <span class='ocrx_word' id='word_1_50' title='bbox 1318 730 1374 770; x_wconf 93' lang='lat' dir='ltr'><strong>de</strong></span> <span class='ocrx_word' id='word_1_51' title='bbox 1406 730 1522 770; x_wconf 91' lang='lat' dir='ltr'><strong>veris</strong></span> <span class='ocrx_word' id='word_1_52' title='bbox 1553 736 1600 770; x_wconf 94' lang='lat' dir='ltr'><strong>et</strong></span> <span class='ocrx_word' id='word_1_53' title='bbox 1631 729 1761 769; x_wconf 91' lang='lat' dir='ltr'><strong>bonis</strong></span> 
     </span>
     <span class='ocr_line' id='line_1_7' title="bbox 262 793 1761 846; baseline -0.002 -11"><span class='ocrx_word' id='word_1_54' title='bbox 262 794 497 843; x_wconf 91' lang='lat' dir='ltr'><strong>ecclesiae,</strong></span> <span class='ocrx_word' id='word_1_55' title='bbox 525 801 571 835; x_wconf 92' lang='lat' dir='ltr'><strong>et</strong></span> <span class='ocrx_word' id='word_1_56' title='bbox 597 794 653 834; x_wconf 93' lang='lat' dir='ltr'><strong>de</strong></span> <span class='ocrx_word' id='word_1_57' title='bbox 679 793 800 834; x_wconf 89' lang='lat' dir='ltr'><strong>falsis</strong></span> <span class='ocrx_word' id='word_1_58' title='bbox 827 799 872 834; x_wconf 92' lang='lat' dir='ltr'><strong>et</strong></span> <span class='ocrx_word' id='word_1_59' title='bbox 905 793 1034 833; x_wconf 91' lang='lat' dir='ltr'><strong>malis</strong></span> <span class='ocrx_word' id='word_1_60' title='bbox 1060 807 1175 846; x_wconf 90' lang='lat' dir='ltr'><strong>quae</strong></span> <span class='ocrx_word' id='word_1_61' title='bbox 1206 793 1292 833; x_wconf 90' lang='lat' dir='ltr'><strong>illis</strong></span> <span class='ocrx_word' id='word_1_62' title='bbox 1325 794 1536 846; x_wconf 90' lang='lat' dir='ltr'><strong>opposita</strong></span> <span class='ocrx_word' id='word_1_63' title='bbox 1567 799 1686 839; x_wconf 91' lang='lat' dir='ltr'><strong>sunt,</strong></span> <span class='ocrx_word' id='word_1_64' title='bbox 1715 798 1761 832; x_wconf 89' lang='lat' dir='ltr'><strong>et</strong></span> 
     </span>
     <span class='ocr_line' id='line_1_8' title="bbox 262 855 1760 911; baseline -0.002 -13"><span class='ocrx_word' id='word_1_65' title='bbox 262 858 367 899; x_wconf 89' lang='lat' dir='ltr'><strong>inde</strong></span> <span class='ocrx_word' id='word_1_66' title='bbox 389 858 437 898; x_wconf 91' lang='lat' dir='ltr'><strong>in</strong></span> <span class='ocrx_word' id='word_1_67' title='bbox 463 857 657 911; x_wconf 89' lang='lat' dir='ltr'><strong>quadam</strong></span> <span class='ocrx_word' id='word_1_68' title='bbox 688 856 991 897; x_wconf 87' lang='lat' dir='ltr'><strong>illustratione</strong></span> <span class='ocrx_word' id='word_1_69' title='bbox 1023 856 1217 897; x_wconf 87' lang='lat' dir='ltr'><strong>naturali</strong></span> <span class='ocrx_word' id='word_1_70' title='bbox 1244 870 1343 897; x_wconf 92' lang='lat' dir='ltr'><strong>esse</strong></span> <span class='ocrx_word' id='word_1_71' title='bbox 1370 869 1471 896; x_wconf 91' lang='lat' dir='ltr'><strong>cum</strong></span> <span class='ocrx_word' id='word_1_72' title='bbox 1504 855 1616 908; x_wconf 87' lang='lat' dir='ltr'><strong>legit</strong></span> <span class='ocrx_word' id='word_1_73' title='bbox 1644 855 1760 896; x_wconf 92' lang='lat' dir='ltr'><strong>Ver-</strong></span> 
     </span>
     <span class='ocr_line' id='line_1_9' title="bbox 262 920 1761 974; baseline -0.001 -12"><span class='ocrx_word' id='word_1_74' title='bbox 262 923 382 962; x_wconf 86' lang='lat' dir='ltr'><strong>bum.</strong></span> <span class='ocrx_word' id='word_1_75' title='bbox 452 921 655 962; x_wconf 92' lang='lat' dir='ltr'><strong>Verbum</strong></span> <span class='ocrx_word' id='word_1_76' title='bbox 696 921 815 961; x_wconf 91' lang='lat' dir='ltr'><strong>enim</strong></span> <span class='ocrx_word' id='word_1_77' title='bbox 851 921 896 960; x_wconf 89' lang='lat' dir='ltr'><strong>in</strong></span> <span class='ocrx_word' id='word_1_78' title='bbox 930 920 1084 962; x_wconf 87' lang='lat' dir='ltr'><strong>littera</strong></span> <span class='ocrx_word' id='word_1_79' title='bbox 1120 921 1291 974; x_wconf 88' lang='lat' dir='ltr'><strong>absque</strong></span> <span class='ocrx_word' id='word_1_80' title='bbox 1329 920 1632 961; x_wconf 87' lang='lat' dir='ltr'><strong>illustratione</strong></span> <span class='ocrx_word' id='word_1_81' title='bbox 1671 933 1761 960; x_wconf 88' lang='lat' dir='ltr'><strong>non</strong></span> 
     </span>
     <span class='ocr_line' id='line_1_10' title="bbox 261 983 1760 1038; baseline -0.002 -12"><span class='ocrx_word' id='word_1_82' title='bbox 261 985 549 1038; x_wconf 84' lang='lat' dir='ltr'><strong>intelligitur,</strong></span> <span class='ocrx_word' id='word_1_83' title='bbox 578 991 623 1025; x_wconf 93' lang='lat' dir='ltr'><strong>et</strong></span> <span class='ocrx_word' id='word_1_84' title='bbox 655 984 898 1025; x_wconf 86' lang='lat' dir='ltr'><strong>illustratio</strong></span> <span class='ocrx_word' id='word_1_85' title='bbox 929 990 999 1024; x_wconf 88' lang='lat' dir='ltr'><strong>est</strong></span> <span class='ocrx_word' id='word_1_86' title='bbox 1031 983 1103 1024; x_wconf 90' lang='lat' dir='ltr'><strong>vel</strong></span> <span class='ocrx_word' id='word_1_87' title='bbox 1137 983 1378 1037; x_wconf 89' lang='lat' dir='ltr'><strong>spiritualis</strong></span> <span class='ocrx_word' id='word_1_88' title='bbox 1409 983 1482 1024; x_wconf 91' lang='lat' dir='ltr'><strong>vel</strong></span> <span class='ocrx_word' id='word_1_89' title='bbox 1515 983 1760 1032; x_wconf 88' lang='lat' dir='ltr'><strong>naturalis;</strong></span> 
     </span>
     <span class='ocr_line' id='line_1_11' title="bbox 262 1046 1762 1101; baseline -0.002 -12"><span class='ocrx_word' id='word_1_90' title='bbox 262 1048 505 1089; x_wconf 90' lang='lat' dir='ltr'><strong>illustratio</strong></span> <span class='ocrx_word' id='word_1_91' title='bbox 531 1047 772 1101; x_wconf 88' lang='lat' dir='ltr'><strong>spiritualis</strong></span> <span class='ocrx_word' id='word_1_92' title='bbox 799 1047 936 1100; x_wconf 85' lang='lat' dir='ltr'><strong>modo</strong></span> <span class='ocrx_word' id='word_1_93' title='bbox 968 1048 1100 1088; x_wconf 89' lang='lat' dir='ltr'><strong>datur</strong></span> <span class='ocrx_word' id='word_1_94' title='bbox 1125 1047 1244 1100; x_wconf 90' lang='lat' dir='ltr'><strong>apud</strong></span> <span class='ocrx_word' id='word_1_95' title='bbox 1277 1047 1379 1088; x_wconf 93' lang='lat' dir='ltr'><strong>illos</strong></span> <span class='ocrx_word' id='word_1_96' title='bbox 1411 1048 1484 1100; x_wconf 93' lang='lat' dir='ltr'><strong>qui</strong></span> <span class='ocrx_word' id='word_1_97' title='bbox 1507 1046 1762 1100; x_wconf 86' lang='lat' dir='ltr'><strong>spirituales</strong></span> 
     </span>
     <span class='ocr_line' id='line_1_12' title="bbox 262 1110 1762 1165; baseline -0.001 -13"><span class='ocrx_word' id='word_1_98' title='bbox 262 1118 380 1160; x_wconf 92' lang='lat' dir='ltr'><strong>sunt,</strong></span> <span class='ocrx_word' id='word_1_99' title='bbox 422 1112 495 1165; x_wconf 94' lang='lat' dir='ltr'><strong>qui</strong></span> <span class='ocrx_word' id='word_1_100' title='bbox 531 1117 637 1151; x_wconf 89' lang='lat' dir='ltr'><strong>sunt</strong></span> <span class='ocrx_word' id='word_1_101' title='bbox 674 1111 747 1164; x_wconf 88' lang='lat' dir='ltr'><strong>qui</strong></span> <span class='ocrx_word' id='word_1_102' title='bbox 783 1111 827 1151; x_wconf 92' lang='lat' dir='ltr'><strong>in</strong></span> <span class='ocrx_word' id='word_1_103' title='bbox 863 1111 985 1152; x_wconf 90' lang='lat' dir='ltr'><strong>bono</strong></span> <span class='ocrx_word' id='word_1_104' title='bbox 1014 1112 1185 1151; x_wconf 87' lang='lat' dir='ltr'><strong>‘amoris</strong></span> <span class='ocrx_word' id='word_1_105' title='bbox 1223 1118 1269 1151; x_wconf 91' lang='lat' dir='ltr'><strong>et</strong></span> <span class='ocrx_word' id='word_1_106' title='bbox 1306 1110 1541 1151; x_wconf 87' lang='lat' dir='ltr'><strong>charitatis</strong></span> <span class='ocrx_word' id='word_1_107' title='bbox 1578 1117 1683 1150; x_wconf 87' lang='lat' dir='ltr'><strong>sunt</strong></span> <span class='ocrx_word' id='word_1_108' title='bbox 1714 1118 1762 1151; x_wconf 86' lang='lat' dir='ltr'><strong>et</strong></span> 
     </span>
     <span class='ocr_line' id='line_1_13' title="bbox 262 1173 1761 1227; baseline -0.001 -12"><span class='ocrx_word' id='word_1_109' title='bbox 262 1175 367 1216; x_wconf 88' lang='lat' dir='ltr'><strong>inde</strong></span> <span class='ocrx_word' id='word_1_110' title='bbox 396 1176 441 1215; x_wconf 89' lang='lat' dir='ltr'><strong>in</strong></span> <span class='ocrx_word' id='word_1_111' title='bbox 467 1175 610 1223; x_wconf 89' lang='lat' dir='ltr'><strong>veris;</strong></span> <span class='ocrx_word' id='word_1_112' title='bbox 643 1180 691 1214; x_wconf 91' lang='lat' dir='ltr'><strong>at</strong></span> <span class='ocrx_word' id='word_1_113' title='bbox 717 1173 960 1215; x_wconf 87' lang='lat' dir='ltr'><strong>illustratio</strong></span> <span class='ocrx_word' id='word_1_114' title='bbox 984 1174 1130 1215; x_wconf 92' lang='lat' dir='ltr'><strong>solum</strong></span> <span class='ocrx_word' id='word_1_115' title='bbox 1160 1174 1378 1215; x_wconf 90' lang='lat' dir='ltr'><strong>naturalis</strong></span> <span class='ocrx_word' id='word_1_116' title='bbox 1409 1174 1528 1227; x_wconf 90' lang='lat' dir='ltr'><strong>apud</strong></span> <span class='ocrx_word' id='word_1_117' title='bbox 1561 1174 1662 1214; x_wconf 92' lang='lat' dir='ltr'><strong>illos</strong></span> <span class='ocrx_word' id='word_1_118' title='bbox 1688 1175 1761 1227; x_wconf 93' lang='lat' dir='ltr'><strong>qui</strong></span> 
     </span>
     <span class='ocr_line' id='line_1_14' title="bbox 261 1235 1763 1285; baseline -0.001 -8"><span class='ocrx_word' id='word_1_119' title='bbox 261 1235 497 1277; x_wconf 78' lang='lat' dir='ltr'><strong>naturales</strong></span> <span class='ocrx_word' id='word_1_120' title='bbox 526 1241 633 1276; x_wconf 79' lang='lat' dir='ltr'><strong>sunt</strong></span> <span class='ocrx_word' id='word_1_121' title='bbox 659 1245 819 1283; x_wconf 87' lang='lat' dir='ltr'><strong>(videatur</strong></span> <span class='ocrx_word' id='word_1_122' title='bbox 836 1245 869 1274; x_wconf 87' lang='lat' dir='ltr'><strong>in</strong></span> <span class='ocrx_word' id='word_1_123' title='bbox 888 1255 985 1284; x_wconf 88' lang='lat' dir='ltr'><strong>opere</strong></span> <span class='ocrx_word' id='word_1_124' title='bbox 1006 1247 1056 1275; x_wconf 86' lang='lat' dir='ltr'><strong>De</strong></span> <span class='ocrx_word' id='word_1_125' title='bbox 1074 1247 1165 1280; x_wconf 69' lang='lat' dir='ltr'><strong>Caela</strong></span> <span class='ocrx_word' id='word_1_126' title='bbox 1184 1250 1214 1275; x_wconf 79' lang='lat' dir='ltr'><strong>et</strong></span> <span class='ocrx_word' id='word_1_127' title='bbox 1231 1247 1368 1285; x_wconf 81' lang='lat' dir='ltr'><strong>Inferno,</strong></span> <span class='ocrx_word' id='word_1_128' title='bbox 1383 1256 1414 1276; x_wconf 93' lang='lat' dir='ltr'><strong>n.</strong></span> <span class='ocrx_word' id='word_1_129' title='bbox 1433 1254 1500 1283; x_wconf 86' lang='lat'><strong>153,</strong></span> <span class='ocrx_word' id='word_1_130' title='bbox 1520 1254 1590 1284; x_wconf 83' lang='lat'><strong>425,</strong></span> <span class='ocrx_word' id='word_1_131' title='bbox 1608 1246 1707 1284; x_wconf 66' lang='lat'>[455]</span> <span class='ocrx_word' id='word_1_132' title='bbox 1732 1251 1763 1275; x_wconf 87' lang='lat' dir='ltr'><strong>et</strong></span> 
     </span>
     <span class='ocr_line' id='line_1_15' title="bbox 259 1294 1760 1349; baseline 0 -14"><span class='ocrx_word' id='word_1_133' title='bbox 259 1316 365 1344; x_wconf 84' lang='lat' dir='ltr'><strong>supra,</strong></span> <span class='ocrx_word' id='word_1_134' title='bbox 400 1314 434 1337; x_wconf 87' lang='lat' dir='ltr'><strong>n.</strong></span> <span class='ocrx_word' id='word_1_135' title='bbox 456 1305 565 1347; x_wconf 89' lang='lat'>140).</span> <span class='ocrx_word' id='word_1_136' title='bbox 620 1294 762 1348; x_wconf 93' lang='lat' dir='ltr'><strong>Apud</strong></span> <span class='ocrx_word' id='word_1_137' title='bbox 795 1294 900 1335; x_wconf 90' lang='lat' dir='ltr'><strong>illos</strong></span> <span class='ocrx_word' id='word_1_138' title='bbox 931 1296 1071 1336; x_wconf 89' lang='lat' dir='ltr'><strong>etiam</strong></span> <span class='ocrx_word' id='word_1_139' title='bbox 1105 1296 1179 1349; x_wconf 90' lang='lat' dir='ltr'><strong>qui</strong></span> <span class='ocrx_word' id='word_1_140' title='bbox 1213 1295 1475 1349; x_wconf 89' lang='lat' dir='ltr'><strong>spirituales</strong></span> <span class='ocrx_word' id='word_1_141' title='bbox 1504 1302 1625 1342; x_wconf 89' lang='lat' dir='ltr'><strong>sunt,</strong></span> <span class='ocrx_word' id='word_1_142' title='bbox 1653 1295 1760 1336; x_wconf 90' lang='lat' dir='ltr'><strong>dum</strong></span> 
     </span>
     <span class='ocr_line' id='line_1_16' title="bbox 260 1357 1763 1406; baseline 0.001 -9"><span class='ocrx_word' id='word_1_143' title='bbox 260 1358 417 1398; x_wconf 90' lang='lat' dir='ltr'><strong>vivunt</strong></span> <span class='ocrx_word' id='word_1_144' title='bbox 443 1358 488 1398; x_wconf 89' lang='lat' dir='ltr'><strong>in</strong></span> <span class='ocrx_word' id='word_1_145' title='bbox 515 1357 698 1406; x_wconf 91' lang='lat' dir='ltr'><strong>mundo,</strong></span> <span class='ocrx_word' id='word_1_146' title='bbox 722 1363 792 1398; x_wconf 89' lang='lat' dir='ltr'><strong>est</strong></span> <span class='ocrx_word' id='word_1_147' title='bbox 818 1357 1062 1398; x_wconf 89' lang='lat' dir='ltr'><strong>illustratio</strong></span> <span class='ocrx_word' id='word_1_148' title='bbox 1089 1359 1132 1398; x_wconf 92' lang='lat' dir='ltr'><strong>in</strong></span> <span class='ocrx_word' id='word_1_149' title='bbox 1160 1357 1368 1405; x_wconf 89' lang='lat' dir='ltr'><strong>naturali,</strong></span> <span class='ocrx_word' id='word_1_150' title='bbox 1394 1357 1474 1398; x_wconf 92' lang='lat' dir='ltr'><strong>sed</strong></span> <span class='ocrx_word' id='word_1_151' title='bbox 1498 1358 1658 1398; x_wconf 85' lang='lat' dir='ltr'><strong>existit</strong></span> <span class='ocrx_word' id='word_1_152' title='bbox 1684 1357 1763 1398; x_wconf 89' lang='lat' dir='ltr'><strong>illa</strong></span> 
     </span>
     <span class='ocr_line' id='line_1_17' title="bbox 260 1417 1761 1474; baseline 0.001 -13"><span class='ocrx_word' id='word_1_153' title='bbox 260 1421 318 1462; x_wconf 87' lang='lat' dir='ltr'><strong>ab</strong></span> <span class='ocrx_word' id='word_1_154' title='bbox 343 1421 644 1462; x_wconf 90' lang='lat' dir='ltr'><strong>illustratione</strong></span> <span class='ocrx_word' id='word_1_155' title='bbox 670 1421 714 1461; x_wconf 92' lang='lat' dir='ltr'><strong>in</strong></span> <span class='ocrx_word' id='word_1_156' title='bbox 740 1420 985 1474; x_wconf 88' lang='lat' dir='ltr'><strong>spirituali;</strong></span> <span class='ocrx_word' id='word_1_157' title='bbox 1019 1434 1124 1461; x_wconf 91' lang='lat' dir='ltr'><strong>nam</strong></span> <span class='ocrx_word' id='word_1_158' title='bbox 1151 1421 1270 1474; x_wconf 92' lang='lat' dir='ltr'><strong>apud</strong></span> <span class='ocrx_word' id='word_1_159' title='bbox 1303 1421 1405 1461; x_wconf 90' lang='lat' dir='ltr'><strong>illos</strong></span> <span class='ocrx_word' id='word_1_160' title='bbox 1431 1421 1574 1462; x_wconf 87' lang='lat' dir='ltr'><strong>influit</strong></span> <span class='ocrx_word' id='word_1_161' title='bbox 1602 1417 1761 1462; x_wconf 84' lang='lat' dir='ltr'><strong>Domi-</strong></span> 
     </span>
     <span class='ocr_line' id='line_1_18' title="bbox 261 1483 1760 1538; baseline 0.001 -14"><span class='ocrx_word' id='word_1_162' title='bbox 261 1498 343 1525; x_wconf 89' lang='lat' dir='ltr'><strong>nus</strong></span> <span class='ocrx_word' id='word_1_163' title='bbox 374 1498 453 1538; x_wconf 91' lang='lat' dir='ltr'><strong>per</strong></span> <span class='ocrx_word' id='word_1_164' title='bbox 483 1483 763 1538; x_wconf 89' lang='lat' dir='ltr'><strong>spiritualem</strong></span> <span class='ocrx_word' id='word_1_165' title='bbox 795 1498 873 1525; x_wconf 93' lang='lat' dir='ltr'><strong>seu</strong></span> <span class='ocrx_word' id='word_1_166' title='bbox 903 1485 1130 1525; x_wconf 89' lang='lat' dir='ltr'><strong>internum</strong></span> <span class='ocrx_word' id='word_1_167' title='bbox 1161 1485 1392 1525; x_wconf 90' lang='lat' dir='ltr'><strong>hominem</strong></span> <span class='ocrx_word' id='word_1_168' title='bbox 1430 1485 1472 1524; x_wconf 92' lang='lat' dir='ltr'><strong>in</strong></span> <span class='ocrx_word' id='word_1_169' title='bbox 1509 1485 1760 1526; x_wconf 89' lang='lat' dir='ltr'><strong>naturalem</strong></span> 
     </span>
     <span class='ocr_line' id='line_1_19' title="bbox 260 1547 1762 1601; baseline -0.001 -12"><span class='ocrx_word' id='word_1_170' title='bbox 260 1562 339 1589; x_wconf 87' lang='lat' dir='ltr'><strong>seu</strong></span> <span class='ocrx_word' id='word_1_171' title='bbox 364 1554 620 1595; x_wconf 88' lang='lat' dir='ltr'><strong>externum,</strong></span> <span class='ocrx_word' id='word_1_172' title='bbox 645 1554 691 1588; x_wconf 92' lang='lat' dir='ltr'><strong>et</strong></span> <span class='ocrx_word' id='word_1_173' title='bbox 714 1548 776 1588; x_wconf 90' lang='lat' dir='ltr'><strong>sic</strong></span> <span class='ocrx_word' id='word_1_174' title='bbox 803 1547 1028 1588; x_wconf 91' lang='lat' dir='ltr'><strong>illuminat</strong></span> <span class='ocrx_word' id='word_1_175' title='bbox 1055 1548 1203 1599; x_wconf 87' lang='lat' dir='ltr'><strong>hunc;</strong></span> <span class='ocrx_word' id='word_1_176' title='bbox 1237 1562 1295 1588; x_wconf 84' lang='lat' dir='ltr'><strong>ex</strong></span> <span class='ocrx_word' id='word_1_177' title='bbox 1319 1562 1407 1601; x_wconf 92' lang='lat' dir='ltr'><strong>qua</strong></span> <span class='ocrx_word' id='word_1_178' title='bbox 1429 1547 1762 1589; x_wconf 86' lang='lat' dir='ltr'><strong>illuminatione</strong></span> 
     </span>
     <span class='ocr_line' id='line_1_20' title="bbox 259 1610 1759 1665; baseline -0.001 -12"><span class='ocrx_word' id='word_1_179' title='bbox 259 1611 398 1653; x_wconf 90' lang='lat' dir='ltr'><strong>homo</strong></span> <span class='ocrx_word' id='word_1_180' title='bbox 420 1611 544 1651; x_wconf 91' lang='lat' dir='ltr'><strong>videt</strong></span> <span class='ocrx_word' id='word_1_181' title='bbox 567 1610 672 1664; x_wconf 91' lang='lat' dir='ltr'><strong>quid</strong></span> <span class='ocrx_word' id='word_1_182' title='bbox 695 1624 850 1651; x_wconf 90' lang='lat' dir='ltr'><strong>verum</strong></span> <span class='ocrx_word' id='word_1_183' title='bbox 873 1617 919 1652; x_wconf 89' lang='lat' dir='ltr'><strong>et</strong></span> <span class='ocrx_word' id='word_1_184' title='bbox 936 1611 1106 1652; x_wconf 91' lang='lat' dir='ltr'><strong>bonum</strong></span> <span class='ocrx_word' id='word_1_185' title='bbox 1125 1617 1173 1652; x_wconf 93' lang='lat' dir='ltr'><strong>et</strong></span> <span class='ocrx_word' id='word_1_186' title='bbox 1195 1611 1300 1665; x_wconf 93' lang='lat' dir='ltr'><strong>quid</strong></span> <span class='ocrx_word' id='word_1_187' title='bbox 1319 1611 1479 1652; x_wconf 89' lang='lat' dir='ltr'><strong>falsum</strong></span> <span class='ocrx_word' id='word_1_188' title='bbox 1499 1618 1544 1652; x_wconf 92' lang='lat' dir='ltr'><strong>et</strong></span> <span class='ocrx_word' id='word_1_189' title='bbox 1564 1611 1732 1652; x_wconf 91' lang='lat' dir='ltr'><strong>malum</strong></span> <span class='ocrx_word' id='word_1_190' title='bbox 1750 1626 1759 1662; x_wconf 87' lang='lat'>;</span> 
     </span>
     <span class='ocr_line' id='line_1_21' title="bbox 260 1674 1761 1723; baseline -0.001 -6"><span class='ocrx_word' id='word_1_191' title='bbox 260 1682 307 1717; x_wconf 90' lang='lat' dir='ltr'><strong>et</strong></span> <span class='ocrx_word' id='word_1_192' title='bbox 339 1688 440 1716; x_wconf 91' lang='lat' dir='ltr'><strong>cum</strong></span> <span class='ocrx_word' id='word_1_193' title='bbox 471 1675 609 1715; x_wconf 90' lang='lat' dir='ltr'><strong>homo</strong></span> <span class='ocrx_word' id='word_1_194' title='bbox 640 1674 765 1716; x_wconf 91' lang='lat' dir='ltr'><strong>videt</strong></span> <span class='ocrx_word' id='word_1_195' title='bbox 802 1675 893 1723; x_wconf 90' lang='lat' dir='ltr'><strong>illa,</strong></span> <span class='ocrx_word' id='word_1_196' title='bbox 926 1681 1034 1716; x_wconf 92' lang='lat' dir='ltr'><strong>tunc</strong></span> <span class='ocrx_word' id='word_1_197' title='bbox 1076 1675 1298 1716; x_wconf 91' lang='lat' dir='ltr'><strong>Dominus</strong></span> <span class='ocrx_word' id='word_1_198' title='bbox 1338 1676 1524 1716; x_wconf 88' lang='lat' dir='ltr'><strong>discutit</strong></span> <span class='ocrx_word' id='word_1_199' title='bbox 1557 1675 1678 1716; x_wconf 90' lang='lat' dir='ltr'><strong>mala</strong></span> <span class='ocrx_word' id='word_1_200' title='bbox 1714 1682 1761 1716; x_wconf 90' lang='lat' dir='ltr'><strong>et</strong></span> 
     </span>
     <span class='ocr_line' id='line_1_22' title="bbox 259 1738 1760 1792; baseline 0.001 -14"><span class='ocrx_word' id='word_1_201' title='bbox 259 1738 372 1779; x_wconf 84' lang='lat' dir='ltr'><strong>salsa</strong></span> <span class='ocrx_word' id='word_1_202' title='bbox 397 1752 511 1792; x_wconf 88' lang='lat' dir='ltr'><strong>quae</strong></span> <span class='ocrx_word' id='word_1_203' title='bbox 536 1738 581 1778; x_wconf 91' lang='lat' dir='ltr'><strong>in</strong></span> <span class='ocrx_word' id='word_1_204' title='bbox 607 1738 800 1778; x_wconf 90' lang='lat' dir='ltr'><strong>naturali</strong></span> <span class='ocrx_word' id='word_1_205' title='bbox 826 1738 1008 1779; x_wconf 89' lang='lat' dir='ltr'><strong>homine</strong></span> <span class='ocrx_word' id='word_1_206' title='bbox 1035 1751 1113 1791; x_wconf 91' lang='lat' dir='ltr'><strong>per</strong></span> <span class='ocrx_word' id='word_1_207' title='bbox 1134 1752 1241 1779; x_wconf 88' lang='lat' dir='ltr'><strong>vera</strong></span> <span class='ocrx_word' id='word_1_208' title='bbox 1266 1745 1313 1779; x_wconf 91' lang='lat' dir='ltr'><strong>et</strong></span> <span class='ocrx_word' id='word_1_209' title='bbox 1339 1739 1459 1779; x_wconf 87' lang='lat' dir='ltr'><strong>bona</strong></span> <span class='ocrx_word' id='word_1_210' title='bbox 1485 1753 1600 1792; x_wconf 89' lang='lat' dir='ltr'><strong>quae</strong></span> <span class='ocrx_word' id='word_1_211' title='bbox 1622 1739 1760 1779; x_wconf 86' lang='lat' dir='ltr'><strong>etiam</strong></span> 
     </span>
     <span class='ocr_line' id='line_1_23' title="bbox 259 1802 1761 1855; baseline -0.001 -12"><span class='ocrx_word' id='word_1_212' title='bbox 259 1803 320 1843; x_wconf 93' lang='lat' dir='ltr'><strong>ibi</strong></span> <span class='ocrx_word' id='word_1_213' title='bbox 354 1808 459 1842; x_wconf 92' lang='lat' dir='ltr'><strong>sunt</strong></span> <span class='ocrx_word' id='word_1_214' title='bbox 485 1808 532 1842; x_wconf 91' lang='lat' dir='ltr'><strong>et</strong></span> <span class='ocrx_word' id='word_1_215' title='bbox 563 1814 700 1842; x_wconf 92' lang='lat' dir='ltr'><strong>unum</strong></span> <span class='ocrx_word' id='word_1_216' title='bbox 735 1802 904 1842; x_wconf 86' lang='lat' dir='ltr'><strong>faciunt</strong></span> <span class='ocrx_word' id='word_1_217' title='bbox 937 1815 1038 1842; x_wconf 92' lang='lat' dir='ltr'><strong>cum</strong></span> <span class='ocrx_word' id='word_1_218' title='bbox 1074 1802 1205 1842; x_wconf 88' lang='lat' dir='ltr'><strong>bonis</strong></span> <span class='ocrx_word' id='word_1_219' title='bbox 1236 1808 1283 1842; x_wconf 92' lang='lat' dir='ltr'><strong>et</strong></span> <span class='ocrx_word' id='word_1_220' title='bbox 1313 1803 1430 1842; x_wconf 90' lang='lat' dir='ltr'><strong>veris</strong></span> <span class='ocrx_word' id='word_1_221' title='bbox 1467 1803 1510 1842; x_wconf 89' lang='lat' dir='ltr'><strong>in</strong></span> <span class='ocrx_word' id='word_1_222' title='bbox 1543 1802 1761 1855; x_wconf 88' lang='lat' dir='ltr'><strong>spirituali</strong></span> 
     </span>
    </p>
   </div>
   <div class='ocr_carea' id='block_1_3' title="bbox 259 1863 1761 1966">
    <p class='ocr_par' dir='ltr' id='par_1_3' title="bbox 259 1863 1761 1966">
     <span class='ocr_line' id='line_1_24' title="bbox 259 1863 1761 1912; baseline -0.001 -8"><span class='ocrx_word' id='word_1_223' title='bbox 259 1877 339 1904; x_wconf 83' lang='lat' dir='ltr'><strong>seu</strong></span> <span class='ocrx_word' id='word_1_224' title='bbox 373 1864 557 1904; x_wconf 78' lang='lat' dir='ltr'><strong>interno</strong></span> <span class='ocrx_word' id='word_1_225' title='bbox 591 1863 790 1904; x_wconf 83' lang='lat' dir='ltr'><strong>homine.</strong></span> <span class='ocrx_word' id='word_1_226' title='bbox 854 1873 984 1912; x_wconf 81' lang='lat' dir='ltr'><strong>(Cetera</strong></span> <span class='ocrx_word' id='word_1_227' title='bbox 997 1874 1165 1903; x_wconf 88' lang='lat' dir='ltr'><strong>videantur</strong></span> <span class='ocrx_word' id='word_1_228' title='bbox 1178 1874 1210 1903; x_wconf 88' lang='lat' dir='ltr'><strong>in</strong></span> <span class='ocrx_word' id='word_1_229' title='bbox 1225 1874 1383 1903; x_wconf 72' lang='lat' dir='ltr'><strong>Doctrina</strong></span> <span class='ocrx_word' id='word_1_230' title='bbox 1394 1875 1504 1903; x_wconf 82' lang='lat' dir='ltr'><strong>Novae</strong></span> <span class='ocrx_word' id='word_1_231' title='bbox 1518 1875 1761 1912; x_wconf 79' lang='lat' dir='ltr'><strong>Hierosolymae,</strong></span> 
     </span>
     <span class='ocr_line' id='line_1_25' title="bbox 260 1927 1760 1966; baseline 0.001 -10"><span class='ocrx_word' id='word_1_232' title='bbox 260 1928 310 1956; x_wconf 92' lang='lat' dir='ltr'><strong>De</strong></span> <span class='ocrx_word' id='word_1_233' title='bbox 332 1927 477 1957; x_wconf 86' lang='lat' dir='ltr'><strong>Scientiis</strong></span> <span class='ocrx_word' id='word_1_234' title='bbox 499 1931 532 1956; x_wconf 85' lang='lat' dir='ltr'><strong>et</strong></span> <span class='ocrx_word' id='word_1_235' title='bbox 553 1927 808 1964; x_wconf 83' lang='lat' dir='ltr'><strong>Cognitionibus,</strong></span> <span class='ocrx_word' id='word_1_236' title='bbox 828 1927 907 1965; x_wconf 87' lang='lat' dir='ltr'><strong>quid</strong></span> <span class='ocrx_word' id='word_1_237' title='bbox 929 1927 1077 1962; x_wconf 86' lang='lat' dir='ltr'><strong>efficiant,</strong></span> <span class='ocrx_word' id='word_1_238' title='bbox 1097 1937 1128 1957; x_wconf 90' lang='lat' dir='ltr'><strong>n.</strong></span> <span class='ocrx_word' id='word_1_239' title='bbox 1149 1935 1208 1965; x_wconf 83' lang='lat'><strong>51;</strong></span> <span class='ocrx_word' id='word_1_240' title='bbox 1242 1932 1274 1956; x_wconf 90' lang='lat' dir='ltr'><strong>et</strong></span> <span class='ocrx_word' id='word_1_241' title='bbox 1297 1927 1348 1956; x_wconf 91' lang='lat' dir='ltr'><strong>De</strong></span> <span class='ocrx_word' id='word_1_242' title='bbox 1372 1927 1513 1961; x_wconf 81' lang='lat' dir='ltr'><strong>Influxu,</strong></span> <span class='ocrx_word' id='word_1_243' title='bbox 1533 1937 1564 1957; x_wconf 93' lang='lat' dir='ltr'><strong>n.</strong></span> <span class='ocrx_word' id='word_1_244' title='bbox 1585 1937 1655 1964; x_wconf 85' lang='lat'><strong>277,</strong></span> <span class='ocrx_word' id='word_1_245' title='bbox 1675 1928 1760 1966; x_wconf 89' lang='lat'><em>278.)</em></span> 
     </span>
    </p>
   </div>
   <div class='ocr_carea' id='block_1_4' title="bbox 254 1978 1762 2919">
    <p class='ocr_par' dir='ltr' id='par_1_4' title="bbox 254 1978 1762 2919">
     <span class='ocr_line' id='line_1_26' title="bbox 259 1978 1760 2036; baseline 0 -16"><span class='ocrx_word' id='word_1_246' title='bbox 259 1979 334 2020; x_wconf 87' lang='lat' dir='ltr'><strong>Ex</strong></span> <span class='ocrx_word' id='word_1_247' title='bbox 366 1979 435 2020; x_wconf 89' lang='lat' dir='ltr'><strong>his</strong></span> <span class='ocrx_word' id='word_1_248' title='bbox 467 1991 584 2019; x_wconf 88' lang='lat' dir='ltr'><strong>nunc</strong></span> <span class='ocrx_word' id='word_1_249' title='bbox 617 1978 759 2019; x_wconf 88' lang='lat' dir='ltr'><strong>videri</strong></span> <span class='ocrx_word' id='word_1_250' title='bbox 796 1985 952 2032; x_wconf 88' lang='lat' dir='ltr'><strong>potest</strong></span> <span class='ocrx_word' id='word_1_251' title='bbox 984 1978 1090 2036; x_wconf 73' lang='lat' dir='ltr'><strong>quid</strong></span> <span class='ocrx_word' id='word_1_252' title='bbox 1123 1978 1403 2032; x_wconf 86' lang='lat' dir='ltr'><strong>significatur</strong></span> <span class='ocrx_word' id='word_1_253' title='bbox 1434 1993 1514 2032; x_wconf 89' lang='lat' dir='ltr'><strong>per</strong></span> <span class='ocrx_word' id='word_1_254' title='bbox 1547 1980 1760 2032; x_wconf 89' lang='lat' dir='ltr'><strong>“virgam</strong></span> 
     </span>
     <span class='ocr_line' id='line_1_27' title="bbox 258 2040 1760 2096; baseline -0.001 -12"><span class='ocrx_word' id='word_1_255' title='bbox 258 2041 493 2090; x_wconf 26' lang='lat' dir='ltr'><strong>ferreamss’,</strong></span> <span class='ocrx_word' id='word_1_256' title='bbox 511 2055 599 2096; x_wconf 92' lang='lat' dir='ltr'><strong>qua</strong></span> <span class='ocrx_word' id='word_1_257' title='bbox 625 2042 846 2082; x_wconf 90' lang='lat' dir='ltr'><strong>Dominus</strong></span> <span class='ocrx_word' id='word_1_258' title='bbox 871 2040 1072 2083; x_wconf 64' lang='lat' dir='ltr'><strong>recturus</strong></span> <span class='ocrx_word' id='word_1_259' title='bbox 1098 2049 1168 2083; x_wconf 89' lang='lat' dir='ltr'><strong>est</strong></span> <span class='ocrx_word' id='word_1_260' title='bbox 1194 2048 1372 2095; x_wconf 84' lang='lat' dir='ltr'><strong>gentes.</strong></span> <span class='ocrx_word' id='word_1_261' title='bbox 1397 2042 1482 2083; x_wconf 92' lang='lat' dir='ltr'><strong>hoc</strong></span> <span class='ocrx_word' id='word_1_262' title='bbox 1510 2049 1594 2089; x_wconf 92' lang='lat' dir='ltr'><strong>est,</strong></span> <span class='ocrx_word' id='word_1_263' title='bbox 1622 2043 1760 2083; x_wconf 90' lang='lat' dir='ltr'><strong>casti-</strong></span> 
     </span>
     <span class='ocr_line' id='line_1_28' title="bbox 258 2104 1760 2159; baseline 0 -12"><span class='ocrx_word' id='word_1_264' title='bbox 258 2112 446 2159; x_wconf 88' lang='lat' dir='ltr'><strong>gaturus</strong></span> <span class='ocrx_word' id='word_1_265' title='bbox 478 2105 598 2146; x_wconf 89' lang='lat' dir='ltr'><strong>mala</strong></span> <span class='ocrx_word' id='word_1_266' title='bbox 628 2119 743 2159; x_wconf 91' lang='lat' dir='ltr'><strong>quae</strong></span> <span class='ocrx_word' id='word_1_267' title='bbox 774 2106 818 2146; x_wconf 93' lang='lat' dir='ltr'><strong>in</strong></span> <span class='ocrx_word' id='word_1_268' title='bbox 857 2105 1051 2146; x_wconf 89' lang='lat' dir='ltr'><strong>naturali</strong></span> <span class='ocrx_word' id='word_1_269' title='bbox 1083 2105 1279 2146; x_wconf 87' lang='lat' dir='ltr'><strong>homine.</strong></span> <span class='ocrx_word' id='word_1_270' title='bbox 1342 2105 1470 2146; x_wconf 88' lang='lat' dir='ltr'><strong>Haec</strong></span> <span class='ocrx_word' id='word_1_271' title='bbox 1503 2104 1625 2146; x_wconf 64' lang='lat' dir='ltr'><strong>dicta</strong></span> <span class='ocrx_word' id='word_1_272' title='bbox 1655 2113 1760 2147; x_wconf 89' lang='lat' dir='ltr'><strong>sunt</strong></span> 
     </span>
     <span class='ocr_line' id='line_1_29' title="bbox 258 2167 1762 2222; baseline 0.002 -15"><span class='ocrx_word' id='word_1_273' title='bbox 258 2167 316 2207; x_wconf 88' lang='lat' dir='ltr'><strong>ad</strong></span> <span class='ocrx_word' id='word_1_274' title='bbox 347 2168 562 2221; x_wconf 85' lang='lat' dir='ltr'><strong>angelum</strong></span> <span class='ocrx_word' id='word_1_275' title='bbox 593 2169 722 2222; x_wconf 90' lang='lat' dir='ltr'><strong>hujus</strong></span> <span class='ocrx_word' id='word_1_276' title='bbox 748 2169 987 2218; x_wconf 83' lang='lat' dir='ltr'><strong>ecclesiae,</strong></span> <span class='ocrx_word' id='word_1_277' title='bbox 1012 2169 1114 2222; x_wconf 94' lang='lat' dir='ltr'><strong>quia</strong></span> <span class='ocrx_word' id='word_1_278' title='bbox 1135 2169 1179 2209; x_wconf 91' lang='lat' dir='ltr'><strong>in</strong></span> <span class='ocrx_word' id='word_1_279' title='bbox 1198 2170 1375 2222; x_wconf 89' lang='lat' dir='ltr'><strong>scriptis</strong></span> <span class='ocrx_word' id='word_1_280' title='bbox 1393 2169 1450 2210; x_wconf 88' lang='lat' dir='ltr'><strong>ad</strong></span> <span class='ocrx_word' id='word_1_281' title='bbox 1469 2169 1593 2209; x_wconf 91' lang='lat' dir='ltr'><strong>illum</strong></span> <span class='ocrx_word' id='word_1_282' title='bbox 1612 2170 1762 2222; x_wconf 88' lang='lat' dir='ltr'><strong>agitur</strong></span> 
     </span>
     <span class='ocr_line' id='line_1_30' title="bbox 259 2231 1759 2285; baseline 0.002 -15"><span class='ocrx_word' id='word_1_283' title='bbox 259 2231 315 2271; x_wconf 94' lang='lat' dir='ltr'><strong>de</strong></span> <span class='ocrx_word' id='word_1_284' title='bbox 341 2232 521 2271; x_wconf 88' lang='lat' dir='ltr'><strong>interno</strong></span> <span class='ocrx_word' id='word_1_285' title='bbox 546 2237 593 2272; x_wconf 92' lang='lat' dir='ltr'><strong>et</strong></span> <span class='ocrx_word' id='word_1_286' title='bbox 624 2237 820 2272; x_wconf 86' lang='lat' dir='ltr'><strong>externo</strong></span> <span class='ocrx_word' id='word_1_287' title='bbox 846 2231 1042 2280; x_wconf 91' lang='lat' dir='ltr'><strong>homine,</strong></span> <span class='ocrx_word' id='word_1_288' title='bbox 1071 2239 1118 2273; x_wconf 91' lang='lat' dir='ltr'><strong>et</strong></span> <span class='ocrx_word' id='word_1_289' title='bbox 1150 2232 1207 2273; x_wconf 93' lang='lat' dir='ltr'><strong>de</strong></span> <span class='ocrx_word' id='word_1_290' title='bbox 1239 2246 1391 2273; x_wconf 91' lang='lat' dir='ltr'><strong>eorum</strong></span> <span class='ocrx_word' id='word_1_291' title='bbox 1415 2231 1759 2285; x_wconf 73' lang='lat' dir='ltr'><strong>conjunc&#39;tione3</strong></span> 
     </span>
     <span class='ocr_line' id='line_1_31' title="bbox 260 2294 1760 2349; baseline 0.002 -16"><span class='ocrx_word' id='word_1_292' title='bbox 260 2307 364 2334; x_wconf 90' lang='lat' dir='ltr'><strong>nam</strong></span> <span class='ocrx_word' id='word_1_293' title='bbox 387 2307 488 2334; x_wconf 91' lang='lat' dir='ltr'><strong>cum</strong></span> <span class='ocrx_word' id='word_1_294' title='bbox 515 2294 742 2334; x_wconf 89' lang='lat' dir='ltr'><strong>internum</strong></span> <span class='ocrx_word' id='word_1_295' title='bbox 765 2301 812 2335; x_wconf 92' lang='lat' dir='ltr'><strong>et</strong></span> <span class='ocrx_word' id='word_1_296' title='bbox 844 2301 1086 2336; x_wconf 87' lang='lat' dir='ltr'><strong>externum</strong></span> <span class='ocrx_word' id='word_1_297' title='bbox 1110 2309 1187 2336; x_wconf 91' lang='lat' dir='ltr'><strong>seu</strong></span> <span class='ocrx_word' id='word_1_298' title='bbox 1210 2296 1441 2349; x_wconf 88' lang='lat' dir='ltr'><strong>spirituale</strong></span> <span class='ocrx_word' id='word_1_299' title='bbox 1473 2303 1520 2336; x_wconf 92' lang='lat' dir='ltr'><strong>et</strong></span> <span class='ocrx_word' id='word_1_300' title='bbox 1554 2295 1760 2336; x_wconf 86' lang='lat' dir='ltr'><strong>naturale</strong></span> 
     </span>
     <span class='ocr_line' id='line_1_32' title="bbox 257 2355 1758 2413; baseline 0.001 -16"><span class='ocrx_word' id='word_1_301' title='bbox 257 2355 496 2409; x_wconf 66' lang='lat' dir='ltr'><strong>conjuncta</strong></span> <span class='ocrx_word' id='word_1_302' title='bbox 517 2364 636 2406; x_wconf 90' lang='lat' dir='ltr'><strong>sunt,</strong></span> <span class='ocrx_word' id='word_1_303' title='bbox 660 2364 767 2398; x_wconf 89' lang='lat' dir='ltr'><strong>tunc</strong></span> <span class='ocrx_word' id='word_1_304' title='bbox 797 2358 1018 2399; x_wconf 90' lang='lat' dir='ltr'><strong>Dominus</strong></span> <span class='ocrx_word' id='word_1_305' title='bbox 1044 2360 1242 2412; x_wconf 88' lang='lat' dir='ltr'><strong>castigat</strong></span> <span class='ocrx_word' id='word_1_306' title='bbox 1272 2359 1393 2399; x_wconf 89' lang='lat' dir='ltr'><strong>mala</strong></span> <span class='ocrx_word' id='word_1_307' title='bbox 1418 2365 1465 2400; x_wconf 91' lang='lat' dir='ltr'><strong>et</strong></span> <span class='ocrx_word' id='word_1_308' title='bbox 1497 2359 1612 2400; x_wconf 89' lang='lat' dir='ltr'><strong>falsa</strong></span> <span class='ocrx_word' id='word_1_309' title='bbox 1642 2373 1758 2413; x_wconf 91' lang='lat' dir='ltr'><strong>quae</strong></span> 
     </span>
     <span class='ocr_line' id='line_1_33' title="bbox 256 2420 1758 2475; baseline 0.002 -15"><span class='ocrx_word' id='word_1_310' title='bbox 256 2422 300 2461; x_wconf 91' lang='lat' dir='ltr'><strong>in</strong></span> <span class='ocrx_word' id='word_1_311' title='bbox 338 2420 531 2461; x_wconf 91' lang='lat' dir='ltr'><strong>naturali</strong></span> <span class='ocrx_word' id='word_1_312' title='bbox 567 2421 764 2474; x_wconf 75' lang='lat' dir='ltr'><strong>homine,</strong></span> <span class='ocrx_word' id='word_1_313' title='bbox 792 2428 839 2462; x_wconf 90' lang='lat' dir='ltr'><strong>et</strong></span> <span class='ocrx_word' id='word_1_314' title='bbox 881 2422 966 2463; x_wconf 91' lang='lat' dir='ltr'><strong>hoc</strong></span> <span class='ocrx_word' id='word_1_315' title='bbox 1006 2436 1085 2475; x_wconf 89' lang='lat' dir='ltr'><strong>per</strong></span> <span class='ocrx_word' id='word_1_316' title='bbox 1111 2423 1400 2475; x_wconf 84' lang='lat' dir='ltr'><strong>cognitiones</strong></span> <span class='ocrx_word' id='word_1_317' title='bbox 1426 2423 1519 2463; x_wconf 91' lang='lat' dir='ltr'><strong>veri</strong></span> <span class='ocrx_word' id='word_1_318' title='bbox 1553 2430 1600 2463; x_wconf 89' lang='lat' dir='ltr'><strong>et</strong></span> <span class='ocrx_word' id='word_1_319' title='bbox 1638 2423 1758 2463; x_wconf 91' lang='lat' dir='ltr'><strong>boni.</strong></span> 
     </span>
     <span class='ocr_line' id='line_1_34' title="bbox 257 2482 1758 2538; baseline 0.002 -15"><span class='ocrx_word' id='word_1_320' title='bbox 257 2483 396 2537; x_wconf 91' lang='lat' dir='ltr'><strong>Apud</strong></span> <span class='ocrx_word' id='word_1_321' title='bbox 433 2482 534 2524; x_wconf 91' lang='lat' dir='ltr'><strong>illos</strong></span> <span class='ocrx_word' id='word_1_322' title='bbox 565 2490 718 2524; x_wconf 91' lang='lat' dir='ltr'><strong>autem</strong></span> <span class='ocrx_word' id='word_1_323' title='bbox 750 2484 869 2537; x_wconf 91' lang='lat' dir='ltr'><strong>apud</strong></span> <span class='ocrx_word' id='word_1_324' title='bbox 906 2499 1018 2538; x_wconf 91' lang='lat' dir='ltr'><strong>quos</strong></span> <span class='ocrx_word' id='word_1_325' title='bbox 1050 2486 1254 2526; x_wconf 90' lang='lat' dir='ltr'><strong>internus</strong></span> <span class='ocrx_word' id='word_1_326' title='bbox 1286 2492 1332 2526; x_wconf 94' lang='lat' dir='ltr'><strong>et</strong></span> <span class='ocrx_word' id='word_1_327' title='bbox 1369 2492 1588 2526; x_wconf 89' lang='lat' dir='ltr'><strong>externus</strong></span> <span class='ocrx_word' id='word_1_328' title='bbox 1619 2486 1758 2526; x_wconf 90' lang='lat' dir='ltr'><strong>homo</strong></span> 
     </span>
     <span class='ocr_line' id='line_1_35' title="bbox 255 2545 1756 2601; baseline 0.001 -13"><span class='ocrx_word' id='word_1_329' title='bbox 255 2561 347 2589; x_wconf 89' lang='lat' dir='ltr'><strong>non</strong></span> <span class='ocrx_word' id='word_1_330' title='bbox 379 2545 606 2599; x_wconf 56' lang='lat' dir='ltr'><strong>conjuncti</strong></span> <span class='ocrx_word' id='word_1_331' title='bbox 636 2553 755 2595; x_wconf 93' lang='lat' dir='ltr'><strong>sunt,</strong></span> <span class='ocrx_word' id='word_1_332' title='bbox 788 2547 908 2588; x_wconf 88' lang='lat' dir='ltr'><strong>mala</strong></span> <span class='ocrx_word' id='word_1_333' title='bbox 939 2554 985 2588; x_wconf 91' lang='lat' dir='ltr'><strong>et</strong></span> <span class='ocrx_word' id='word_1_334' title='bbox 1016 2548 1128 2588; x_wconf 88' lang='lat' dir='ltr'><strong>falsa</strong></span> <span class='ocrx_word' id='word_1_335' title='bbox 1160 2549 1372 2601; x_wconf 90' lang='lat' dir='ltr'><strong>castigari</strong></span> <span class='ocrx_word' id='word_1_336' title='bbox 1403 2555 1450 2589; x_wconf 91' lang='lat' dir='ltr'><strong>et</strong></span> <span class='ocrx_word' id='word_1_337' title='bbox 1482 2548 1645 2589; x_wconf 86' lang='lat' dir='ltr'><strong>discuti</strong></span> <span class='ocrx_word' id='word_1_338' title='bbox 1677 2562 1756 2590; x_wconf 91' lang='lat' dir='ltr'><strong>ne-</strong></span> 
     </span>
     <span class='ocr_line' id='line_1_36' title="bbox 255 2610 1755 2665; baseline 0 -13"><span class='ocrx_word' id='word_1_339' title='bbox 255 2617 440 2665; x_wconf 91' lang='lat' dir='ltr'><strong>queunt,</strong></span> <span class='ocrx_word' id='word_1_340' title='bbox 466 2612 678 2664; x_wconf 91' lang='lat' dir='ltr'><strong>quoniam</strong></span> <span class='ocrx_word' id='word_1_341' title='bbox 710 2610 819 2651; x_wconf 92' lang='lat' dir='ltr'><strong>nihil</strong></span> <span class='ocrx_word' id='word_1_342' title='bbox 851 2612 1072 2664; x_wconf 88' lang='lat' dir='ltr'><strong>recipiunt</strong></span> <span class='ocrx_word' id='word_1_343' title='bbox 1105 2625 1184 2665; x_wconf 91' lang='lat' dir='ltr'><strong>per</strong></span> <span class='ocrx_word' id='word_1_344' title='bbox 1215 2612 1494 2665; x_wconf 89' lang='lat' dir='ltr'><strong>spiritualem</strong></span> <span class='ocrx_word' id='word_1_345' title='bbox 1526 2612 1755 2653; x_wconf 90' lang='lat' dir='ltr'><strong>hominem</strong></span> 
     </span>
     <span class='ocr_line' id='line_1_37' title="bbox 255 2673 1758 2729; baseline 0.001 -14"><span class='ocrx_word' id='word_1_346' title='bbox 255 2689 280 2716; x_wconf 93' lang='lat' dir='ltr'><strong>e</strong></span> <span class='ocrx_word' id='word_1_347' title='bbox 314 2673 456 2723; x_wconf 90' lang='lat' dir='ltr'><strong>caelo,</strong></span> <span class='ocrx_word' id='word_1_348' title='bbox 496 2673 577 2715; x_wconf 93' lang='lat' dir='ltr'><strong>sed</strong></span> <span class='ocrx_word' id='word_1_349' title='bbox 611 2674 762 2715; x_wconf 88' lang='lat' dir='ltr'><strong>omnia</strong></span> <span class='ocrx_word' id='word_1_350' title='bbox 799 2688 912 2727; x_wconf 91' lang='lat' dir='ltr'><strong>quae</strong></span> <span class='ocrx_word' id='word_1_351' title='bbox 949 2675 1169 2728; x_wconf 88' lang='lat' dir='ltr'><strong>recipiunt</strong></span> <span class='ocrx_word' id='word_1_352' title='bbox 1202 2682 1307 2716; x_wconf 91' lang='lat' dir='ltr'><strong>sunt</strong></span> <span class='ocrx_word' id='word_1_353' title='bbox 1330 2689 1355 2716; x_wconf 95' lang='lat' dir='ltr'><strong>e</strong></span> <span class='ocrx_word' id='word_1_354' title='bbox 1387 2675 1570 2724; x_wconf 91' lang='lat' dir='ltr'><strong>mundo,</strong></span> <span class='ocrx_word' id='word_1_355' title='bbox 1598 2676 1758 2729; x_wconf 90' lang='lat' dir='ltr'><strong>quibus</strong></span> 
     </span>
     <span class='ocr_line' id='line_1_38' title="bbox 254 2737 1755 2786; baseline 0 -7"><span class='ocrx_word' id='word_1_356' title='bbox 254 2737 478 2780; x_wconf 90' lang='lat' dir='ltr'><strong>rationale</strong></span> <span class='ocrx_word' id='word_1_357' title='bbox 503 2750 658 2778; x_wconf 90' lang='lat' dir='ltr'><strong>eorum</strong></span> <span class='ocrx_word' id='word_1_358' title='bbox 683 2737 818 2786; x_wconf 88' lang='lat' dir='ltr'><strong>favet,</strong></span> <span class='ocrx_word' id='word_1_359' title='bbox 846 2744 892 2779; x_wconf 92' lang='lat' dir='ltr'><strong>et</strong></span> <span class='ocrx_word' id='word_1_360' title='bbox 915 2738 1227 2779; x_wconf 84' lang='lat' dir='ltr'><strong>subministrat</strong></span> <span class='ocrx_word' id='word_1_361' title='bbox 1246 2738 1625 2779; x_wconf 88' lang='lat' dir='ltr'><strong>confirmationes.</strong></span> <span class='ocrx_word' id='word_1_362' title='bbox 1687 2738 1755 2780; x_wconf 82' lang='lat' dir='ltr'><strong>Si-</strong></span> 
     </span>
     <span class='ocr_line' id='line_1_39' title="bbox 255 2801 1757 2856; baseline 0.001 -14"><span class='ocrx_word' id='word_1_363' title='bbox 255 2802 378 2843; x_wconf 90' lang='lat' dir='ltr'><strong>milia</strong></span> <span class='ocrx_word' id='word_1_364' title='bbox 409 2815 523 2856; x_wconf 90' lang='lat' dir='ltr'><strong>quae</strong></span> <span class='ocrx_word' id='word_1_365' title='bbox 554 2814 634 2854; x_wconf 89' lang='lat' dir='ltr'><strong>per</strong></span> <span class='ocrx_word' id='word_1_366' title='bbox 667 2802 878 2854; x_wconf 89' lang='lat' dir='ltr'><strong>“virgam</strong></span> <span class='ocrx_word' id='word_1_367' title='bbox 909 2801 1129 2842; x_wconf 87' lang='lat' dir='ltr'><strong>ferream&#39;&#39;</strong></span> <span class='ocrx_word' id='word_1_368' title='bbox 1160 2802 1247 2851; x_wconf 90' lang='lat' dir='ltr'><strong>hic,</strong></span> <span class='ocrx_word' id='word_1_369' title='bbox 1275 2803 1412 2843; x_wconf 90' lang='lat' dir='ltr'><strong>etiam</strong></span> <span class='ocrx_word' id='word_1_370' title='bbox 1445 2802 1757 2856; x_wconf 86' lang='lat' dir='ltr'><strong>significantur</strong></span> 
     </span>
     <span class='ocr_line' id='line_1_40' title="bbox 254 2863 1246 2919; baseline 0 -13"><span class='ocrx_word' id='word_1_371' title='bbox 254 2866 299 2906; x_wconf 91' lang='lat' dir='ltr'><strong>in</strong></span> <span class='ocrx_word' id='word_1_372' title='bbox 328 2865 620 2919; x_wconf 89' lang='lat' dir='ltr'><strong>sequentibus</strong></span> <span class='ocrx_word' id='word_1_373' title='bbox 643 2863 754 2905; x_wconf 93' lang='lat' dir='ltr'><strong>locis</strong></span> <span class='ocrx_word' id='word_1_374' title='bbox 770 2863 980 2918; x_wconf 91' lang='lat' dir='ltr'><strong>:—Apud</strong></span> <span class='ocrx_word' id='word_1_375' title='bbox 1007 2864 1246 2914; x_wconf 90' lang='lat' dir='ltr'><strong>Davidem,</strong></span> 
     </span>
    </p>
   </div>
   <div class='ocr_carea' id='block_1_5' title="bbox 321 2978 1754 3065">
    <p class='ocr_par' dir='ltr' id='par_1_5' title="bbox 321 2978 1754 3065">
     <span class='ocr_line' id='line_1_41' title="bbox 321 2978 1754 3064; baseline 0 -52"><span class='ocrx_word' id='word_1_376' title='bbox 321 2978 562 3064; x_wconf 57' lang='lat' dir='ltr'><strong>“Con(tle)re{”</strong></span> <span class='ocrx_word' id='word_1_377' title='bbox 585 2985 713 3064; x_wconf 67' lang='lat' dir='ltr'><strong>gent)es</strong></span> <span class='ocrx_word' id='word_1_378' title='bbox 740 2981 915 3021; x_wconf 85' lang='lat' dir='ltr'><strong>“sceptro</strong></span> <span class='ocrx_word' id='word_1_379' title='bbox 943 2979 1080 3019; x_wconf 75' lang='lat' dir='ltr'><strong>ferreo;</strong></span> <span class='ocrx_word' id='word_1_380' title='bbox 1109 2980 1200 3013; x_wconf 88' lang='lat' dir='ltr'><strong>sicut</strong></span> <span class='ocrx_word' id='word_1_381' title='bbox 1224 2990 1288 3012; x_wconf 86' lang='lat' dir='ltr'><strong>vas</strong></span> <span class='ocrx_word' id='word_1_382' title='bbox 1320 2980 1418 3022; x_wconf 87' lang='lat' dir='ltr'><strong>figuli</strong></span> <span class='ocrx_word' id='word_1_383' title='bbox 1446 2981 1631 3022; x_wconf 84' lang='lat' dir='ltr'><strong>disperges</strong></span> <span class='ocrx_word' id='word_1_384' title='bbox 1659 2990 1721 3013; x_wconf 91' lang='lat' dir='ltr'><strong>eas</strong></span> <span class='ocrx_word' id='word_1_385' title='bbox 1734 2980 1754 2992; x_wconf 87' lang='lat'><strong>&#39;¹</strong></span> 
     </span>
     <span class='ocr_line' id='line_1_42' title="bbox 479 3032 697 3065; baseline 0 -10"><span class='ocrx_word' id='word_1_386' title='bbox 479 3034 516 3055; x_wconf 87' lang='lat' dir='ltr'><strong>sa</strong></span> <span class='ocrx_word' id='word_1_387' title='bbox 532 3034 576 3056; x_wconf 90' lang='lat' dir='ltr'><strong>m.</strong></span> <span class='ocrx_word' id='word_1_388' title='bbox 591 3034 626 3056; x_wconf 86' lang='lat' dir='ltr'><strong>u.</strong></span> <span class='ocrx_word' id='word_1_389' title='bbox 641 3033 662 3065; x_wconf 91' lang='lat'>9</span> <span class='ocrx_word' id='word_1_390' title='bbox 689 3032 697 3063; x_wconf 86' lang='lat'>;</span> 
     </span>
    </p>
   </div>
  </div>
 </body>
</html>
