2060 3476
373 316 461 370 ’538
792 325 1124 359 APOCALYPSIS
1154 326 1452 359 EXPLICATA.

378 437 527 490 specie
552 437 643 478 bini
669 437 782 479 caeli
808 438 968 479 intimi.
1032 437 1166 492 Quod
1197 438 1299 488 hoc,
1327 445 1397 480 est
1423 452 1558 479 causa
1589 438 1691 492 quia
1716 436 1867 491 angeli

379 512 470 539 non
495 506 600 540 sunt
633 499 784 553 angeli
816 514 875 541 ex
908 502 1088 554 proprio
1114 500 1306 549 illorum,
1340 500 1419 541 sed
1451 514 1510 541 ex
1543 500 1707 541 Divino
1739 499 1867 540 Bono

379 567 424 601 et
455 561 619 602 Divino
646 562 782 611 Vero,
807 576 921 616 quae
947 564 1195 617 recipiunt;
1229 563 1441 603 Divinum
1464 562 1583 603 enim
1606 561 1724 616 apud
1749 561 1865 618 illos,

379 637 457 664 seu
482 630 716 677 receptum
734 625 792 665 ab
808 624 911 673 illis,
930 625 1036 666 facit
1060 631 1108 666 ut
1128 625 1218 666 sint
1244 624 1410 678 angeli,
1429 630 1476 665 et
1502 624 1608 665 facit
1626 630 1674 665 ut
1692 622 1868 665 caelum

379 697 439 724 CX
470 683 557 725 llllS
588 684 766 726 dieatur
790 685 968 726 caelum
1000 697 1158 735 (videatur
1176 697 1208 725 in
1227 705 1324 734 opere
1344 697 1394 726 De
1416 696 1506 726 Caelo
1524 699 1554 725 et
1571 696 1708 735 Inserno,
1727 704 1758 725 n.
1779 703 1868 728 2-12.

378 758 410 782 et
429 754 556 792 51-86).
616 743 752 796 Quod
782 745 1020 784 “medium
1033 744 1053 759 ''
1077 750 1156 785 aut
1184 745 1266 784 “in
1297 744 1448 785 medio
1460 744 1480 760 ’'
1505 743 1731 797 significet
1761 744 1866 784 inti-

380 816 502 843 mum
534 810 580 844 et
612 804 719 845 inde
749 810 912 853 totum,
937 811 1120 846 constat
1151 819 1210 846 ex
1242 804 1440 859 pluribus
1473 804 1583 846 locis
1614 805 1658 845 in
1685 803 1866 854 Verb0;

380 865 460 906 sed
486 866 676 919 primum
699 866 864 920 aliquid
892 866 1065 907 dicetur
1092 866 1208 908 unde
1235 872 1305 908 est
1330 866 1449 920 quod
1475 859 1709 908 “medium
1722 866 1741 881 ”
1766 866 1870 920 quia

380 927 604 980 significat
636 929 844 968 intimum
871 929 1010 969 etiam
1043 928 1267 982 significet
1299 935 1461 970 totum.
1524 928 1625 969 Hoc
1657 927 1868 969 illustrari

381 995 535 1042 potest
562 1004 641 1043 per
667 991 1055 1044 comparationem
1082 1003 1183 1032 cum
1216 990 1328 1040 luce,
1357 1003 1458 1032 cum
1485 991 1594 1040 sole,
1623 1003 1723 1031 cum
1750 990 1868 1031 ordi-

381 1053 565 1101 natione
589 1053 788 1093 omnium
811 1053 855 1093 in
882 1052 1037 1102 caelis„
1052 1060 1098 1094 et
1122 1068 1298 1108 quoque
1324 1055 1523 1095 omnium
1545 1054 1618 1108 qui
1640 1053 1697 1094 ab
1722 1051 1868 1094 eccle-

381 1115 445 1154 sia
490 1115 533 1154 in
580 1115 722 1155 terris.
805 1114 886 1156 Per
926 1116 1313 1169 comparationem
1353 1129 1455 1157 curn
1495 1115 1593 1157 luce
1611 1115 1785 1156 :—Lux
1825 1115 1869 1155 in

381 1177 530 1217 medio
556 1191 602 1217 se
629 1183 854 1230 propagat
881 1178 1167 1219 circumcirca
1192 1192 1270 1219 seu
1295 1193 1321 1219 a
1346 1185 1505 1219 centro
1527 1179 1570 1218 in
1597 1177 1870 1232 peripherias

382 1238 704 1292 undequaque;
732 1245 778 1279 et
802 1240 903 1293 quia
921 1253 980 1280 ex
999 1240 1160 1281 intimo
1178 1246 1456 1294 propagatur
1473 1246 1518 1281 et
1542 1239 1700 1293 implet
1723 1240 1871 1293 spatia

382 1301 563 1349 circum,
592 1301 695 1342 inde
728 1315 806 1354 per
836 1301 884 1342 z'n
916 1301 1054 1342 medio
1084 1301 1362 1355 significatur
1393 1303 1532 1343 etiam
1564 1308 1727 1343 totum.
1789 1300 1871 1342 Per

383 1364 771 1416 comparationem
795 1376 895 1404 cum
918 1363 1014 1405 sole
1031 1363 1180 1405 :-Sol
1206 1371 1276 1406 est
1302 1365 1346 1405 in
1374 1365 1523 1405 medio
1545 1365 1648 1418 quia
1670 1370 1740 1405 est
1763 1377 1869 1405 cen-

382 1432 501 1465 trum
520 1426 585 1465 sui
604 1426 795 1466 universi
815 1439 823 1476 ;
847 1439 906 1466 ex
921 1425 999 1466 illo
1013 1427 1115 1479 quia
1133 1433 1204 1467 est
1222 1426 1345 1467 calor
1359 1433 1405 1468 et
1425 1426 1503 1467 lux
1517 1428 1561 1467 in
1579 1426 1748 1467 mundo
1762 1425 1868 1479 ejus,

382 1487 484 1528 ideo
502 1501 580 1540 per
595 1487 737 1528 solem
752 1487 797 1528 in
814 1487 952 1528 medio
968 1487 1247 1541 significatur
1262 1490 1518 1542 praesentia
1532 1488 1624 1542 ejus
1639 1488 1870 1542 undequa—

382 1563 467 1603 que
498 1563 575 1590 seu
607 1563 686 1603 per
712 1556 875 1591 toturn.
938 1550 1019 1591 Per
1045 1552 1433 1604 comparationem
1460 1564 1560 1592 cum
1587 1551 1870 1592 ordinatione

360 1612 581 1652 ‘omnium
604 1612 648 1652 in
673 1611 809 1652 caelis
826 1611 1010 1652 z—Tres
1033 1612 1145 1653 caeli
1169 1620 1288 1661 sunt,
1313 1627 1364 1654 ac
1391 1614 1598 1654 intimum
1621 1626 1774 1654 eorum
1801 1619 1871 1653 est

383 1673 557 1714 caelum
577 1675 760 1714 tertium
778 1688 787 1725 ;
821 1674 864 1714 id
887 1674 1028 1716 influit
1051 1675 1095 1715 in
1113 1675 1243 1715 binos
1262 1675 1413 1716 caelos
1435 1675 1676 1724 inferiores,
1696 1681 1742 1716 et
1765 1674 1871 1716 facit

385 1742 433 1776 ut
461 1748 595 1776 unum
619 1749 770 1776 secum
797 1737 887 1777 sint
910 1750 988 1790 per
1005 1738 1477 1786 communicationem,
1497 1751 1610 1791 quae
1632 1736 1681 1778 fit
1705 1751 1783 1791 per
1804 1737 1871 1778 in-

383 1797 551 1838 fluxum
567 1812 625 1839 ex
641 1799 818 1839 intimo:
843 1799 887 1839 in
904 1800 1025 1839 omni
1038 1800 1259 1840 societate
1273 1799 1498 1840 caelorum
1511 1801 1648 1841 etiam
1663 1800 1871 1841 intimum
1930 1833 1931 1836 ,

383 1867 454 1901 est
472 1858 843 1913 perfectissimum
863 1875 872 1911 ;
900 1861 1004 1902 inde
1022 1860 1084 1902 illi
1102 1862 1174 1915 qui
1198 1862 1485 1902 circumcirca
1507 1862 1550 1902 in
1573 1875 1627 1902 ea
1648 1862 1870 1902 societate

386 1930 506 1971 sunt,
528 1924 571 1963 in
595 1922 694 1964 luce
716 1930 762 1964 et
786 1923 1092 1976 intelligentia
1115 1930 1219 1965 sunt
1242 1924 1487 1965 secundum
1503 1924 1675 1978 gradus
1697 1924 1870 1965 distan-

385 1984 475 2024 tiae
501 1984 559 2024 ab
584 1985 746 2025 intimo
772 1994 932 2033 (videatur
947 1996 978 2024 in
994 2005 1090 2033 opere
1106 1997 1156 2025 De
1171 1996 1261 2025 Caelo
1275 2000 1305 2025 et
1318 1997 1454 2035 Inferno,
1467 2005 1498 2026 n.
1513 2005 1562 2034 43,
1579 2003 1627 2033 5ο,
1645 1995 1730 2034 189).
1788 1985 1872 2025 Per

385 2044 778 2096 comparationem
801 2056 902 2084 cum
925 2044 1013 2084 illis
1035 2045 1108 2097 qui
1131 2044 1189 2084 ab
1206 2044 1401 2085 ecclesia
1422 2045 1466 2084 in
1489 2045 1619 2085 terris
1636 2043 1871 2085 z—Eccle-

385 2104 450 2144 sia
477 2103 659 2144 Domini
690 2110 760 2145 est
787 2118 866 2157 per
891 2105 1144 2145 universum
1172 2112 1390 2146 terrarum
1416 2105 1571 2146 orbem
1596 2104 1768 2154 diffusa,
1792 2105 1872 2146 sed

385 2166 592 2206 intimum
623 2166 716 2219 ejus
747 2172 817 2207 est
845 2166 917 2207 ubi
952 2167 1173 2207 Dominus
1204 2174 1338 2208 notus
1365 2174 1434 2208 est
1461 2174 1507 2208 et
1539 2168 1801 2220 agnoscitur
1826 2174 1872 2208 et

386 2227 459 2268 ubi
477 2227 680 2268 Verbum
703 2234 773 2269 est
793 2242 801 2279 ;
835 2242 894 2269 ex
921 2228 1000 2269 illo
1026 2229 1185 2269 intimo
1209 2229 1286 2270 lux
1310 2236 1356 2270 et
1383 2229 1688 2282 intelligentia
1710 2242 1872 2283 propa-

385 2296 520 2343 gatur
536 2290 593 2330 ad
611 2303 770 2330 omnes
789 2291 862 2343 qui
880 2291 1046 2331 circum
1064 2298 1168 2331 sunt
1186 2297 1232 2332 et
1251 2292 1307 2331 ab
1324 2291 1515 2332 ecclesia
1532 2298 1650 2340 sunt,
1664 2291 1744 2332 sed
1761 2291 1872 2332 haec

386 2350 660 2403 propagatio
679 2350 789 2390 lucis
806 2363 884 2391 seu
906 2350 1244 2404 intelligentiae
1262 2351 1311 2392 fit
1334 2352 1377 2391 in
1396 2352 1526 2392 caelo
1545 2363 1598 2400 (de
1611 2371 1676 2399 qua
1687 2372 1720 2392 re
1732 2363 1876 2392 videatur

385 2418 418 2446 in
433 2426 530 2455 opere
546 2419 596 2447 De
614 2418 703 2447 Caelo
722 2421 752 2447 et
770 2418 909 2457 Inferna,
928 2427 958 2448 n.
974 2405 1059 2457 308).
1117 2408 1193 2449 EX
1224 2409 1291 2449 hiS
1321 2415 1535 2450 constare
1565 2416 1721 2463 potest
1751 2410 1872 2463 quod

388 2468 656 2509 “medium''
682 2482 760 2509 seu
789 2469 871 2509 “in
899 2468 1090 2518 medio,''
1113 2470 1214 2523 quia
1240 2469 1463 2522 significat
1489 2471 1710 2518 intimum,
1735 2471 1873 2511 etiam

385 2529 609 2583 significet
627 2536 790 2571 toturn.
844 2530 956 2571 Inde
975 2537 1119 2584 patet,
1139 2532 1244 2585 quid
1266 2531 1535 2585 intelligitur
1551 2545 1629 2585 per
1649 2536 1674 2552 ‘⁴
1687 2532 1807 2581 Vidi,
1827 2539 1873 2573 et

386 2605 492 2633 ecce
510 2593 554 2632 in
578 2593 726 2633 medio
744 2592 897 2633 throni
918 2599 965 2634 et
988 2600 1180 2646 quatuor
1197 2593 1475 2634 Animalium
1497 2600 1543 2635 et
1565 2595 1610 2634 in
1632 2594 1782 2635 medio
1802 2608 1873 2635 se-

387 2655 560 2694 niorum
580 2653 768 2706 Agnum
788 2655 1030 2704 stantem,''
1048 2655 1167 2709 quod
1185 2668 1347 2708 nempe
1366 2655 1609 2696 Dominum
1627 2656 1774 2709 quoad
1794 2656 1873 2696 Di-

387 2716 540 2756 vinum
560 2715 820 2756 Humanum
842 2717 886 2757 in
909 2723 1012 2758 toto
1029 2716 1156 2758 caelo
1178 2723 1225 2758 et
1247 2718 1291 2757 in
1309 2718 1458 2770 specie
1474 2718 1519 2758 in
1535 2717 1672 2758 caelis
1689 2718 1871 2759 intimis.

475 2775 560 2830 [lh]
609 2780 633 2796 “
647 2776 882 2817 Medium'’
899 2778 1038 2818 etiam
1055 2777 1282 2830 significat
1299 2778 1508 2818 intimum
1525 2784 1572 2818 et
1596 2779 1701 2819 inde
1722 2774 1872 2820 totum

387 2838 432 2879 in
446 2837 645 2891 pluribus
659 2837 769 2878 locis
784 2839 827 2878 in
840 2838 1008 2888 Verbo,
1022 2836 1072 2879 ut
1085 2839 1129 2879 in
1144 2839 1434 2892 sequentibus
1451 2839 1659 2893 z—Apud
1669 2839 1870 2888 Esaiam,

457 2927 480 2941 “
492 2925 706 3001 Exc}amal‘?t
718 2926 1048 3011 jug)ila,(l;abitatriit
1061 2926 1201 2975 Zionis„
1210 2927 1291 2968 quia
1307 2937 1458 2968 magnus
1472 2928 1507 2959 in
1522 2927 1639 2960 medio
1652 2928 1701 2960 tui
1720 2926 1870 2960 sanetus

582 2979 660 3001 stae
678 2980 706 3001 is
767 2980 826 3002 xn.
893 2980 900 3010 ;
