2060 3476
331 368 414 422 654
743 375 1077 411 APOCALYPSIS
1107 375 1406 412 EXPLICATA.

329 496 534 543 egerunt,
549 489 611 530 illi
626 490 827 532 retinent
838 489 924 532 hoc
941 496 987 531 et
1002 489 1206 540 credunt,
1218 504 1300 533 nec
1316 497 1575 533 scrutantur
1588 493 1816 546 quomodo

327 553 413 594 hoc
440 552 518 604 fit;
556 553 660 594 inde
685 559 755 594 est
780 553 900 607 quod
931 553 995 594 illi
1021 553 1158 594 etiam
1189 554 1233 594 in
1265 553 1394 595 caelo
1419 554 1523 603 sint,
1552 556 1738 596 tametsi
1769 556 1814 597 in

327 615 487 656 ultimo
502 614 619 668 ejus:
652 621 701 656 at
718 616 791 669 qui
809 615 1061 669 spirituales
1075 614 1178 657 facti
1191 622 1309 666 sunt,
1326 616 1389 657 illi
1407 629 1499 657 non
1515 617 1652 658 modo
1665 618 1815 660 sciunt

327 678 406 719 sed
429 678 567 719 etiam
590 678 747 719 vident
770 684 815 719 et
838 679 1090 732 percipiunt
1112 679 1231 732 quod
1250 679 1313 719 ita
1330 679 1414 730 sit;
1447 679 1550 720 inde
1573 679 1618 720 hi
1641 686 1744 721 sunt
1767 680 1813 720 in

326 740 464 781 caelis
475 740 786 794 superioribus.
843 740 904 781 Hi
918 754 1019 781 cum
1034 741 1078 781 in
1093 741 1307 789 mundum
1322 741 1599 795 spiritualem
1611 742 1812 790 veniunt,

325 804 481 844 vident
507 817 613 844 vera
638 809 685 844 et
717 804 969 857 percipiunt
1000 803 1078 844 illa
1102 804 1146 844 in
1172 803 1271 845 luce
1297 803 1424 853 caeli,
1454 817 1536 845 nec
1564 804 1815 846 admittunt

327 879 530 907 normam
553 867 597 907 in
620 867 790 907 mundo
812 880 838 907 a
861 866 1014 907 multis
1036 872 1282 920 receptam,
1307 867 1427 920 quod
1449 865 1708 908 intellectus
1730 868 1815 909 erit

325 929 407 970 sub
432 929 581 983 aliqua
606 921 865 970 obedientia
889 943 1026 970 caeca
1050 928 1178 970 fidei:
1211 929 1343 970 aliter
1368 929 1432 970 illi
1463 930 1537 984 qui
1568 931 1612 971 in
1644 930 1815 971 ultimis

325 992 438 1033 caeli
464 998 583 1041 sunt,
612 993 714 1046 quia
739 1005 831 1033 non
856 992 1013 1033 vident
1045 998 1092 1033 et
1123 992 1400 1046 percipiunt3
1431 997 1630 1033 ‘manent
1661 993 1705 1033 in
1735 992 1814 1033 illa

326 1068 497 1103 norma,
527 1055 605 1095 sed
632 1068 770 1108 usque
796 1055 1076 1096 instruuntur
1101 1067 1152 1096 ac
1176 1052 1379 1095 instructi
1405 1055 1553 1096 sciunt
1579 1068 1697 1096 vera.

403 1123 541 1177 346.
581 1123 659 1162 “Et
675 1123 800 1163 robur
817 1122 856 1162 in
875 1123 1049 1163 saecula
1068 1121 1563 1175 saeculorum‚''—Quod
1586 1121 1812 1175 significet

325 1185 443 1238 quod
475 1184 577 1237 Ipsi
610 1184 697 1225 soli
726 1184 789 1224 sit
822 1183 1148 1236 omnipotentia,
1181 1183 1226 1224 in
1262 1189 1498 1233 aeternum,
1532 1189 1717 1225 constat
1753 1197 1813 1224 ex

325 1247 655 1300 significatione
680 1246 931 1295 “roboris‚”
949 1259 1051 1288 cum
1070 1246 1126 1287 de
1149 1246 1361 1295 Domino,
1381 1246 1500 1299 quod
1525 1247 1582 1287 sit
1605 1247 1814 1300 omnipo-

326 1310 496 1350 tentia:
530 1316 577 1351 et
603 1310 706 1364 quia
732 1309 930 1350 Domino
953 1309 1285 1362 omnipotentia
1311 1314 1380 1349 est
1407 1322 1466 1349 ex
1495 1309 1661 1350 Divino
1684 1309 1815 1350 Bono

326 1386 404 1426 per
445 1372 657 1413 Divinum
690 1371 876 1421 Verum,
918 1372 1021 1412 ideo
1065 1372 1229 1412 dicitur
1262 1370 1446 1412 “honor
1489 1378 1536 1412 et
1581 1371 1725 1427 gloria
1767 1377 1815 1413 et

325 1435 458 1476 robur
476 1434 510 1485 ;'’
536 1448 614 1488 per
631 1438 655 1455 ‘⁶
668 1434 919 1475 honorem''
930 1435 1048 1475 enim
1061 1440 1107 1475 et
1124 1437 1149 1455 “
1163 1433 1353 1487 gloriam
1366 1433 1673 1487 ”significatur
1689 1433 1814 1474 Divi·

326 1509 431 1536 num
449 1495 626 1536 Bonum
641 1501 688 1536 et
705 1495 919 1536 Divinum
933 1495 1107 1536 Verum
1125 1508 1134 1535 Ξ
1161 1505 1264 1543 (quod
1274 1505 1377 1534 omnis
1389 1506 1532 1543 potentia
1543 1505 1582 1534 sit
1595 1505 1713 1535 Divino
1723 1505 1816 1535 Bono

323 1569 381 1597 per
394 1560 546 1589 Divinum
559 1560 690 1594 Verum,
703 1559 848 1588 videatur
859 1560 892 1588 in
905 1568 1001 1596 opere
1014 1559 1065 1588 De
1083 1559 1172 1588 Caelo
1184 1562 1214 1588 et
1224 1559 1360 1598 Inferna,
1371 1568 1402 1589 n.
1416 1567 1485 1596 231,
1499 1567 1568 1596 232,
1582 1566 1651 1596 539,
1665 1563 1696 1588 et
1707 1567 1813 1596 supra,

324 1622 354 1642 n.
369 1612 463 1655 209,
482 1613 561 1654 333
575 1612 598 1651 z)
631 1606 656 1622 “
669 1602 804 1643 robur
817 1601 835 1617 ’'
854 1601 1016 1642 ultimo
1038 1601 1108 1642 hic
1128 1601 1306 1650 dicitur,
1325 1607 1372 1643 et
1397 1601 1455 1642 ab
1472 1601 1648 1654 angelis
1666 1600 1814 1645 ultimi

326 1663 454 1713 caeli,
471 1664 574 1718 quia
591 1666 616 1683 “
629 1662 802 1712 robur,‘’
819 1662 892 1704 ubi
915 1663 970 1704 de
988 1663 1200 1712 Domino,
1217 1663 1378 1704 dicitur
1392 1663 1448 1704 de
1467 1662 1629 1703 Divina
1650 1668 1815 1716 poten·
1846 1713 1849 1715 Π

324 1725 388 1766 tia
423 1725 467 1765 in
486 1725 584 1765 'suo
618 1724 772 1778 pleno,
814 1737 864 1765 ac
900 1724 945 1764 in
980 1737 1061 1764 suo
1096 1724 1234 1777 pleno
1273 1730 1344 1765 est
1383 1724 1428 1764 in
1459 1723 1644 1764 ultimis.
1702 1733 1815 1772 (Quod

325 1785 476 1815 Divinum
491 1785 524 1814 in
534 1785 652 1814 ultimis
664 1785 703 1814 sit
717 1785 749 1814 in
764 1793 823 1814 suo
833 1784 940 1823 pleno,
953 1784 997 1814 ita
1009 1784 1042 1813 in
1055 1793 1114 1814 suo
1129 1784 1252 1819 robore,
1264 1784 1408 1814 videatur
1418 1784 1450 1813 in
1463 1783 1604 1813 Arcanis
1618 1783 1814 1820 Caelestibus,

323 1841 355 1862 n.
368 1834 456 1870 5897,
468 1833 557 1870 6451,
571 1832 659 1869 8603,
676 1833 765 1870 9828,
778 1832 867 1870 9836,
882 1840 988 1870 10099,
1004 1834 1117 1869 10548;
1133 1835 1164 1861 et
1178 1831 1210 1861 in
1223 1840 1319 1870 opere
1331 1831 1382 1861 De
1396 1830 1488 1861 Caelo
1499 1833 1531 1860 et
1539 1830 1717 1870 Insa-mom.
1729 1828 1813 1869 315.)

964 1981 1101 2005 VERSUS
1126 1981 1178 2013 14.

402 2050 532 2096 347.
570 2056 589 2069 ”
596 2056 631 2083 ft
642 2057 766 2089 quatuor
775 2055 918 2082 Animalia
929 2055 1065 2082 dicebant
1074 2055 1162 2082 Amen
1170 2063 1182 2087 ,¹
1201 2056 1232 2082 et
1245 2054 1348 2088 vtylnt!
1356 2056 1480 2088 quatuor
1488 2054 1620 2082 senlores
1629 2052 1814 2086 providerunt

324 2096 355 2122 et
367 2096 561 2122 adoraverunt
579 2096 720 2122 erntem
733 2096 763 2122 in
775 2097 894 2122 saecula
909 2096 1122 2122 saeculorum.''

349 2175 399 2208 14.
432 2167 494 2201 “ft
507 2170 654 2211 quatuor
666 2166 828 2201 Animalia
842 2166 1000 2201 dicebant
1013 2166 1143 2206 Amen?
1155 2166 1317 2209 significat
1328 2166 1612 2210 confirmationem
1627 2177 1650 2198 a
1666 2165 1815 2198 Domino

499 2222 541 2243 ex
563 2213 648 2243 caelo
663 2212 783 2244 intimo
803 2212 853 2255 [n.
872 2211 954 2254 348]
968 2223 977 2250 3
1007 2214 1063 2245 “et
1084 2211 1202 2255 viginti
1213 2213 1360 2255 quatuor
1374 2210 1530 2244 seniores
1542 2209 1766 2253 prociderunt
1779 2210 1816 2242 et

498 2255 606 2289 adora
612 2258 732 2289 rerunt
745 2255 912 2289 Wrentem
924 2255 958 2289 in
970 2256 1112 2289 saecula
1122 2256 1367 2293 saeculorum,”
1377 2254 1537 2296 significat
1546 2254 1815 2286 humiliationem

498 2305 529 2331 et
539 2301 741 2342 agnitionem
753 2311 795 2332 ex
807 2301 899 2332 corde
910 2301 1061 2332 omnium
1073 2300 1135 2342 qui
1144 2300 1182 2332 in
1194 2300 1284 2332 veris
1295 2311 1337 2331 ex
1352 2300 1433 2331 bono
1443 2303 1534 2336 sunt,
1547 2299 1637 2342 quod
1643 2298 1816 2330 Dominus

498 2345 584 2376 solus
599 2345 706 2383 vivat,
721 2349 753 2376 et
765 2345 856 2387 quod
866 2344 907 2375 ab
923 2345 996 2386 ζρεο
1010 2345 1074 2376 solo
1088 2345 1133 2376 sit
1146 2345 1219 2376 vita
1235 2348 1370 2375 aeterna
1390 2343 1440 2387 [n.
1459 2342 1541 2386 349]
1550 2367 1557 2374 .

403 2439 537 2493 348.
569 2449 674 2488 [Vers.
687 2450 749 2488 14.]
773 2443 797 2462 ‘¹
801 2439 834 2479 Ε
834 2443 851 2479 t
862 2442 1037 2492 quatuor·
1044 2438 1239 2479 Animalia
1251 2438 1443 2479 dicebant
1450 2438 1585 2478 Amen.
1593 2437 1668 2466 ''—
1677 2435 1814 2488 Quod

326 2502 548 2555 significet
574 2501 947 2555 confirmationem
978 2515 1006 2541 a
1035 2500 1221 2541 Domino
1250 2515 1272 2541 e
1294 2499 1409 2541 caelo
1434 2499 1600 2548 intimo,
1629 2503 1814 2539 constat

325 2579 384 2606 ex
417 2563 747 2617 significatione
781 2566 1011 2617 “quatuor
1041 2562 1351 2603 Animalium'’
1382 2576 1460 2603 seu
1498 2561 1811 2609 cheruborum.

325 2627 445 2681 quod
471 2628 515 2667 in
542 2640 752 2680 supremo
778 2640 912 2667 sensu
937 2627 1027 2667 sint
1060 2626 1281 2667 Dominus
1307 2625 1455 2679 quoad
1482 2624 1813 2678 providentiam

324 2697 371 2731 et
397 2690 651 2731 custodiam
677 2703 734 2730 ne
756 2689 945 2730 adeatur
971 2689 1054 2729 nisi
1079 2701 1213 2742 quam
1244 2702 1323 2742 per
1347 2689 1515 2729 bonum
1541 2687 1706 2728 amoris
1736 2685 1813 2740 (de

324 2766 411 2806 qua
436 2766 581 2806 supra,
610 2765 651 2792 n.
685 2761 760 2804 152
786 2751 875 2801 fin.,
901 2750 1001 2806 277)
1022 2765 1031 2802 ;
1064 2758 1110 2792 et
1137 2751 1181 2791 in
1207 2764 1341 2791 sensu
1362 2748 1614 2804 respectivo
1636 2748 1812 2790 caelum

324 2815 531 2856 intimum
556 2828 635 2855 seu
660 2815 846 2855 tertium
871 2813 933 2867 (n.
962 2811 1131 2867 313[a]‚
1160 2812 1289 2867 322);
1321 2818 1368 2854 et
1394 2826 1454 2853 ex
1479 2811 1812 2865 significatione

328 2877 538 2926 “amem”
562 2877 682 2931 quod
709 2877 766 2918 sit
785 2876 1068 2918 confirmatio
1099 2890 1126 2917 a
1157 2876 1322 2917 Divino
1353 2881 1400 2916 et
1424 2876 1592 2916 veritas
1621 2873 1698 2928 (de
1725 2887 1813 2927 qua

324 2940 463 2981 etiarn
485 2953 631 2994 supra,
655 2953 696 2980 n.
722 2951 787 2992 34,
812 2938 942 2994 238):
975 2953 1036 2981 ex
1061 2939 1130 2980 his
1153 2945 1297 2993 patet,
1322 2938 1441 2992 quod
1467 2951 1546 2992 per
1566 2936 1813 2990 “Quatuor

325 3002 555 3044 Animalia
566 3003 779 3044 dicebant
791 3002 982 3054 Amen,'’
993 3001 1270 3057 significetur
1280 3001 1562 3043 confirmatio
1573 3014 1600 3042 a
1611 3000 1810 3042 Domino
