2060 3476
631 346 737 381 cAP.
761 347 845 387 111.,
870 346 1008 379 VERS.
1037 346 1207 391 17.—N.
1231 336 1392 392 240[c].
1436 322 1439 325 ⁴
1675 347 1757 391 379

265 461 336 504 hic
363 460 508 503 simile
531 460 877 515 per·“inebriari
898 466 945 501 et
969 458 1156 500 nudari”
1178 459 1298 513 quod
1321 472 1456 512 supra
1478 457 1757 512 significatur

266 527 336 566 (sed
359 527 490 565 quinam
512 527 556 556 illi
578 531 653 556 sunt
673 526 728 564 qui
750 535 808 564 per
831 522 848 534 '⁸
861 525 1052 555 Edomum''
1076 525 1304 563 intelliguntur,
1328 525 1473 554 videatur
1491 533 1523 554 n.
1543 532 1633 562 3322,
1649 523 1755 562 8314).

265 578 405 632 Apud
429 577 634 627 Esaiam,

331 666 420 699 Filia
436 667 578 699 Babelis
595 673 631 699 et
647 666 984 704 Chaldaeae,“sede
1009 666 1044 697 in
1063 672 1156 697 terra
1159 691 1251 704 .....
1260 676 1360 697 sume
1378 665 1509 697 molam
1528 670 1563 696 et
1587 663 1682 695 mole
1707 663 1760 695 fa*

438 711 564 749 rinam,
585 711 704 742 revela
716 711 831 742 crines
849 716 929 742 tuos
934 735 1025 748 .....
1034 710 1154 741 revela
1169 709 1295 746 femur,
1315 710 1427 741 transi
1445 709 1603 746 flumina,
1624 708 1759 739 revele-

439 761 495 787 tur
511 755 654 787 nuditas
671 761 741 792 tua,
754 756 932 796 etiamque
945 754 1106 785 videatur
1122 754 1353 794 opprobrium
1371 760 1470 785 tuum
1483 752 1501 764 ’'
1519 752 1629 792 (xlvii.
1647 750 1733 790 1—3).

265 857 345 897 per
373 842 548 884 “filiam
580 842 792 884 Babelis’'
818 849 865 884 et
894 841 1223 884 “Chaldaeae’'
1248 841 1566 894 intelliguntur
1591 840 1654 881 illi
1685 841 1758 894 qui

265 906 507 960 profanant
538 906 659 947 bona
690 912 736 948 et
767 920 873 947 vera
905 905 1152 956 ecclesiae;
1194 918 1274 958 per
1301 904 1510 945 “molere
1541 903 1759 944 farinam’'

264 969 539 1022 intelligitur
569 968 803 1010 falsificare
833 983 965 1019 vera;
999 982 1078 1022 per
1106 967 1345 1009 “revelare
1377 966 1553 1008 crines'’
1582 973 1628 1007 et
1658 966 1758 1006 “fe-

267 1031 404 1081 mur,’'
435 1031 704 1085 intellig-itur
735 1032 956 1085 deprivari
988 1030 1295 1084 intelligentia
1321 1031 1415 1071 veri
1446 1036 1492 1071 et
1519 1030 1759 1070 voluntate

267 1095 400 1146 boni;
434 1095 579 1136 simile
610 1109 689 1149 per
721 1095 951 1136 “transire
982 1093 1194 1134 flumina’'
1225 1100 1272 1135 et
1307 1092 1546 1134 “revelare
1578 1093 1758 1133 nudita-

264 1158 399 1199 tem.’'

353 1220 436 1275 [6.]
481 1220 597 1274 Quia
625 1220 848 1261 “nuditas
861 1220 881 1235 ’'
913 1219 1199 1273 significabat
1231 1219 1592 1273 deprivationem
1625 1218 1759 1259 intel-

265 1282 408 1325 leetuS
434 1285 526 1325 veri
552 1289 598 1325 et
624 1283 877 1324 voluntatis
903 1283 1024 1332 boni,
1053 1283 1155 1323 ideo
1182 1288 1407 1323 statutum
1433 1282 1527 1330 fuit,

332 1373 436 1415 Quod
453 1373 601 1404 Aharon
615 1378 650 1404 et
663 1372 725 1403 filii
743 1372 820 1413 ejus
841 1369 947 1414 [non]
966 1372 1202 1403 ascenderent
1217 1372 1251 1402 in
1270 1371 1439 1412 gradibus
1457 1381 1565 1411 super
1577 1371 1699 1408 altare,
1717 1381 1761 1402 ne

439 1417 616 1448 reveletur
633 1417 775 1448 nuditas
792 1426 915 1447 eorum
933 1426 1040 1456 super
1057 1416 1117 1446 illo
1135 1415 1259 1455 (Exod.
1274 1426 1331 1447 xx.
1347 1424 1387 1453 23
1407 1413 1467 1456 [B.
1482 1416 1528 1446 A.
1544 1412 1616 1455 26])
1630 1424 1637 1452 ;

331 1460 423 1493 Tum
440 1461 535 1502 quod
559 1461 626 1492 illis
650 1460 809 1491 facerent
832 1459 1020 1491 femoralia
1042 1459 1105 1490 lini
1129 1460 1174 1490 ad
1199 1459 1392 1499 tegendum
1415 1468 1557 1489 carnem
1575 1458 1758 1495 nuditatis,

440 1510 476 1536 et
500 1505 593 1546 quod
609 1510 731 1535 essent
748 1514 855 1544 super
879 1503 948 1535 illis
973 1513 1053 1534 curn
1078 1503 1255 1534 intrarent
1279 1503 1472 1534 tentorium
1497 1496 1708 1539 conventus,
1725 1507 1760 1532 et

440 1557 520 1579 cum
537 1548 746 1579 accederent
762 1547 807 1578 ad
824 1547 947 1584 altare,
965 1553 1000 1578 et
1017 1547 1113 1587 quod
1129 1547 1262 1587 alioqui
1287 1552 1471 1587 portarent
1487 1545 1710 1587 iniquitatem
1727 1551 1763 1576 et

441 1598 666 1623 morerentur
682 1590 807 1632 (Exod.
821 1591 943 1623 xxviii.
957 1599 1011 1629 42,
1025 1590 1092 1630 43).
1509 1624 1525 1641 ·

267 1678 343 1719 Ex
369 1678 438 1719 his
464 1684 593 1733 patet
619 1678 724 1732 quid
751 1677 1033 1731 significatur
1059 1691 1139 1731 per
1164 1677 1303 1718 verba
1328 1677 1372 1717 in
1399 1677 1607 1730 sequenti
1632 1690 1763 1717 versu

267 1743 311 1783 in
343 1741 429 1783 hoc
463 1742 626 1795 capite,
660 1740 879 1782 “Suadeo
911 1741 993 1781 tibi
1025 1754 1175 1781 emere
1207 1754 1233 1780 a
1265 1739 1340 1780 Me
1346 1772 1468 1788 .....
1487 1740 1763 1780 vestimenta
1814 1777 1815 1780 ,

267 1804 372 1845 alba
397 1811 446 1846 ut
477 1804 689 1853 induaris,
719 1817 775 1844 ne
807 1809 1025 1857 appareat
1057 1803 1202 1857 pudor
1228 1802 1448 1843 nuditatis
1480 1808 1584 1843 tuae
1602 1802 1635 1842 :’'
1666 1808 1763 1843 tum

267 1868 312 1908 in
338 1867 631 1922 sequentibus
656 1866 785 1920 hujus
809 1865 944 1907 Libri
965 1865 1006 1906 Α
1008 1865 1309 1919 pocalypseos,

337 1957 359 1971 ‘⁸
372 1955 504 1987 Beatus
521 1956 581 1997 qui
597 1955 733 1996 vigilat,
754 1961 790 1987 et
813 1961 935 1987 servat
952 1955 1171 1986 vestimenta
1187 1964 1263 1991 sua,
1284 1964 1329 1986 ne
1347 1954 1462 1986 nudus
1479 1953 1639 1985 ambulet
1662 1960 1698 1985 et
1713 1954 1763 1985 vi-

441 1999 594 2031 deantur
610 1999 777 2040 pudenda
794 1999 872 2039 ejus
885 1998 903 2010 '’
921 1999 1005 2039 (xvi.
1023 1998 1087 2038 15).

269 2088 510 2129 Praeterea
540 2101 620 2140 per
653 2086 890 2129 “nudum’'
920 2087 963 2127 in
994 2086 1150 2127 Verbo
1181 2085 1500 2139 intelliguntur
1532 2085 1670 2126 etiam
1702 2084 1765 2125 illi

269 2151 344 2204 qui
369 2163 462 2191 non
486 2151 531 2191 in
557 2150 672 2191 veris
699 2156 803 2191 sunt
829 2156 876 2191 et
902 2149 1006 2190 inde
1033 2162 1123 2190 non
1151 2150 1195 2189 in
1221 2149 1359 2198 bono,
1389 2149 1601 2202 quoniam
1633 2148 1764 2201 igno-

269 2220 372 2254 rant
398 2213 489 2262 illa,
513 2219 560 2254 et
583 2219 737 2254 tamen
760 2213 1019 2253 desiderant
1040 2211 1144 2262 illa;
1178 2218 1226 2252 ut
1252 2218 1357 2252 sunt
1379 2212 1453 2265 qui
1476 2212 1594 2252 intra
1616 2205 1763 2252 eccle-

270 2277 382 2317 siam
408 2282 513 2317 sunt
539 2276 612 2316 ubi
637 2275 701 2316 illi
731 2277 805 2330 qui
830 2276 999 2316 docent
1030 2276 1075 2315 in
1102 2274 1224 2315 falsis
1257 2280 1377 2323 sunt,
1406 2281 1502 2315 tum
1534 2274 1607 2327 qui
1634 2279 1767 2314 extra

270 2339 511 2380 ecclesiam
543 2344 647 2379 sunt
679 2345 726 2380 et
758 2352 850 2379 non
877 2338 1081 2379 Verbum
1115 2337 1301 2386 habent,
1330 2344 1376 2378 et
1408 2338 1513 2377 inde
1546 2350 1636 2377 non
1662 2350 1768 2376 vera

271 2403 419 2443 sciunt
450 2407 497 2442 et
528 2401 638 2442 nihil
669 2401 725 2442 de
757 2401 969 2442 Domino.
1032 2400 1093 2442 Hi
1126 2406 1232 2440 sunt
1264 2401 1338 2454 qui
1371 2399 1690 2453 intelliguntur
1722 2399 1766 2438 in

271 2465 341 2506 his
367 2465 478 2506 locis
495 2464 704 2518 z—Apud
729 2464 933 2512 Esaiam,

341 2558 363 2571 ‘⁴
375 2555 455 2588 Hoc
482 2555 658 2596 jejunium
682 2555 777 2596 quod
804 2554 899 2594 eligo
903 2578 996 2592 .....
1005 2554 1172 2594 frangere
1198 2553 1364 2585 famelico
1391 2563 1521 2594 panem
1527 2577 1618 2591 .....
1626 2559 1662 2584 et
1689 2562 1768 2584 cum

445 2599 576 2631 videris
594 2599 728 2630 nudum
745 2599 914 2638 obtegere
930 2607 1012 2629 eum
1026 2597 1044 2610 ’'
1062 2597 1163 2638 (lviii.
1179 2597 1211 2635 6,
1227 2597 1259 2637 7)
1275 2607 1282 2636 ;

272 2675 392 2730 apud
418 2674 704 2723 Ezechielem,

396 2751 419 2765 ‘¹
432 2750 567 2782 Panem
584 2759 687 2781 suum
705 2748 872 2781 famelico
889 2748 960 2787 det,
980 2754 1015 2780 et
1032 2748 1166 2780 nudum
1185 2754 1283 2790 tegat
1299 2754 1400 2780 veste
1410 2747 1430 2760 ''
1447 2747 1558 2788 (xviii.
1577 2746 1609 2788 7)
1623 2757 1630 2785 ;

273 2835 320 2869 et
347 2826 466 2882 apud
491 2825 789 2875 Mattlzaeum,

463 2900 622 2932 “Nudus
638 2900 689 2932 fui
706 2906 741 2932 et
758 2909 831 2931 non
849 2900 1015 2931 induistis
1033 2899 1094 2931 Me
1105 2899 1124 2911 ”
1140 2899 1236 2940 (xxv.
1251 2900 1304 2939 36,
1319 2897 1390 2941 38[‚
1405 2907 1458 2938 43,
1473 2896 1547 2940 44])
1562 2908 1570 2936 ;

279 2992 474 3043 “tegere
506 2987 664 3029 veste”
697 2994 743 3029 et
778 2987 998 3028 “induere
1011 2988 1029 3002 ”
1061 2987 1285 3041 significat
1324 2988 1543 3028 instruere
1575 2987 1620 3029 'm
1651 2985 1767 3026 veris
