2060 3476
281 363 361 414 196
689 370 1020 404 APOCALYPSIS
1052 371 1350 404 EXPLICATA.

276 482 502 523 amoribus
540 496 629 523 non
667 489 770 524 sunt
807 483 1025 536 recipiant
1063 483 1322 532 Dominum,
1355 488 1678 536 regenerentur
1713 488 1759 524 et

276 544 520 594 salventur,
559 544 828 597 intelligitur
863 559 941 598 per
976 545 1095 599 quod
1134 546 1244 599 “qui
1281 545 1470 586 credunt
1514 545 1559 585 in
1595 557 1760 585 nomen

277 603 465 657 Ipsius,”
486 604 597 645 fiant
622 605 735 645 “filii
762 604 887 654 Dei‚'’
909 611 955 646 et
981 607 1072 646 sint
1101 610 1197 646 “ex
1224 605 1324 646 Deo
1349 604 1484 645 nati.”
1541 615 1654 653 (Quod
1668 612 1763 644 “cre-

277 665 351 694 dere
366 665 398 694 in
412 675 530 695 nomen
546 666 675 695 Domini
686 666 702 675 ''
715 666 754 695 sit
766 666 916 695 Divinum
930 668 1119 696 Humanum
1134 667 1236 704 Ipsius
1247 675 1428 704 agnoscere,
1441 671 1471 695 et
1485 666 1526 695 ab
1539 667 1614 704 Ipso
1625 666 1763 704 recipere

275 723 416 744 amorem
436 720 467 744 et
490 716 596 750 fidem,
615 716 760 745 videatur
777 725 881 753 supra,
915 725 946 745 n.
976 716 1067 754 102,
1101 715 1195 758 135:
1240 717 1329 753 quod
1356 712 1580 753 “sanguines’'
1601 716 1662 745 sint
1680 724 1763 753 quae

276 765 441 793 destruunt
455 774 595 794 amorem
612 770 642 794 et
663 766 856 800 charitatem,
872 766 903 794 in
925 767 1065 794 Arcanis
1090 766 1285 799 Caelestibus,
1301 774 1332 795 n.
1347 772 1436 802 4735,
1452 766 1541 802 5476,
1556 773 1651 803 9127:
1674 765 1763 802 quod
1797 764 1803 768 ⁴

247 846 251 850 Ι
276 814 293 824 “
304 820 377 840 0310
388 811 403 820 ”
420 811 458 840 sit
472 812 634 849 propn'um
649 812 861 841 voluntarium
876 812 1020 845 hominis,
1037 813 1125 849 quod
1146 812 1177 840 in
1199 821 1232 840 se
1246 821 1311 840 non
1333 817 1379 840 est
1401 811 1458 840 nisi
1473 820 1569 848 quam
1585 811 1713 846 malum,
1729 820 1760 842 n.

276 865 343 890 210,
361 864 429 894 215,
445 866 513 895 731,
530 858 678 894 874—876‚
694 860 763 895 987,
781 866 866 895 1047,
890 867 978 895 2307,
995 856 1117 895 [¹]2308·
1140 860 1229 895 3518,
1252 866 1341 895 3701,
1357 859 1446 895 3812,
1461 859 1551 895 4328,
1569 859 1656 894 8480,
1672 859 1761 895 8550,

277 905 384 940 10283,
400 906 506 940 10284,
521 904 627 938 10286,
641 902 790 941 [²110732:
815 909 845 932 et
857 905 944 941 quod
955 904 1118 941 proprium
1130 903 1265 932 hominis
1280 904 1318 932 sit
1329 912 1419 933 amor
1432 904 1480 933 sui
1495 908 1526 933 et
1539 912 1630 933 amor
1640 904 1761 938 mundi,

275 958 305 978 11.
322 950 391 986 694,
413 958 482 986 731,
504 958 593 987 4317,
616 950 704 987 5660.
748 950 845 986 Quod
868 950 967 978 “vir''
991 950 1029 978 sit
1050 944 1270 984 intellectuale,
1287 954 1317 978 et
1338 950 1411 979 inde
1432 959 1541 979 verum
1563 955 1618 979 aut
1638 950 1761 984 salsum,

274 995 425 1032 quoniam
441 1005 480 1024 ex
495 1005 560 1024 uno
575 1000 629 1024 aut
643 996 741 1025 altero
756 1000 801 1024 est
817 996 903 1030 illud,
920 1005 949 1025 n.
966 1004 1054 1033 3134,
1067 1005 1156 1033 3309,
1172 1004 1267 1033 9007:
1290 996 1333 1024 ita
1347 999 1364 1010 ‘¹
1376 996 1521 1025 voluntas
1535 996 1591 1024 viri
1601 995 1616 1005 ’¹
1630 1000 1676 1024 est
1690 1004 1762 1033 pro-

274 1041 377 1078 prium
394 1042 619 1076 intellectualoe
644 1042 731 1078 quod
746 1051 819 1072 cum
835 1042 936 1070 existit
951 1051 989 1070 ex
1004 1042 1132 1079 proprio
1146 1042 1333 1076 voluntario,
1349 1042 1437 1079 quod
1458 1042 1490 1071 in
1510 1051 1544 1071 se
1558 1050 1623 1070 non
1638 1046 1684 1071 est
1704 1041 1762 1070 nisi

274 1096 371 1124 quam
388 1088 516 1122 malum,
532 1097 596 1117 non
613 1093 658 1116 est
673 1088 730 1116 nisi
745 1097 841 1124 quam
857 1088 986 1122 falsum;
1009 1088 1063 1116 ubi
1078 1088 1162 1116 enim
1177 1088 1296 1116 1113111111
1312 1093 1358 1116 051
1371 1088 1403 1116 111
1418 1088 1578 1117 voluntate
1593 1088 1634 1116 ibi
1649 1088 1762 1117 falsum

275 1138 320 1162 est
336 1134 366 1162 in
382 1134 551 1162 intellectu.
578 1134 675 1170 Quod
688 1137 704 1147 ¹¹
715 1143 741 1162 a=
750 1134 819 1162 Deo
832 1134 916 1162 nasei
926 1134 942 1142 ''
959 1134 997 1162 sit
1011 1134 1186 1171 regenerari
1200 1143 1220 1163 a
1236 1134 1384 1168 Domino,
1401 1134 1543 1163 videatur
1556 1134 1588 1162 in
1604 1134 1763 1163 Doctrina

275 1181 385 1208 Novae
405 1180 652 1217 Hierosolymae,
669 1189 698 1209 n.
718 1182 863 1217 173—184.
910 1180 1072 1208 Praeterea
1094 1180 1181 1217 quod
1197 1189 1307 1209 omnes
1328 1180 1360 1208 in
1381 1180 1526 1209 universo
1547 1188 1586 1208 ex
1608 1180 1731 1209 influxu
1745 1189 1763 1209 e

275 1226 364 1255 caelo
379 1230 409 1254 et
424 1235 463 1254 ex
479 1226 668 1254 revelatione
683 1226 789 1255 colant
805 1226 955 1255 Divinum
971 1226 1030 1255 sub
1047 1227 1200 1255 Humana
1214 1227 1324 1260 forma,
1339 1226 1482 1255 videatur
1496 1227 1527 1255 in
1542 1226 1696 1264 opusculo
1712 1227 1763 1255 De

281 1273 459 1301 Telluribus
474 1273 507 1301 in
524 1273 686 1306 Universo,
702 1281 732 1302 n.
749 1274 797 1309 98,
812 1271 1074 1309 [³1121,141,154,
1093 1274 1158 1309 158,
1174 1280 1239 1310 159,
1255 1273 1327 1310 169;
1350 1278 1417 1301 111111
1433 1273 1520 1309 quod
1535 1281 1645 1301 omnes
1659 1273 1761 1310 angeli

275 1322 435 1350 caelorum
451 1322 660 1359 superiorum,
676 1322 707 1350 in
723 1331 819 1359 opere
836 1323 885 1351 De
903 1322 993 1351 Caelo
1007 1325 1038 1351 et
1051 1323 1186 1361 Inferna,
1202 1331 1233 1351 11.
1249 1322 1374 1361 78-86,)
1427 1311 1502 1351 EX
1535 1311 1604 1351 hlS
1641 1324 1759 1352 nunc

275 1378 487 1412 constare
524 1378 677 1425 potest
715 1371 835 1425 quod
872 1385 1006 1413 omne
1042 1372 1275 1420 ecclesiae,
1314 1373 1379 1413 ita
1413 1386 1589 1425 quoque
1626 1385 1759 1412 omne

275 1433 387 1474 caeli
410 1434 528 1487 apud
552 1434 771 1482 homines,
797 1434 854 1474 sit
881 1448 939 1475 ex
963 1433 1128 1474 Divino
1152 1434 1365 1475 Humano
1397 1431 1593 1475 Domini.
1644 1433 1759 1486 Quia

275 1496 339 1536 ita
361 1502 445 1544 est,
474 1496 576 1536 ideo
602 1497 645 1536 in
672 1497 815 1549 primo
841 1497 990 1549 capite
1007 1495 1333 1549 Apocalypseos
1355 1496 1622 1537 describitur
1645 1496 1759 1536 “Fi-

275 1557 358 1598 lius
381 1557 614 1606 hominis,’‘
632 1559 705 1611 qui
727 1564 797 1598 est
822 1558 1033 1598 Divinum
1054 1557 1326 1606 Humanum,
1346 1571 1425 1611 per
1441 1558 1564 1598 varia
1580 1571 1759 1611 reprae-

275 1621 529 1670 senta-tiva3
577 1626 622 1661 et
663 1620 766 1661 dein
807 1634 866 1660 ex
907 1620 985 1660 illa
1024 1620 1329 1673 descriptione
1374 1620 1615 1674 desumpta
1655 1626 1760 1661 sunt

274 1683 463 1723 exordia
485 1682 542 1723 ad
569 1682 769 1735 singulas
796 1682 1026 1723 Ecclesias
1055 1681 1281 1735 (videatur
1307 1696 1452 1736 supra,
1481 1695 1522 1723 n.
1556 1683 1680 1736 113);
1713 1688 1760 1724 et

274 1745 318 1785 in
341 1745 491 1798 specie
517 1744 573 1785 ad
600 1744 716 1785 hanc
744 1744 1012 1793 Ecclesiam,
1037 1744 1094 1785 ad
1116 1757 1250 1798 quam
1272 1745 1421 1797 agitur
1443 1745 1499 1786 de
1521 1745 1761 1798 praecipuo

274 1806 505 1848 essentiali
531 1806 763 1855 ecclesiae,
792 1820 954 1860 nempe
980 1806 1037 1848 de
1068 1805 1383 1859 conjunctione
1409 1807 1574 1848 interni
1605 1813 1651 1848 et
1678 1798 1760 1848 exss

274 1870 389 1910 terni
413 1883 491 1910 seu
516 1869 582 1910 de·
595 1870 941 1922 regeneratione
968 1869 1161 1910 hominis
1184 1868 1402 1910 ecelesiae
1419 1867 1623 1919 3'dicitur
1641 1870 1759 1910 enim

274 1932 330 1972 ad
355 1931 587 1984 Angelum
616 1931 744 1984 hujus
770 1931 1019 1980 Ecclesiae,
1047 1931 1213 1972 “Haec
1241 1931 1350 1972 dicit
1374 1931 1512 1972 Filius
1530 1929 1759 1972 [⁴¹hominis

274 1994 447 2035 habens
474 1993 628 2034 oculos
654 2007 758 2034 suos
785 2000 1001 2047 tanquam
1027 1993 1253 2034 flammam
1280 1993 1434 2046 ignis.”

353 2065 476 2109 152.
511 2059 534 2078 ‘¹
547 2055 706 2096 Habeas
723 2055 862 2095 oeulos
877 2050 976 2095 suos}
991 2058 1181 2107 tanquam
1201 2055 1399 2094 flammam
1418 2054 1759 2108 ignis.”—Quod
1776 2099 1783 2112 x

273 2117 498 2170 significet
524 2117 738 2158 Divinam
765 2116 1101 2157 Providentiam
1130 2130 1186 2156 ex
1213 2116 1377 2156 Divino
1401 2116 1441 2156 A
1450 2130 1569 2157 more
1592 2116 1758 2168 Ipsius,

273 2194 325 2221 ac
343 2180 556 2220 Divinam
577 2179 843 2232 sapientiam
867 2185 912 2219 et
932 2179 1266 2231 intelligentiam
1287 2179 1643 2219 communicatam
1668 2179 1761 2220 illis

273 2243 352 2296 qui
382 2243 427 2284 in
463 2257 611 2283 amore
643 2248 686 2283 et
716 2242 818 2291 ¹ina'e
839 2242 937 2296 fide
971 2242 1016 2282 in
1051 2242 1205 2294 Ipsum
1241 2249 1354 2282 sunt.
1433 2241 1566 2295 Quod
1606 2242 1761 2283 “oculi

274 2307 389 2347 sicut
411 2306 590 2347 flamma
612 2305 767 2358 ignis,”
786 2318 886 2346 cum
909 2305 965 2346 de
988 2304 1198 2354 Domino,
1219 2306 1276 2346 sit
1300 2305 1464 2346 Divina
1487 2305 1631 2358 Ipsius
1654 2305 1760 2345 Pro-

273 2369 475 2410 videntia
507 2383 565 2409 ex
598 2368 764 2408 Divino
791 2367 934 2421 Ipsius
961 2367 1147 2416 Amore,
1175 2368 1381 2408 videatur
1407 2381 1539 2421 supra
1568 2367 1629 2421 (n.
1656 2367 1758 2421 68):

273 2432 393 2486 quod
421 2432 559 2472 etiam
586 2432 643 2471 sit
671 2431 834 2471 Divina
860 2431 1082 2484 sapientia
1108 2437 1154 2471 et
1180 2430 1485 2483 intelligentia
1511 2432 1760 2472 communi-

273 2502 378 2535 cata
403 2494 490 2535 illis
517 2495 589 2547 qui
615 2495 659 2534 in
685 2507 838 2534 amore
864 2500 910 2534 et
937 2493 1041 2534 inde
1064 2493 1150 2534 fide
1173 2494 1217 2533 in
1245 2493 1396 2546 Ipsum
1419 2499 1537 2542 sunt,
1563 2499 1632 2534 est
1659 2495 1762 2547 quia

273 2571 353 2610 per
386 2556 611 2598 “oculos'’
652 2557 696 2597 in
733 2556 902 2605 Verbo,
941 2569 1042 2596 cum
1079 2556 1135 2597 de
1176 2556 1445 2605 hominibus,
1484 2555 1762 2609 significatur

273 2618 533 2661 intellectus
559 2620 667 2668 veri,
695 2626 741 2660 et
774 2617 1032 2660 intellectus
1058 2620 1151 2660 veri
1177 2625 1247 2660 est
1278 2619 1584 2672 intelligentia
1610 2625 1656 2660 et
1688 2633 1760 2660 53-

273 2684 472 2737 pientia;
518 2683 622 2723 inde
659 2696 737 2735 per
762 2682 994 2730 “oculos,'‘
1017 2695 1118 2723 cum
1151 2682 1209 2722 de
1239 2682 1450 2730 Domino,
1484 2681 1762 2735 significatur

274 2746 440 2787 Divina
471 2746 694 2798 sapientia
730 2751 776 2785 et
813 2745 1119 2798 intelligentia
1155 2745 1406 2798 procedens
1437 2744 1494 2785 ab
1531 2745 1663 2798 Ipso;
1713 2751 1760 2786 et

273 2809 393 2862 quod
426 2808 631 2862 procedit
663 2807 719 2848 ab
753 2808 871 2861 Ipso,
900 2807 985 2848 hoc
1012 2808 1372 2848 communicatur
1396 2806 1571 2860 angelis
1597 2813 1644 2848 et
1676 2806 1759 2848 ho—

273 2872 465 2913 minibus
491 2872 564 2925 qui
589 2871 634 2911 in
660 2884 812 2912 amore
839 2877 884 2911 et
911 2870 1016 2911 inde
1047 2870 1133 2911 fide
1165 2871 1209 2910 in
1242 2870 1394 2923 Ipsum
1420 2876 1538 2911 sunt.
1600 2868 1760 2910 Omnis

272 2936 410 2976 etiam
437 2935 659 2987 sapientia
684 2940 731 2974 et
757 2933 1075 2986 intelligentia,
1104 2947 1218 2987 quae
1244 2939 1313 2974 est
1340 2932 1514 2986 angelis
1540 2938 1586 2973 et
1612 2932 1758 2972 homi-

272 2997 415 3048 nibus,
444 3010 534 3038 non
561 3003 630 3038 est
655 3009 808 3038 eorum
835 2997 914 3038 sed
949 2996 1130 3037 Domini
1157 2997 1274 3050 apud
1306 2995 1434 3047 illos;
1467 2995 1586 3049 quod
1619 2995 1756 3036 etiam
