2060 3476
743 349 850 382 CAP.
874 349 919 390 1.,
943 349 1083 382 VERs.
1112 348 1282 382 10.——N.
1308 350 1371 394 53.
1752 350 1800 395 55

308 461 503 504 Credere
528 463 574 504 in
598 462 834 512 invisibile,
863 476 953 503 non
980 461 1134 516 procul
1161 469 1231 504 est
1258 476 1284 503 a
1310 462 1493 503 credere
1519 463 1563 503 in
1594 463 1804 503 intimum

308 525 525 575 Naturae,
552 527 597 567 in
628 526 749 580 quod
778 527 918 567 etiam
950 540 1077 567 mens
1109 539 1249 580 prone
1281 525 1448 566 labitur
1490 539 1626 580 quum
1659 525 1804 579 phan-

306 591 432 631 tasiis
454 591 544 631 suis
565 589 772 643 indulget
790 603 799 641 ;
833 591 971 631 cuivis
993 597 1149 631 tamen
1171 591 1356 631 insitum
1378 596 1448 630 est
1467 603 1491 630 e
1514 589 1656 638 caelo,
1682 590 1802 643 quod

305 655 491 695 insitum
517 660 587 695 est
613 668 673 694 ex
699 654 916 694 continuo
942 653 1113 694 influxu
1143 654 1262 702 inde,
1292 653 1505 693 Divinum
1532 666 1660 693 suum
1686 652 1804 693 velle

305 717 472 766 videre,
500 724 547 758 et
579 717 760 771 quidem
787 717 870 757 sub
903 717 1116 758 Humana
1143 717 1322 757 Forma.
1386 716 1488 757 Hoc
1515 717 1700 756 insitum
1733 723 1803 756 est

305 781 425 835 apud
447 781 688 835 simplices,
708 787 754 822 et
777 795 954 835 quoque
976 781 1095 835 apud
1117 787 1281 834 gentes
1303 781 1468 834 probas
1492 790 1649 827 (videatur
1664 790 1696 818 in
1711 799 1807 828 opere

306 856 358 885 De
375 856 467 885 Caelo
481 856 708 894 etlnfmnmn.
725 854 797 895 82);
830 850 1106 899 quapropter
1131 843 1195 884 illi
1224 857 1396 892 omneS‚
1425 845 1461 884 si
1487 845 1630 884 vitam
1657 843 1803 884 chari-

305 910 416 951 tatis
454 910 592 950 etiam
624 910 850 957 vixerunt,
884 909 1159 961 recipiuntur
1189 921 1216 948 a
1252 907 1464 956 Domino,
1499 914 1544 948 et
1577 907 1806 947 donantur

305 972 434 1014 caelo
452 987 461 1023 ;
494 972 651 1026 reliqui
670 985 761 1012 non
778 972 915 1026 recipi
938 977 1143 1025 possunt,
1163 971 1265 1024 quia
1283 984 1374 1011 non
1392 969 1631 1023 conjuncti.
1695 980 1806 1018 (Quod

304 1046 415 1067 omnes
430 1037 534 1076 angeli
551 1038 583 1066 in
598 1038 696 1072 caelo,
713 1038 802 1075 quod
819 1038 914 1066 etiam
929 1037 1148 1075 sapientissimi
1166 1037 1198 1065 in
1212 1037 1350 1074 antiquis
1364 1036 1570 1074 temporibus,
1586 1041 1617 1065 et
1632 1037 1720 1073 quod
1738 1044 1807 1064 om-

304 1097 360 1117 nes
377 1088 432 1126 qui
449 1088 547 1117 fidem
565 1088 758 1125 spiritualem
775 1088 903 1122 habent,
919 1088 981 1116 hoc
999 1092 1055 1122 est,
1073 1087 1161 1125 apud
1178 1096 1260 1124 quos
1277 1086 1356 1116 fides
1373 1086 1457 1121 vivit,
1476 1091 1542 1115 tam
1563 1086 1596 1115 in
1617 1087 1678 1115 hac
1696 1086 1807 1114 tellure

303 1146 401 1175 quam
416 1138 448 1166 in
463 1138 611 1167 omnibus
625 1138 658 1166 in
671 1138 828 1172 universo,
843 1138 971 1166 videant
992 1138 1024 1166 in
1040 1137 1231 1174 cogitatione
1253 1137 1405 1165 Divinum
1420 1145 1524 1171 suum,
1540 1137 1616 1173 quia
1629 1141 1807 1174 agnoscunt

305 1188 457 1216 Divinum
469 1188 669 1222 Humanum,
680 1192 711 1217 et
720 1188 792 1217 ideo
804 1192 1008 1225 acceptentur
1019 1197 1039 1216 a
1050 1187 1192 1216 Domino
1197 1187 1349 1221 ‚videatur
1358 1187 1391 1215 in
1401 1187 1562 1216 Doc‘lrina
1570 1188 1681 1216 Novae
1690 1187 1806 1215 Hiero-

302 1238 449 1276 solymae,
460 1247 490 1267 n.
503 1240 600 1276 280—3
606 1247 652 1273 10,
662 1238 695 1267 in
709 1248 806 1276 opere
817 1239 868 1267 De
880 1239 972 1268 Caelo
982 1242 1013 1267 et
1026 1239 1164 1277 Inferna,
1174 1247 1205 1267 n.
1216 1238 1325 1275 79-86,
1336 1238 1406 1275 316,
1417 1246 1486 1275 321,
1497 1242 1528 1266 et
1542 1237 1575 1266 in
1590 1237 1745 1275 opusculo
1755 1237 1807 1266 De

310 1289 490 1317 Telluribus
498 1289 533 1317 in
547 1286 1804 1326 Universa,n.7,4o,41‚65,68‚91‚98,99,107,[¹]121‚141,154,158,159,169.)

306 1334 533 1389 Quoniam
555 1336 641 1377 hoc
664 1338 863 1385 insitum,
882 1337 1003 1390 quod
1025 1343 1095 1377 est
1119 1336 1238 1390 apud
1255 1336 1599 1389 unumquemvis
1617 1349 1642 1375 e
1659 1334 1802 1382 caelo,

304 1399 424 1453 apud
455 1400 657 1441 eruditos
689 1401 844 1441 mundi
875 1413 1019 1454 paene
1050 1398 1243 1453 ejectum
1274 1406 1359 1448 est,
1390 1405 1436 1439 et
1469 1399 1531 1439 sic
1564 1398 1715 1439 aditus
1746 1398 1804 1438 ad

305 1462 519 1504 Divinum
545 1463 819 1517 praeclusus,
847 1464 950 1504 ideo
975 1477 1001 1504 a
1029 1463 1228 1504 Domino
1255 1462 1387 1503 Nova
1412 1463 1692 1503 instauratur
1713 1460 1804 1501 Ec-

303 1525 441 1571 clesia
467 1527 586 1580 apud
613 1533 776 1580 gentes
808 1541 923 1580 quae
955 1540 1045 1567 non
1077 1527 1447 1580 exstirpaverunt
1479 1525 1605 1565 illam
1637 1524 1801 1571 ideam,

303 1595 351 1630 et
377 1603 480 1631 cum
512 1590 613 1631 idea
638 1590 786 1630 fidem.
849 1589 984 1643 Quod
1016 1590 1102 1631 hoc
1135 1590 1319 1630 insitum
1351 1590 1657 1642 exstirpatum
1690 1588 1747 1628 sit
1780 1601 1803 1627 e

305 1653 565 1695 Christiano
601 1654 723 1702 orbe,
757 1654 899 1695 trahit
936 1655 1126 1707 primam
1163 1654 1382 1706 originem
1425 1667 1485 1693 ex
1523 1651 1802 1705 Babylonica

304 1724 459 1770 gente,
501 1732 616 1772 quae
656 1718 883 1771 separavit
926 1717 1188 1758 Humanum
1230 1717 1414 1758 Domini
1458 1731 1485 1757 a
1530 1716 1710 1764 Divino,
1754 1722 1803 1756 ut

304 1779 514 1821 Summus
537 1794 690 1821 eorum
718 1794 798 1834 pro
821 1773 1004 1821 Vicario
1029 1779 1229 1820 Humani
1252 1780 1436 1820 Domini
1459 1785 1801 1832 agnosceretur,

303 1848 350 1883 et
377 1844 439 1883 sic
467 1843 679 1884 Divinam
703 1843 847 1897 Ipsius
874 1849 1158 1896 potestatem
1180 1843 1224 1882 in
1252 1856 1299 1883 se
1322 1842 1614 1891 transferret3
1648 1841 1803 1882 dicen-

303 1912 374 1947 tes
396 1907 517 1961 quod
536 1907 758 1947 Dominus
780 1907 1008 1960 acceperit
1031 1912 1314 1960 potestatem
1332 1905 1457 1946 illam
1475 1919 1500 1945 a
1528 1905 1676 1953 Patre,
1701 1917 1802 1945 cum

303 1977 458 2012 tamen
485 1984 512 2011 a
542 1969 600 2012 Se
633 1971 753 2024 Ipso,
781 1971 885 2024 quia
916 1984 942 2010 a
975 1969 1141 2010 Divino
1171 1982 1280 2019 suo3
1314 1967 1524 2008 nolentes
1556 1968 1618 2007 sic
1650 1967 1803 2007 audire

301 2033 472 2088 aliquid
503 2034 560 2075 de
592 2034 759 2075 Divino
793 2033 1008 2074 Humano
1040 2042 1200 2081 (videatur
1219 2043 1252 2071 in
1273 2042 1414 2071 Arcanis
1435 2042 1632 2075 CmIestibus,
1648 2050 1679 2070 n.
1694 2042 1801 2079 4738).

303 2097 393 2139 Sed
414 2098 471 2139 de
497 2098 582 2139 hac
608 2112 670 2147 re,
693 2099 797 2152 quia
818 2098 1018 2138 omnium
1045 2096 1256 2150 primaria
1277 2100 1347 2135 est
1374 2095 1418 2134 in
1445 2093 1651 2143 ecclesia,
1676 2094 1804 2148 plura

302 2162 347 2202 in
369 2162 661 2215 sequentibus
689 2160 1073 2202 memorabuntur.

381 2240 476 2284 53.
524 2238 540 2281 [
554 2238 639 2269 Vers.
662 2237 732 2280 10.]
765 2229 954 2269 “l-'actus
977 2241 1068 2269 sum
1090 2227 1130 2267 in
1155 2225 1542 2279 spiritu.”—Quod
1573 2226 1800 2279 significet

303 2297 471 2331 statum
496 2290 777 2343 spiritualem
801 2304 898 2331 cum
923 2289 1146 2338 revelatio,
1174 2294 1358 2329 constat
1385 2302 1445 2328 ex
1471 2287 1802 2341 significatione

306 2353 437 2395 “fieri
471 2355 517 2395 in
548 2353 746 2407 spiritu,”
778 2354 899 2408 quod
936 2354 994 2394 sit
1031 2353 1183 2394 reduci
1219 2353 1263 2392 in
1296 2357 1470 2391 statum
1502 2352 1546 2391 in
1577 2365 1666 2404 quo
1697 2358 1802 2391 sunt

304 2418 486 2472 spiritus
526 2424 572 2458 et
609 2416 774 2470 angeli,
813 2418 888 2471 qui
933 2423 1082 2458 status
1122 2422 1193 2456 est
1239 2420 1388 2455 status
1429 2414 1686 2467 spiritualis.
1750 2414 1802 2455 In

304 2481 423 2521 hunc
461 2487 634 2521 statum
671 2482 869 2521 mittitur
905 2480 1045 2520 homo
1081 2492 1183 2520 cum
1220 2479 1264 2518 in
1302 2483 1475 2518 statum
1512 2478 1693 2530 spiritus
1720 2479 1800 2525 sui,

305 2545 608 2598 unusquisque
643 2544 763 2584 enim
800 2543 938 2584 homo
974 2549 1044 2584 est
1077 2543 1258 2596 spiritus
1294 2541 1443 2594 quoad
1478 2541 1692 2581 interiora
1723 2554 1803 2581 sua

305 2618 464 2655 (videatur
481 2617 514 2645 in
535 2626 631 2654 opere
649 2617 702 2646 De
719 2617 811 2646 Caelo
832 2621 863 2646 et
883 2617 1020 2655 Inferno,
1040 2625 1070 2645 n.
1087 2615 1255 2653 432-444).
1332 2603 1445 2644 Cum
1486 2604 1625 2644 homo
1661 2605 1705 2644 in
1747 2618 1802 2645 CO

304 2676 431 2711 statu
462 2674 547 2717 est,
581 2674 689 2709 tunc
721 2675 943 2722 apparent
975 2669 1014 2709 ei
1046 2667 1124 2708 illa
1154 2681 1268 2720 quae
1305 2668 1348 2707 in
1381 2667 1550 2707 mundo
1582 2668 1802 2720 spirituali

303 2738 424 2780 sunt,
449 2738 545 2773 tam
571 2731 692 2772 clare
717 2733 833 2772 sicut
859 2737 1081 2785 apparent
1108 2729 1285 2783 objecta
1310 2731 1355 2770 in
1382 2730 1551 2770 mundo
1578 2729 1799 2780 naturali;

303 2795 383 2836 sed
405 2794 483 2836 illa
507 2808 622 2848 quae
644 2800 879 2847 apparent,
903 2795 1007 2848 quia
1029 2808 1088 2834 ex
1110 2794 1284 2846 origine
1306 2793 1540 2846 spirituali,
1565 2794 1609 2833 in
1636 2807 1684 2833 se
1710 2794 1800 2846 spi-

303 2857 483 2899 ritualia
514 2863 634 2906 sunt,
670 2858 971 2898 etsistuntur
1003 2857 1047 2897 in
1081 2857 1278 2909 imagine
1310 2857 1425 2896 sicut
1459 2855 1652 2896 naturali
1690 2856 1800 2896 talia

303 2934 418 2974 quae
449 2920 700 2974 sapientiae
732 2919 943 2960 caelestis
975 2926 1095 2968 sunt,
1130 2920 1193 2960 ita
1230 2919 1394 2959 Divina
1430 2920 1475 2959 in
1510 2918 1662 2959 formis
1694 2919 1799 2959 visi-

303 2982 466 3023 bilibus
502 2995 666 3023 coramr
691 2981 832 3023 oculis
869 2983 1104 3036 spirituum
1141 2988 1186 3023 et
1224 2981 1503 3035 angelorum.
1581 2981 1692 3021 Inde
1728 2987 1797 3022 est
