2060 3476
276 350 354 393 166
682 358 1016 392 APOCALYPSIS
1047 357 1347 391 EXPLICATA.

270 474 581 527 cognitiones:
630 472 734 514 inde
771 472 933 513 dicitur
972 471 1200 513 “siccitas
1236 485 1368 526 super
1407 484 1546 525 aquas
1581 469 1674 524 ejus
1708 475 1759 511 ut

270 543 542 578 exarescant
559 536 594 588 ;''
623 540 803 590 “aquae
816 535 835 551 ”
857 537 975 576 enim
1003 541 1107 576 sunt
1132 549 1238 576 vera
1260 534 1493 583 ecclesiae,
1520 537 1605 575 “et
1631 533 1759 575 sicei-

271 603 344 638 tas
366 603 415 638 ut
440 602 718 638 exarescant
730 596 750 612 ”
772 602 843 637 est
864 597 1080 637 vastatio.
1128 603 1432 646 (Quod‘·siccitas·'
1446 602 1760 636 et'¹exarescentia··

269 658 309 687 sit
331 658 386 687 ubi
408 667 475 688 non
497 667 617 692 verum,
641 658 784 687 videatur
806 666 837 687 n.
861 659 956 694 8185:
1000 649 1089 695 qu‘od
1111 656 1267 694 “aquae''
1291 657 1354 686 sint
1375 665 1450 686 vera
1471 655 1631 690 ecclesiae,
1655 664 1759 693 supra,

269 717 303 737 n.
339 706 389 750 71
411 710 419 738 :
451 708 540 745 quod
555 704 572 715 ‘¹
583 707 721 736 thesauri
732 707 749 717 '¹
765 707 827 736 sint
841 707 1046 744 cognitiones,
1061 716 1092 737 n.
1107 707 1195 745 1694,
1207 708 1298 744 4508,
1315 714 1430 743 10227:
1450 706 1539 743 quod
1554 702 1571 714 ¹¹
1583 704 1684 743 equi''
1699 705 1762 734 sint

269 760 503 796 intellectualia,
516 765 548 790 et
563 747 702 790 “currus
712 760 729 770 ''
743 759 940 795 doctrinalia,
953 760 986 790 in
1000 760 1156 798 opusculo
1170 761 1220 789 De
1235 760 1327 798 Equo
1338 759 1428 794 Albo,
1441 767 1472 789 n.
1486 758 1570 797 2-5.)
1618 746 1759 801 APUd

269 811 474 861 Esaiam,

339 900 533 942 “Jehovah
549 900 772 941 disceptabit,
792 906 828 932 et
851 900 887 932 in
903 900 1024 940 gladio
1040 909 1106 932 suo
1129 909 1209 932 cum
1234 899 1332 931 omni
1356 909 1474 938 carne,
1493 904 1528 931 et
1551 897 1762 940 multiplica-

444 945 576 976 buntur
592 944 750 976 confossi
766 943 955 986 Jehovae''
971 943 1068 984 (lxvi.
1091 943 1143 984 16)
1157 953 1164 982 ;

270 1031 397 1084 apud¹
415 1031 679 1080 Jeremz'am,

340 1109 362 1121 ¹⁴
373 1106 485 1148 Super
498 1116 624 1138 omnes
642 1106 751 1138 colles
769 1106 805 1138 in
823 1106 966 1138 deserto
982 1112 1159 1139 venerunt
1175 1112 1386 1146 vastatores,
1403 1106 1484 1148 quia
1499 1105 1638 1146 gladius
1654 1105 1761 1148 Jeho-

444 1160 510 1182 vae
526 1151 705 1183 devorans
722 1160 744 1182 a
760 1150 830 1182 fine
849 1156 964 1182 terrae
979 1160 1091 1192 usque
1107 1150 1153 1183 ad
1170 1150 1277 1182 finem
1294 1156 1409 1182 terrae
1419 1149 1437 1162 '¹
1454 1150 1527 1191 (xii.
1544 1149 1597 1191 12)
1611 1158 1618 1188 ;

270 1232 390 1286 apud
415 1231 459 1274 E
461 1232 701 1282 zeclzielem,

339 1309 361 1323 ‘⁴
375 1308 554 1349 Propheta
577 1315 612 1340 et
635 1309 691 1341 dic
695 1333 788 1347 .....
796 1309 944 1341 Gladius
963 1315 1144 1348 exacutus,
1163 1310 1342 1351 etiamque
1359 1309 1546 1350 expolitus,
1566 1315 1605 1342 ut
1628 1308 1760 1342 mactet

445 1351 700 1384 mactationem
717 1359 887 1385 exacutus
901 1359 966 1391 est,
985 1359 1024 1385 ut
1040 1353 1087 1386 sit
1103 1354 1135 1385 ei
1152 1354 1323 1395 splendor
1338 1354 1515 1394 expolitus
1532 1359 1587 1386 est
1601 1363 1624 1390 ς.
1639 1378 1647 1386 .
1661 1378 1668 1386 .
1683 1354 1761 1386 .ite-

445 1393 542 1428 retur
571 1397 710 1437 gladius
742 1397 859 1435 tertio,
890 1397 1030 1438 gladius
1057 1397 1318 1435 confossorum,
1349 1397 1487 1437 gladius
1519 1397 1760 1429 confessionis

446 1450 597 1480 magnae
614 1441 812 1481 penetralia
828 1447 1032 1481 penetrans,
1048 1447 1088 1472 ut
1100 1441 1327 1482 colliquescat
1343 1450 1414 1479 cor,
1430 1447 1466 1472 et
1482 1441 1757 1481 multiplicentur

409 1511 414 1517 .
444 1483 682 1522 offendicu1a;
707 1490 985 1524 contra‘omnes
1007 1490 1129 1525 portas
1153 1494 1276 1516 eorum
1293 1484 1386 1516 dabo
1402 1485 1514 1516 aciem
1538 1484 1668 1524 gladii;
1700 1484 1757 1522 ah,

445 1525 562 1559 factus
578 1534 632 1560 est
650 1528 686 1559 in
703 1527 852 1568 fulgur''
869 1528 954 1568 (xxi.
974 1536 1090 1567 14—20,
1108 1536 1148 1568 33
1169 1526 1229 1570 [B.
1241 1528 1289 1560 A.
1303 1537 1335 1569 9.
1354 1536 1405 1566 10,
1422 1536 1473 1567 14,
1490 1535 1541 1567 15,
1555 1525 1628 1570 28])
1643 1537 1651 1566 ;

270 1610 389 1663 apud
414 1609 618 1660 Esaiam,

339 1687 361 1700 ‘⁸
373 1685 525 1718 Obviam
540 1686 675 1718 sitienti
689 1687 825 1719 adferte
843 1697 953 1728 aquas
958 1711 1051 1724 .....
1060 1697 1140 1719 cum
1159 1697 1250 1728 pane
1265 1686 1470 1728 praevenite
1484 1687 1736 1728 vagabundum
1753 1697 1760 1726 ς

445 1739 528 1761 nam
553 1740 673 1762 coram
697 1731 818 1771 gladio
842 1732 1078 1771 vagabuntur,
1105 1741 1224 1762 coram
1248 1731 1368 1771 gladio
1392 1736 1542 1763 extenso
1580 1737 1617 1764 et
1639 1741 1760 1764 coram

443 1783 527 1805 arcu
543 1780 660 1813 tenSO,
680 1781 715 1806 et
731 1781 878 1816 propter
894 1775 1107 1816 gravitatem
1126 1774 1210 1807 belli
1221 1774 1239 1787 ”
1256 1775 1341 1815 (xxi.
1357 1783 1408 1815 14,
1425 1775 1499 1815 15);

269 1856 390 1910 apud
415 1855 699 1907 Ezechielem,

338 1934 360 1947 ‘⁸
371 1931 649 1965 Cohorrescent.
664 1957 672 1965 .
685 1958 692 1965 .
708 1943 801 1965 .cum
820 1934 942 1965 volare
959 1933 1076 1965 fecero
1093 1934 1250 1974 gladium
1275 1944 1394 1966 meum
1418 1940 1559 1976 praeter
1575 1934 1683 1967 facies
1701 1945 1760 1967 eo-

443 1986 532 2014 rum,
553 1983 592 2008 ut
615 1977 794 2017 trepident
810 1978 856 2009 ad
880 1983 1064 2009 momenta
1079 1978 1134 2009 vir
1157 1983 1303 2019 propter
1317 1978 1472 2011 animam
1491 1988 1604 2017 suam,
1615 2003 1623 2011 .
1638 2003 1646 2011 .
1658 2003 1666 2011 .
1681 1987 1761 2019 .per

442 2020 580 2061 gladios
598 2020 797 2061 potentium
815 2020 988 2062 dejiciens
1005 2021 1270 2054 multitudinem
1286 2031 1410 2053 eorum
1421 2020 1439 2034 ''
1456 2020 1578 2062 (xxxii.
1595 2022 1714 2062 10-12)
1729 2031 1736 2061 ;

269 2106 389 2160 apud
415 2105 654 2155 Davidem,

337 2183 360 2198 ‘¹
372 2181 590 2214 Exultabunt
607 2180 721 2221 sancti
739 2182 774 2214 in
792 2182 918 2222 gloria,
938 2183 1134 2215 cantabunt
1150 2193 1257 2223 super
1273 2182 1445 2215 cubilibus
1462 2183 1535 2215 suis
1550 2193 1558 2221 ;
1582 2183 1760 2216 celsitudi-

443 2235 507 2257 nes
535 2225 602 2257 Dei
630 2226 666 2257 in
694 2231 837 2266 gutture
863 2236 1000 2265 eorum,
1029 2232 1064 2258 et
1091 2226 1233 2267 gladius
1259 2227 1374 2259 orium
1402 2227 1438 2259 in
1466 2236 1576 2259 manu
1603 2236 1728 2259 eorum
1739 2226 1759 2240 ”

443 2268 590 2310 (Psalm.
604 2269 708 2301 cxlix.
724 2276 753 2308 5,
767 2268 801 2310 6)
814 2278 822 2308 ;

269 2345 387 2400 apud
414 2345 624 2395 eundem,

337 2421 360 2434 ‘⁴
370 2418 528 2460 Accinge
544 2418 702 2459 gladium
728 2425 826 2451 tuum
851 2430 958 2461 super
982 2420 1098 2452 femur
1122 2427 1232 2458 tuum,
1253 2420 1285 2453 O
1311 2421 1446 2453 Potens
1460 2431 1485 2460 ;.
1499 2445 1507 2455 .
1521 2446 1529 2454 .
1542 2421 1595 2454 ,in
1620 2421 1758 2454 honore

442 2468 504 2495 tuo
521 2463 722 2495 conscende
738 2473 889 2502 currum,
905 2464 1026 2505 equita
1041 2474 1149 2505 super
1160 2466 1271 2496 verbo
1284 2465 1443 2497 veritatis
1447 2489 1540 2503 .....
1547 2465 1689 2497 docebit
1705 2465 1758 2497 Te

442 2506 619 2538 mirabilia
631 2507 756 2539 dextra
772 2514 833 2539 tua
848 2516 855 2547 ;
880 2507 952 2540 tela
964 2514 1026 2540 tua
1037 2507 1170 2540 acuta''
1183 2507 1329 2549 (Psalm.
1343 2509 1415 2541 xlv.
1427 2509 1493 2548 4-6
1506 2506 1568 2551 [B.
1580 2509 1627 2542 A.
1641 2506 1758 2552 3-5]);

269 2589 314 2630 in
339 2588 625 2642 Apocalypsi,

436 2663 530 2696 Data
544 2671 599 2696 est
617 2665 805 2697 machaera
821 2676 954 2707 magna
969 2666 1109 2698 sedenti
1126 2676 1233 2708 super
1249 2677 1341 2709 equo
1358 2667 1438 2699 rufo
1454 2666 1514 2710 (vi.
1528 2667 1583 2709 4);

235 2746 316 2781 vet
343 2739 463 2790 alibi,

335 2813 389 2845 Ex
412 2823 474 2845 ore
491 2813 648 2845 sedentis
666 2824 773 2854 super
788 2825 880 2856 equo
905 2815 987 2847 albo
1011 2816 1130 2847 exibat
1151 2816 1380 2857 “romphaea
1402 2822 1516 2855 acuta,
1536 2822 1575 2848 ut
1598 2825 1662 2857 per
1676 2826 1755 2848 eam

441 2857 999 2942 Ξξὲῖιξξίἲὲἱξεῗέεῗιίὲὲ)...τεΙίῳιί
1016 2859 1124 2891 occisi
1148 2867 1231 2891 sunt
1255 2860 1451 2900 romphaea
1474 2860 1632 2892 sedentis
1649 2869 1757 2900 super

659 2925 666 2933 “
726 2926 733 2939 2
852 2927 859 2940 1

268 3007 347 3048 per
375 2993 644 3048 “gladium”
669 2996 714 3037 in
741 2995 829 3037 illis
854 2996 965 3039 locis
992 2997 1269 3051 significatur
1294 3011 1448 3040 verum
1474 3011 1680 3052 pugnans
1700 3003 1754 3039 ,et
