2060 3476
267 358 352 402 230
680 359 1013 393 APOCALYPSIS
1045 361 1343 394 EXPLICATA.

266 472 443 521 clesiae,
467 472 646 527 quando
669 487 822 515 verum
844 480 890 515 et
912 474 1085 523 falsum,
1109 489 1262 516 verum
1285 476 1328 516 in
1347 475 1502 516 Verbo
1524 481 1570 517 et
1592 475 1751 519 falsum

264 535 308 575 in
331 534 563 587 do&rina;
597 549 697 577 cum
721 551 826 578 vera
848 537 989 578 Verbi
1021 538 1324 587 falsificantur‚
1348 545 1395 579 et
1425 552 1483 579 ex
1506 538 1752 580 falsificatis

264 597 313 639 fit
337 598 554 649 doctrina,
579 606 686 641 tunc
710 607 856 641 status
878 601 1095 643 ecclesiae
1118 609 1187 643 est
1212 605 1309 643 “ex
1343 608 1471 655 parte
1505 602 1666 643 serrum
1690 616 1749 643 ex

264 668 392 715 parte
410 663 607 716 argilla‚''
625 669 670 705 et
693 664 754 704 sic
773 677 960 718 regnum
986 668 1082 706 “ex
1105 671 1233 719 parte
1255 664 1452 705 validum
1475 671 1520 705 et
1543 679 1602 705 ex
1625 671 1752 718 parte

265 723 452 766 fractum
470 726 506 777 ;’'
526 731 751 781 “regnum
765 728 854 768 ”ibi
877 734 946 768 est
969 728 1173 776 ecclesia,
1197 741 1333 781 quare
1359 728 1495 768 etiam
1524 731 1751 780 “regnum

264 787 381 828 Dei”
413 794 626 840 vocatur;
676 790 796 843 quod
829 790 889 831 sic
922 791 1068 830 mixta
1100 791 1189 831 sint
1215 804 1320 830 vera
1351 790 1486 838 falsis,
1520 790 1599 831 sed
1631 791 1751 844 quod

264 865 401 905 usque
427 865 517 892 non
543 852 831 901 cohaereant,
859 853 1126 906 intelligitur
1148 867 1226 907 per
1251 867 1304 894 ea
1325 854 1475 902 verba,
1502 853 1661 907 “quod
1684 854 1748 894 vi-

264 914 368 955 disti
394 914 555 956 serrum
579 916 772 956 mixtum
797 929 896 956 cum
918 917 1077 969 argilla
1105 916 1198 964 luti,
1223 917 1578 958 commiscebunt
1601 931 1648 958 se
1675 929 1752 970 per

263 992 418 1019 semen
456 979 662 1027 hominis,
696 979 775 1020 sed
814 993 903 1020 non
936 980 1241 1020 cohaerebunt
1280 993 1414 1020 unum
1452 993 1552 1020 cum
1590 980 1748 1027 altero,

263 1042 645 1094 quemadmodum
691 1042 852 1082 ferrum
899 1056 989 1083 non
1035 1043 1352 1083 commiscetur
1395 1056 1496 1083 cum
1542 1043 1699 1096 argilla
1716 1043 1750 1093 ;”

265 1105 459 1143 “semen
477 1102 705 1143 hominis’'
722 1109 792 1143 est
816 1103 1030 1144 Divinum
1049 1103 1220 1144 Verum
1238 1104 1359 1157 quod
1376 1104 1420 1144 in
1439 1103 1595 1144 Verbo
1613 1118 1622 1154 ;
1649 1114 1752 1153 (quod

262 1162 279 1173 ¹⁸
291 1175 399 1195 semen
411 1166 427 1175 ''
442 1166 520 1195 illud
532 1166 695 1204 significet,
710 1166 855 1195 videatur
866 1176 896 1196 n.
909 1169 999 1204 3038,
1013 1176 1101 1204 3373,
1117 1169 1223 1204 10248,
1239 1176 1353 1204 10249;
1374 1168 1462 1204 quod
1476 1166 1629 1197 “Homo''
1642 1168 1752 1197 Domi-

261 1224 338 1244 num
359 1225 379 1244 a
393 1225 458 1253 quo
469 1217 622 1251 Verbum,
645 1221 677 1246 et
697 1225 827 1254 quoque
849 1217 1023 1252 ecclesiam,
1046 1226 1076 1247 n.
1099 1218 1168 1254 768,
1190 1219 1280 1255 4287,
1303 1226 1393 1255 7424,
1415 1225 1504 1255 7523,
1529 1220 1616 1254 8547,
1639 1219 1749 1256 9276;)

261 1264 381 1317 quod
402 1267 427 1284 ‘⁶
440 1264 599 1317 argilla
616 1264 738 1317 figuli
750 1264 768 1280 ’'
786 1264 1007 1318 significet
1025 1265 1135 1306 falsa
1151 1279 1266 1319 quae
1283 1266 1327 1306 in
1346 1261 1536 1306 naturali
1554 1266 1747 1314 homine,

260 1326 465 1368 videatur
489 1328 532 1368 in
560 1341 669 1368 mox
695 1334 913 1381 sequente
939 1328 1128 1369 articulo
1157 1327 1219 1382 (n.
1252 1328 1376 1382 177):
1410 1342 1488 1383 per
1516 1329 1748 1382 “lapidem

261 1390 463 1431 excisum
490 1404 514 1431 e
540 1397 682 1443 petra,
710 1392 784 1444 qui
810 1392 1027 1444 percussit
1054 1397 1252 1432 statuam
1278 1392 1335 1432 ad
1362 1392 1500 1445 pedes
1526 1391 1656 1444 ejus‚”
1682 1393 1748 1432 in-

260 1453 482 1506 telligitur
509 1453 729 1494 Dominus
761 1468 839 1507 per
868 1454 1079 1495 Divinum
1106 1454 1290 1503 Verum,
1317 1461 1364 1496 et
1390 1454 1636 1496 destructio
1667 1455 1748 1496 fal-

260 1527 412 1555 sorum
439 1527 530 1555 non
557 1515 902 1556 cohaerentium
928 1518 1030 1556 cu'm
1047 1516 1165 1556 veris
1191 1530 1250 1556 ex
1268 1515 1427 1556 Verbo
1444 1529 1453 1566 ;
1486 1526 1589 1565 (quod
1612 1523 1720 1564 “lapis
1730 1526 1748 1537 ··

258 1575 298 1604 sit
312 1584 431 1609 verum.
448 1580 478 1605 et
492 1576 581 1612 quod
596 1579 612 1590 ‘¹
626 1576 721 1614 Lapis
737 1577 859 1606 Israelis
869 1576 886 1585 ''
902 1577 941 1606 sit
956 1577 1113 1606 Dominus
1128 1578 1236 1614 quoad
1252 1577 1403 1606 Divinum
1414 1577 1544 1612 Verum,
1560 1577 1704 1606 videatur
1717 1586 1749 1608 n.

259 1623 328 1660 643,
347 1625 434 1660 1293,
450 1631 538 1661 3720,
555 1623 644 1660 6426,
661 1623 749 1660 8609,
768 1624 880 1661 10376;
904 1624 1043 1652 similiter
1058 1627 1075 1638 ¹¹
1088 1624 1209 1658 Petra,''
1226 1633 1256 1654 n.
1274 1626 1362 1660 8581,
1381 1626 1488 1661 10580,
1504 1628 1535 1653 et
1549 1624 1581 1653 in
1595 1624 1750 1662 opusculo

259 1673 309 1702 De
330 1673 446 1702 Ultimo
467 1672 610 1712 Judicio,
626 1682 656 1702 n.
670 1673 741 1711 57:)
772 1663 876 1716 quia
896 1666 921 1683 “
933 1662 1098 1703 ferrum
1110 1662 1130 1678 '’
1147 1662 1376 1716 significat
1401 1676 1509 1703 vera
1538 1663 1583 1704 in
1612 1668 1747 1704 natu-

255 1723 338 1766 rali
375 1723 569 1772 homine,
607 1723 709 1764 ideo
746 1725 887 1764 visum
929 1730 999 1765 est
1035 1724 1155 1778 quod
1197 1725 1335 1778 pedes
1376 1731 1554 1766 statuae
1595 1731 1748 1767 essent

261 1789 358 1826 “ex
383 1785 500 1826 ferro
513 1785 532 1800 '’
558 1798 662 1826 nam
691 1786 870 1839 “pedes
883 1786 902 1801 ’'
922 1786 1183 1839 significant
1209 1786 1418 1827 naturale
1436 1797 1594 1836 (videatur
1612 1806 1643 1828 n.
1659 1798 1748 1833 2162,

256 1866 345 1894 3147,
356 1857 860 1895 3761,3986,4280.4938—4952).
895 1845 1069 1888 Similia
1081 1860 1160 1900 per
1174 1850 1199 1867 “
1212 1846 1409 1895 aurum,”
1424 1850 1449 1868 “
1461 1846 1747 1900 argentum,”

259 1908 402 1949 “aes''
428 1914 475 1949 et
503 1907 735 1949 “serrum'’
760 1907 1068 1961 significantur
1095 1922 1172 1961 per
1197 1908 1308 1949 haec
1335 1908 1452 1962 apud
1478 1908 1679 1956 Esaiam,

325 2004 347 2018 ‘⁴
361 2003 429 2035 Pro
446 2013 527 2034 aere
544 2003 716 2034 adducam
734 2013 870 2041 aurum,
891 2013 956 2043 pro
980 2003 1074 2035 ferro
1099 2009 1298 2044 argentum,
1319 2013 1383 2045 pro
1407 2003 1513 2044 lignis
1530 2013 1602 2041 aes,
1623 2009 1658 2034 et
1682 2013 1746 2044 pro

431 2047 609 2087 lapidibus
626 2046 758 2078 ferrum
770 2046 788 2058 ’'
806 2047 866 2087 (lx.
882 2047 936 2087 17)
950 2056 956 2085 ;
1017 2052 1019 2055 '

258 2139 376 2189 “pro
398 2148 501 2175 aere
523 2134 747 2175 adducere
770 2134 964 2183 aurum,’'
986 2141 1055 2175 est
1082 2148 1163 2188 pro
1186 2133 1377 2175 naturali
1403 2134 1524 2175 bono
1547 2133 1745 2175 caeleste

254 2198 449 2248 bonum;
485 2201 603 2251 “pro
629 2198 744 2238 ferro
770 2197 1048 2251 argentum,”
1074 2204 1143 2238 est
1176 2211 1256 2251 pro
1288 2197 1479 2238 naturali
1504 2211 1611 2238 vero
1643 2211 1745 2238 cae-

254 2261 369 2307 leste
395 2274 575 2311 verum;
611 2264 728 2314 “pro
755 2260 886 2313 lignis
913 2275 988 2301 aes
1015 2266 1060 2301 et
1093 2274 1172 2313 pro
1205 2259 1424 2314 lapidibus
1449 2260 1648 2309 ferrum,'’
1674 2267 1745 2302 est

254 2324 458 2366 naturale
484 2325 651 2365 bonum
679 2331 725 2365 et
752 2338 905 2365 verum
937 2324 1016 2365 tali
1043 2325 1171 2378 copia
1197 2338 1284 2378 qua
1309 2330 1413 2365 sunt
1446 2323 1570 2378 ligna
1600 2330 1646 2365 et
1679 2324 1744 2365 la-

252 2385 408 2439 pides;
448 2386 600 2438 agitur
638 2386 698 2426 ibi
741 2386 797 2426 de
832 2391 958 2426 statu
997 2385 1187 2426 caelesti
1225 2384 1462 2426 ecclesiae.
1520 2395 1635 2434 (Porro
1657 2397 1746 2433 quod

253 2449 270 2461 ‘¹
283 2447 399 2476 sermm
410 2446 427 2456 '¹
444 2446 596 2484 significet
610 2456 720 2475 verum
736 2447 767 2476 in
779 2447 913 2476 naturali
927 2447 1056 2476 homine
1067 2447 1211 2475 videatur
1225 2446 1256 2475 in
1270 2447 1410 2475 Arcanis
1425 2446 1619 2480 Caelestibus,
1631 2455 1662 2477 n.
1672 2453 1742 2484 425,

252 2502 338 2541 426.)
414 2491 544 2533 Haec
583 2492 727 2533 allata
765 2498 871 2533 sunt
910 2498 959 2533 ut
997 2493 1168 2533 sciatur
1203 2492 1309 2546 quid
1347 2491 1629 2544 significatur
1663 2506 1744 2546 per

254 2555 472 2607 “virgam
517 2554 744 2602 ferream,'’
783 2554 902 2608 quod
948 2567 1110 2607 nempe
1150 2554 1356 2607 potentia
1395 2567 1482 2607 qua
1523 2553 1742 2595 Dominus

252 2618 448 2670 castigat
480 2616 599 2657 mala
630 2623 676 2657 et
708 2617 926 2670 dispergit
952 2617 1062 2657 falsa
1093 2630 1207 2670 quae
1238 2617 1282 2656 in
1309 2615 1502 2657 naturali
1524 2616 1740 2667 ›homine;

254 2680 447 2733 “virga’'
473 2680 592 2720 enim
619 2694 696 2720 seu
721 2680 942 2720 “baculus
955 2680 974 2695 '’
1000 2679 1223 2733 significat
1246 2680 1512 2732 potentiam,
1537 2685 1584 2720 ut
1608 2693 1741 2733 supra

252 2742 419 2784 dictum
461 2749 546 2792 est,
583 2749 630 2783 et
669 2742 900 2783 “ferrum'’
937 2743 1159 2796 significat
1201 2757 1306 2783 vera
1345 2743 1389 2782 in
1426 2742 1617 2783 naturali
1658 2743 1739 2783 ho-

250 2807 383 2846 mine.
446 2805 579 2858 Quod
607 2806 826 2846 Dominus
845 2807 1039 2859 castiget
1066 2806 1184 2846 mala
1202 2812 1247 2846 et
1274 2805 1504 2858 dispergat
1526 2805 1636 2845 falsa
1662 2818 1740 2858 per

250 2882 354 2909 vera
379 2870 421 2909 in
450 2868 641 2909 naturali
668 2868 862 2917 homine,
886 2875 956 2909 est
983 2870 1084 2922 quia
1109 2870 1258 2909 omnia
1284 2868 1402 2909 mala
1428 2875 1473 2909 et
1500 2868 1603 2909 inde
1628 2867 1739 2908 salsa

248 2932 307 2972 ibi
324 2931 538 2980 resident,
555 2931 677 2971 nulla
691 2938 842 2972 autem
860 2932 903 2972 in
919 2931 1134 2984 spirituali
1153 2946 1229 2972 seu
1243 2932 1422 2972 interno
1436 2932 1615 2972 homine
1634 2945 1642 2982 ;
1666 2931 1737 2972 hic

249 3007 338 3035 non
357 2995 512 3048 recipit
530 2994 648 3034 mala
670 3001 715 3035 et
740 2994 862 3044 falsa,
882 2994 960 3035 sed
980 2994 1036 3035 ad
1055 2994 1172 3035 mala
1190 3001 1235 3036 et
1254 2994 1364 3035 salsa
1381 2994 1613 3036 clauditur.
1675 2994 1737 3036 Et
