2060 3476
278 332 332 373 88
690 339 1023 372 APOCALYPSIS
1053 337 1354 371 EXPLICATA.

275 452 446 506 igniti,”
468 466 546 506 per
568 466 682 506 quae
705 451 983 505 significatur
1004 452 1125 506 quod
1149 452 1411 493 Humanum
1430 450 1539 504 Ejus
1562 450 1701 492 etiam
1721 451 1768 492 in

276 515 446 557 ultimis
472 522 594 557 esset
617 515 800 569 plenum
823 515 988 556 Divino
1011 515 1209 567 Amore3
1236 515 1356 569 quod
1381 518 1511 555 “vox
1534 513 1642 567 Ejus
1665 519 1768 555 tan-

275 592 409 632 quam
436 593 529 619 vox
556 592 772 632 aquarum
798 578 1081 627 multarum,’'
1107 593 1185 632 per
1207 592 1322 633 quae
1348 576 1626 631 significatur
1647 577 1767 630 quod

275 655 410 683 omne
438 642 650 683 Divinum
677 641 848 683 Verum
875 642 932 683 ab
959 642 1090 696 Ipso;
1123 643 1242 696 quod
1272 641 1501 682 “haberet
1530 641 1574 681 in
1601 640 1768 681 dextra

275 720 355 747 sua
381 719 515 746 manu
542 705 700 747 stellas
727 705 943 759 septem,”
965 719 1044 759 per
1069 720 1184 760 quae
1211 703 1489 758 significatur
1515 702 1636 758 quod
1662 703 1767 744 inde

275 769 426 809 omnia
452 769 571 809 bona
597 775 643 810 et
670 782 776 809 vera
803 768 916 809 caeli
942 775 988 809 et
1011 768 1258 818 ecclesiae;
1292 767 1411 821 quod
1438 766 1532 806 “ab
1559 779 1635 807 ore
1658 764 1767 818 Ejus

274 832 521 885 romphaea
548 845 716 885 anceps
743 838 877 873 acuta
900 832 1087 880 exiret,”
1110 846 1187 886 per
1210 845 1323 885 quae
1347 828 1626 882 significatur
1646 829 1766 882 quod

274 896 331 936 ab
355 895 460 948 Ipso
483 895 802 951 dispergantur
824 895 976 935 omnia
996 894 1108 935 falsa
1129 909 1139 946 ;
1172 894 1292 948 quod
1318 893 1492 934 “facies
1515 891 1623 944 Ejus
1650 892 1766 933 sicut

274 958 341 999 sol
368 958 561 1011 fulgeret
587 959 631 999 in
658 972 739 999 sua
768 958 1015 1011 potentia,'’
1042 971 1120 1011 per
1146 971 1259 1011 quae
1286 955 1564 1009 significatur
1589 955 1709 1008 quod
1740 969 1767 995 a

275 1022 441 1063 Divino
459 1021 632 1063 Amore
656 1022 800 1075 Ipsius
819 1022 970 1062 omnia
988 1020 1102 1062 caeli
1120 1017 1299 1062 essent:
1327 1019 1447 1074 quod
1470 1019 1581 1059 haec
1602 1018 1767 1059 Divina

274 1086 378 1134 sint,
406 1092 453 1126 et
482 1086 577 1125 visa
609 1085 744 1138 plena
776 1085 967 1125 Divinae
1000 1084 1265 1137 majestatis,
1294 1090 1436 1137 patet.
1499 1082 1633 1136 Quod
1663 1082 1765 1123 “vi-

274 1149 410 1191 dere'’
447 1148 518 1189 hic
561 1148 784 1201 significet
825 1148 1129 1202 praesentiam
1170 1147 1347 1188 illorum
1386 1159 1502 1187 nunc
1541 1146 1763 1194 intimam,

273 1219 485 1253 constare
517 1219 671 1265 potest
704 1226 762 1252 ex
795 1225 863 1259 e0,
893 1211 1012 1265 quod
1044 1211 1182 1251 etiam
1215 1211 1334 1264 prius
1360 1208 1527 1250 dictum
1560 1209 1618 1249 sit
1645 1208 1765 1262 quod

273 1276 350 1316 illa
378 1275 608 1316 “viderit”
641 1274 773 1328 (vers.
806 1274 890 1329 12),
920 1288 979 1315 ex
1011 1288 1099 1328 quo
1131 1274 1226 1314 visu
1258 1274 1396 1314 etiam
1429 1273 1506 1313 illa
1537 1272 1766 1325 descripta

273 1346 404 1390 sunt;
437 1345 484 1380 et
515 1339 635 1392 quod
668 1352 784 1379 nunc
818 1339 980 1379 iterum
1011 1338 1199 1386 dicatur,
1231 1335 1376 1378 “Vidi
1408 1335 1601 1390 Ipsum,’'
1626 1341 1673 1376 et
1705 1349 1786 1375 ex.

273 1403 370 1444 viso
400 1402 654 1443 “ceciderit
686 1402 743 1443 ad
775 1402 913 1456 pedes
946 1401 1091 1455 Ipsius
1122 1401 1238 1441 sicut
1265 1406 1466 1441 mortuus
1487 1397 1521 1450 ;'’
1547 1398 1651 1439 inde
1677 1405 1762 1446 est,

273 1467 391 1521 quod
419 1480 497 1520 per
521 1466 741 1507 “videre‘’
767 1466 838 1506 hic
865 1464 1143 1518 significetur
1168 1464 1424 1518 praesentia
1451 1462 1642 1503 Divinae
1669 1474 1764 1501 ma-

268 1530 462 1584 jestatis.
540 1530 667 1571 Haec
709 1530 985 1585 praesentia
1006 1526 1123 1569 fasta
1164 1534 1234 1569 est
1273 1526 1470 1580 Johanni
1510 1538 1612 1566 cum
1652 1525 1764 1582 vidit

273 1594 430 1634 faciem
459 1594 603 1647 Ipsius
627 1594 742 1634 sicut
765 1592 909 1634 solem
931 1593 976 1633 in
999 1580 1078 1632 sua
1104 1591 1337 1645 potentia3
1370 1589 1474 1630 inde
1498 1589 1616 1630 enim
1639 1588 1764 1629 illus-

273 1657 478 1698 trabatur
499 1663 546 1698 et
572 1656 845 1710 implebatur
867 1662 1052 1710 stupore
1075 1669 1155 1708 pro
1179 1654 1358 1702 Divino,
1384 1666 1489 1693 nam
1515 1666 1541 1693 a
1567 1651 1765 1697 Domino

274 1727 322 1761 ut
361 1720 467 1762 Sole
504 1721 650 1761 omnis
689 1720 852 1761 Divina
889 1719 968 1760 lux
1006 1725 1092 1767 est,
1126 1724 1173 1759 et
1213 1717 1375 1758 Divina
1413 1717 1492 1757 lux
1524 1716 1690 1757 transit
1720 1716 1765 1756 in

272 1785 514 1835 interiora;
551 1784 655 1824 inde
682 1783 787 1824 talis
813 1790 883 1825 est
910 1782 1169 1837 praesentia
1194 1788 1240 1822 et
1267 1775 1372 1822 talis
1398 1779 1604 1834 impletio
1627 1789 1768 1828 (utcon-

271 1856 353 1880 stare
367 1854 470 1888 potest
485 1859 524 1878 ex
539 1850 597 1879 illis
609 1859 691 1886 quae
705 1850 737 1878 in
751 1858 847 1888 opere
859 1850 910 1879 De
925 1850 1017 1878 Caelo
1031 1852 1062 1878 et
1075 1849 1203 1887 lnferno
1215 1848 1255 1876 de
1271 1847 1411 1876 Domino
1427 1851 1462 1876 ut
1476 1847 1560 1881 Sole,
1572 1855 1603 1876 n.
1618 1847 1766 1883 116-125‚

272 1902 312 1929 de
326 1901 412 1930 Luce
428 1905 458 1930 et
473 1900 588 1931 Calore
602 1900 634 1929 in
647 1900 745 1930 Caelo
761 1900 844 1934 inde,
860 1909 891 1930 n.
906 1900 1054 1937 126—140,
1070 1903 1101 1928 et
1115 1899 1155 1928 de
1168 1898 1382 1928 Conversione
1396 1898 1438 1927 ad
1453 1898 1574 1935 Ipsum,
1585 1906 1616 1926 n.
1634 1905 1680 1933 17,
1699 1906 1766 1935 123,

274 1966 340 1994 144.
359 1965 425 1995 145,
444 1965 510 1994 151,
527 1964 594 1994 255,
612 1966 679 1993 272,
696 1964 765 1994 510,
781 1958 848 1994 548,
865 1957 933 1993 561.
949 1962 1076 1986 ostensa
1088 1951 1195 1995 sunt).
1258 1944 1497 1984 Praeterea
1533 1944 1765 1985 sciendum

273 2018 344 2052 est
375 2011 496 2065 quod
530 2011 701 2051 homini
735 2011 826 2051 bini
857 2010 978 2050 visus
1010 2010 1115 2058 sint,
1145 2021 1257 2049 unus
1288 2022 1347 2048 ex
1379 2007 1466 2048 fide
1497 2008 1763 2060 cogitativa,

272 2074 390 2115 alter
412 2089 469 2115 ex
494 2088 673 2125 amore;
707 2074 812 2114 dum
840 2073 977 2114 modo
1003 2073 1042 2114 ei
1063 2073 1183 2112 visus
1205 2077 1275 2112 est
1303 2085 1362 2111 ex
1389 2070 1475 2112 fide
1498 2072 1763 2125 cogitativa,

273 2145 380 2179 tunc
404 2139 524 2178 visus
547 2144 616 2179 est
638 2138 807 2191 absque
830 2143 1014 2190 stupore
1037 2149 1117 2189 pro
1140 2134 1304 2175 Divina
1328 2133 1472 2187 Ipsius
1495 2129 1736 2187 majestate
1755 2148 1764 2184 ;

273 2215 373 2242 cum
405 2208 559 2242 autem
591 2202 631 2243 ei
662 2202 782 2242 visus
814 2207 884 2242 est
917 2214 976 2242 ex
1007 2213 1175 2247 amore,
1203 2205 1310 2239 tunc
1343 2204 1414 2238 est
1447 2211 1548 2238 cum
1581 2204 1765 2252 stupore

274 2265 465 2306 Divinae
492 2265 768 2317 majestatis:
804 2278 938 2305 causa
963 2269 1048 2312 est,
1077 2263 1179 2317 quia
1206 2268 1312 2303 tunc
1340 2274 1584 2302 conversus
1610 2268 1680 2303 est
1706 2262 1765 2302 ad

274 2329 453 2382 Ipsum;
486 2342 613 2369 amor
638 2329 758 2369 enim
790 2328 1032 2376 convertit,
1061 2339 1152 2367 non
1184 2331 1337 2366 autem
1369 2324 1479 2365 fides
1511 2326 1765 2378 cogitativa

273 2393 442 2447 absque
473 2406 625 2433 amore
658 2404 706 2441 (ut
722 2408 864 2432 constare
885 2406 989 2440 potest
1006 2410 1044 2430 ex
1066 2400 1143 2430 locis
1157 2408 1242 2428 nunc
1256 2407 1352 2436 supra
1366 2399 1465 2428 citatis
1486 2399 1527 2428 de
1542 2399 1767 2436 Conversione,

273 2466 312 2485 ex
334 2466 430 2494 opere
452 2456 503 2485 De
528 2456 620 2484 Caelo
641 2459 672 2484 et
692 2456 841 2494 lnfern0,·
864 2455 952 2492 quod
975 2454 1018 2482 ita
1038 2453 1086 2487 sit,
1108 2451 1304 2481 notissimum
1327 2455 1372 2480 est
1393 2452 1426 2480 in
1446 2453 1569 2482 mundo
1590 2453 1767 2492 spirituali).

274 2507 386 2548 Inde
424 2512 554 2560 patet
586 2506 706 2559 quod
747 2520 825 2559 per
859 2505 986 2546 “vidi
1028 2502 1213 2557 Ipsum'‘
1245 2502 1446 2543 secundo
1486 2503 1765 2556 significetur

273 2571 531 2624 praesentia
558 2570 748 2610 Divinae
776 2569 1042 2622 majestatis,

351 2657 436 2702 ¹77.
475 2647 650 2688 “occidi
669 2648 724 2686 ad
741 2647 869 2700 pedes
892 2645 1261 2699 Ipsius.''—Quod
1287 2645 1511 2698 significet
1535 2645 1766 2686 adoratio-

273 2727 368 2754 nem
388 2727 444 2753 ex
463 2712 766 2753 humiliatione
781 2712 927 2752 cordis
943 2717 1030 2764 pro
1051 2710 1229 2759 Divino,
1249 2717 1433 2752 constat
1456 2724 1516 2751 ex
1539 2709 1765 2763 significa-

274 2779 397 2818 tione
419 2781 444 2797 “
457 2776 619 2818 cadere
637 2776 694 2817 ad
713 2775 891 2829 pedeS,'’
909 2776 1028 2829 quod
1047 2776 1104 2816 sit
1123 2776 1329 2816 adoratio
1347 2789 1406 2816 ex
1423 2773 1737 2815 humiliatione
1754 2788 1764 2824 ;

273 2840 392 2893 quod
431 2841 489 2880 sit
527 2839 779 2879 humiliatio
817 2839 978 2886 cordis,
1018 2845 1088 2879 est
1126 2839 1229 2891 quia
1266 2837 1518 2878 humiliatio
1554 2850 1667 2890 quae
1705 2850 1765 2877 ex

273 2903 410 2944 corde
433 2904 557 2944 venit
584 2917 664 2957 pro
691 2902 870 2951 Divino,
895 2902 1018 2942 illam
1045 2902 1374 2955 procidentiam
1401 2900 1633 2954 producit;
1667 2912 1766 2940 om·
1806 2925 1810 2927 ἡ

274 2981 353 3008 nes
384 2966 657 3017 affefflones,
686 2980 977 3021 quaecunque
1009 2972 1127 3016 sunt,
1163 2966 1572 3020 correspondentes
1604 2969 1762 3018 gestus
