<?xml version="1.0" encoding="UTF-8"?>
<!DOCTYPE html PUBLIC "-//W3C//DTD XHTML 1.0 Transitional//EN"
    "http://www.w3.org/TR/xhtml1/DTD/xhtml1-transitional.dtd">
<html xmlns="http://www.w3.org/1999/xhtml" xml:lang="en" lang="en">
 <head>
  <title>
</title>
<meta http-equiv="Content-Type" content="text/html;charset=utf-8" />
  <meta name='ocr-system' content='tesseract 3.04.00' />
  <meta name='ocr-capabilities' content='ocr_page ocr_carea ocr_par ocr_line ocrx_word'/>
</head>
<body>
  <div class='ocr_page' id='page_1' title='image "apocalypsisexpli01sweduoft_0612.png"; bbox 0 0 2060 3476; ppageno 0'>
   <div class='ocr_carea' id='block_1_1' title="bbox 355 327 1427 370">
    <p class='ocr_par' dir='ltr' id='par_1_1' title="bbox 355 327 1427 370">
     <span class='ocr_line' id='line_1_1' title="bbox 355 327 1427 370; baseline 0 0"><span class='ocrx_word' id='word_1_1' title='bbox 355 327 441 370; x_wconf 92' lang='lat'>606</span> <span class='ocrx_word' id='word_1_2' title='bbox 767 335 1097 370; x_wconf 84' lang='lat' dir='ltr'><strong>APOCALYPSIS</strong></span> <span class='ocrx_word' id='word_1_3' title='bbox 1128 336 1427 370; x_wconf 84' lang='lat' dir='ltr'>EXPLICATA.</span> 
     </span>
    </p>
   </div>
   <div class='ocr_carea' id='block_1_2' title="bbox 352 448 1841 1091">
    <p class='ocr_par' dir='ltr' id='par_1_2' title="bbox 352 448 1841 1091">
     <span class='ocr_line' id='line_1_2' title="bbox 355 448 1838 503; baseline 0.001 -14"><span class='ocrx_word' id='word_1_4' title='bbox 355 462 495 503; x_wconf 91' lang='lat' dir='ltr'>aeque</span> <span class='ocrx_word' id='word_1_5' title='bbox 511 448 722 490; x_wconf 89' lang='lat' dir='ltr'>Divinum</span> <span class='ocrx_word' id='word_1_6' title='bbox 740 448 819 490; x_wconf 91' lang='lat' dir='ltr'>fuit</span> <span class='ocrx_word' id='word_1_7' title='bbox 834 462 885 490; x_wconf 92' lang='lat' dir='ltr'>ac</span> <span class='ocrx_word' id='word_1_8' title='bbox 903 449 1049 503; x_wconf 90' lang='lat' dir='ltr'>ipsum</span> <span class='ocrx_word' id='word_1_9' title='bbox 1068 449 1278 490; x_wconf 89' lang='lat' dir='ltr'>Divinum</span> <span class='ocrx_word' id='word_1_10' title='bbox 1297 449 1442 502; x_wconf 88' lang='lat' dir='ltr'>Ipsius</span> <span class='ocrx_word' id='word_1_11' title='bbox 1459 448 1579 502; x_wconf 91' lang='lat' dir='ltr'>quod</span> <span class='ocrx_word' id='word_1_12' title='bbox 1596 449 1838 502; x_wconf 82' lang='lat' dir='ltr'>assumpsit</span> 
     </span>
     <span class='ocr_line' id='line_1_3' title="bbox 359 510 1839 565; baseline 0.001 -14"><span class='ocrx_word' id='word_1_13' title='bbox 359 510 633 560; x_wconf 88' lang='lat' dir='ltr'>Humanum,</span> <span class='ocrx_word' id='word_1_14' title='bbox 667 511 769 553; x_wconf 93' lang='lat' dir='ltr'>ideo</span> <span class='ocrx_word' id='word_1_15' title='bbox 806 513 944 553; x_wconf 89' lang='lat' dir='ltr'>etiam</span> <span class='ocrx_word' id='word_1_16' title='bbox 981 512 1142 553; x_wconf 92' lang='lat' dir='ltr'>dicitur</span> <span class='ocrx_word' id='word_1_17' title='bbox 1170 511 1378 565; x_wconf 86' lang='lat' dir='ltr'>Jehovah</span> <span class='ocrx_word' id='word_1_18' title='bbox 1412 514 1436 532; x_wconf 90' lang='lat'><strong>“</strong></span> <span class='ocrx_word' id='word_1_19' title='bbox 1451 511 1764 565; x_wconf 88' lang='lat' dir='ltr'>Redemptor”</span> <span class='ocrx_word' id='word_1_20' title='bbox 1795 512 1839 552; x_wconf 89' lang='lat' dir='ltr'>in</span> 
     </span>
     <span class='ocr_line' id='line_1_4' title="bbox 355 574 1235 628; baseline 0 -13"><span class='ocrx_word' id='word_1_21' title='bbox 355 575 645 628; x_wconf 83' lang='lat' dir='ltr'>sequentibus</span> <span class='ocrx_word' id='word_1_22' title='bbox 672 574 782 615; x_wconf 91' lang='lat' dir='ltr'>locis</span> <span class='ocrx_word' id='word_1_23' title='bbox 798 574 1008 627; x_wconf 77' lang='lat' dir='ltr'>2——Apud</span> <span class='ocrx_word' id='word_1_24' title='bbox 1032 574 1235 624; x_wconf 80' lang='lat' dir='ltr'>Esaiam,</span> 
     </span>
     <span class='ocr_line' id='line_1_5' title="bbox 352 661 1841 705; baseline -0.001 -10"><span class='ocrx_word' id='word_1_25' title='bbox 352 697 355 700; x_wconf 62' lang='grc'>,</span> <span class='ocrx_word' id='word_1_26' title='bbox 423 663 512 695; x_wconf 82' lang='lat' dir='ltr'>“Sic</span> <span class='ocrx_word' id='word_1_27' title='bbox 536 663 624 695; x_wconf 88' lang='lat' dir='ltr'>dixit</span> <span class='ocrx_word' id='word_1_28' title='bbox 651 663 812 705; x_wconf 90' lang='lat' dir='ltr'>Jehovah</span> <span class='ocrx_word' id='word_1_29' title='bbox 838 663 1057 704; x_wconf 88' lang='lat' dir='ltr'>Redemptor</span> <span class='ocrx_word' id='word_1_30' title='bbox 1083 670 1176 702; x_wconf 91' lang='lat' dir='ltr'>tuus,</span> <span class='ocrx_word' id='word_1_31' title='bbox 1205 661 1356 695; x_wconf 59' lang='lat' dir='ltr'>Sanctus</span> <span class='ocrx_word' id='word_1_32' title='bbox 1388 662 1544 702; x_wconf 82' lang='lat' dir='ltr'>Israelis,</span> <span class='ocrx_word' id='word_1_33' title='bbox 1573 662 1650 704; x_wconf 84' lang='lat' dir='ltr'>Ego</span> <span class='ocrx_word' id='word_1_34' title='bbox 1679 662 1841 705; x_wconf 79' lang='lat' dir='ltr'>jehovah</span> 
     </span>
     <span class='ocr_line' id='line_1_6' title="bbox 530 706 986 747; baseline 0 -8"><span class='ocrx_word' id='word_1_35' title='bbox 530 707 627 739; x_wconf 91' lang='lat' dir='ltr'>Deus</span> <span class='ocrx_word' id='word_1_36' title='bbox 644 713 724 739; x_wconf 91' lang='lat' dir='ltr'>tuus</span> <span class='ocrx_word' id='word_1_37' title='bbox 736 706 753 719; x_wconf 85' lang='lat'>’²</span> <span class='ocrx_word' id='word_1_38' title='bbox 771 707 893 747; x_wconf 86' lang='lat' dir='ltr'>(xlviii.</span> <span class='ocrx_word' id='word_1_39' title='bbox 912 707 986 747; x_wconf 88' lang='lat'>17);</span> 
     </span>
     <span class='ocr_line' id='line_1_7' title="bbox 355 783 708 837; baseline 0 -13"><span class='ocrx_word' id='word_1_40' title='bbox 355 783 474 837; x_wconf 89' lang='lat' dir='ltr'>apud</span> <span class='ocrx_word' id='word_1_41' title='bbox 501 783 708 833; x_wconf 88' lang='lat' dir='ltr'>eundem,</span> 
     </span>
     <span class='ocr_line' id='line_1_8' title="bbox 424 854 1839 898; baseline 0.001 -11"><span class='ocrx_word' id='word_1_42' title='bbox 424 859 445 870; x_wconf 86' lang='lat'>¹·</span> <span class='ocrx_word' id='word_1_43' title='bbox 456 856 618 898; x_wconf 86' lang='lat' dir='ltr'>Jehovah</span> <span class='ocrx_word' id='word_1_44' title='bbox 635 856 794 888; x_wconf 89' lang='lat' dir='ltr'>Zebaoth</span> <span class='ocrx_word' id='word_1_45' title='bbox 813 856 954 887; x_wconf 91' lang='lat' dir='ltr'>Nomen</span> <span class='ocrx_word' id='word_1_46' title='bbox 974 855 1102 896; x_wconf 80' lang='lat' dir='ltr'>Ipsius,</span> <span class='ocrx_word' id='word_1_47' title='bbox 1119 861 1155 888; x_wconf 90' lang='lat' dir='ltr'>et</span> <span class='ocrx_word' id='word_1_48' title='bbox 1172 855 1391 898; x_wconf 87' lang='lat' dir='ltr'>Redemptor</span> <span class='ocrx_word' id='word_1_49' title='bbox 1406 861 1499 895; x_wconf 88' lang='lat' dir='ltr'>tuus,</span> <span class='ocrx_word' id='word_1_50' title='bbox 1516 854 1667 888; x_wconf 73' lang='lat' dir='ltr'>Sand&#39;tus</span> <span class='ocrx_word' id='word_1_51' title='bbox 1685 855 1839 894; x_wconf 86' lang='lat' dir='ltr'>Israelis,</span> 
     </span>
     <span class='ocr_line' id='line_1_9' title="bbox 531 899 1278 940; baseline 0.001 -9"><span class='ocrx_word' id='word_1_52' title='bbox 531 899 628 932; x_wconf 93' lang='lat' dir='ltr'>Deus</span> <span class='ocrx_word' id='word_1_53' title='bbox 645 900 754 931; x_wconf 89' lang='lat' dir='ltr'>totius</span> <span class='ocrx_word' id='word_1_54' title='bbox 771 906 885 931; x_wconf 90' lang='lat' dir='ltr'>terrae</span> <span class='ocrx_word' id='word_1_55' title='bbox 902 899 1114 931; x_wconf 89' lang='lat' dir='ltr'>vocabitur&#39;’</span> <span class='ocrx_word' id='word_1_56' title='bbox 1131 899 1204 940; x_wconf 85' lang='lat' dir='ltr'>(liv.</span> <span class='ocrx_word' id='word_1_57' title='bbox 1225 900 1278 940; x_wconf 84' lang='lat'>5);</span> 
     </span>
     <span class='ocr_line' id='line_1_10' title="bbox 357 975 740 1029; baseline 0 -13"><span class='ocrx_word' id='word_1_58' title='bbox 357 976 476 1029; x_wconf 89' lang='lat' dir='ltr'>apud</span> <span class='ocrx_word' id='word_1_59' title='bbox 503 975 740 1024; x_wconf 87' lang='lat' dir='ltr'>Davidem,</span> 
     </span>
     <span class='ocr_line' id='line_1_11' title="bbox 425 1045 1806 1091; baseline 0.001 -12"><span class='ocrx_word' id='word_1_60' title='bbox 425 1047 616 1089; x_wconf 88' lang='lat' dir='ltr'>“Jehovah</span> <span class='ocrx_word' id='word_1_61' title='bbox 636 1048 741 1079; x_wconf 88' lang='lat' dir='ltr'>Petra</span> <span class='ocrx_word' id='word_1_62' title='bbox 759 1045 871 1079; x_wconf 83' lang='lat' dir='ltr'>[¹]mea</span> <span class='ocrx_word' id='word_1_63' title='bbox 888 1054 922 1079; x_wconf 89' lang='lat' dir='ltr'>et</span> <span class='ocrx_word' id='word_1_64' title='bbox 941 1047 1161 1089; x_wconf 88' lang='lat' dir='ltr'>Redemptor</span> <span class='ocrx_word' id='word_1_65' title='bbox 1176 1048 1224 1080; x_wconf 89' lang='lat' dir='ltr'>mi</span> <span class='ocrx_word' id='word_1_66' title='bbox 1236 1047 1254 1061; x_wconf 88' lang='lat'>&#39;&#39;</span> <span class='ocrx_word' id='word_1_67' title='bbox 1271 1047 1415 1089; x_wconf 86' lang='lat' dir='ltr'>(Psalm.</span> <span class='ocrx_word' id='word_1_68' title='bbox 1430 1049 1502 1081; x_wconf 87' lang='lat' dir='ltr'>xix.</span> <span class='ocrx_word' id='word_1_69' title='bbox 1521 1056 1558 1088; x_wconf 91' lang='lat'>15</span> <span class='ocrx_word' id='word_1_70' title='bbox 1578 1046 1639 1091; x_wconf 91' lang='lat' dir='ltr'>[B.</span> <span class='ocrx_word' id='word_1_71' title='bbox 1653 1048 1699 1082; x_wconf 88' lang='lat' dir='ltr'>A.</span> <span class='ocrx_word' id='word_1_72' title='bbox 1715 1045 1806 1090; x_wconf 87' lang='lat'>14]);</span> 
     </span>
    </p>
   </div>
   <div class='ocr_carea' id='block_1_3' title="bbox 354 1123 1763 1239">
    <p class='ocr_par' dir='ltr' id='par_1_3' title="bbox 354 1123 1763 1239">
     <span class='ocr_line' id='line_1_12' title="bbox 354 1123 765 1178; baseline 0.002 -14"><span class='ocrx_word' id='word_1_73' title='bbox 354 1124 473 1178; x_wconf 89' lang='lat' dir='ltr'>apud</span> <span class='ocrx_word' id='word_1_74' title='bbox 503 1123 765 1173; x_wconf 84' lang='lat' dir='ltr'>Jeremz&#39;am‚</span> 
     </span>
     <span class='ocr_line' id='line_1_13' title="bbox 424 1196 1763 1239; baseline 0.001 -11"><span class='ocrx_word' id='word_1_75' title='bbox 424 1198 446 1211; x_wconf 82' lang='lat'>⁴⁸</span> <span class='ocrx_word' id='word_1_76' title='bbox 459 1196 676 1237; x_wconf 86' lang='lat' dir='ltr'>Redemptor</span> <span class='ocrx_word' id='word_1_77' title='bbox 692 1207 815 1228; x_wconf 91' lang='lat' dir='ltr'>eorum</span> <span class='ocrx_word' id='word_1_78' title='bbox 833 1196 947 1236; x_wconf 81' lang='lat' dir='ltr'>fortis,</span> <span class='ocrx_word' id='word_1_79' title='bbox 967 1196 1128 1239; x_wconf 89' lang='lat' dir='ltr'>Jehovah</span> <span class='ocrx_word' id='word_1_80' title='bbox 1146 1197 1303 1229; x_wconf 88' lang='lat' dir='ltr'>Zebaoth</span> <span class='ocrx_word' id='word_1_81' title='bbox 1321 1207 1453 1229; x_wconf 85' lang='lat' dir='ltr'>nornen</span> <span class='ocrx_word' id='word_1_82' title='bbox 1473 1197 1589 1239; x_wconf 88' lang='lat' dir='ltr'>Ipsius</span> <span class='ocrx_word' id='word_1_83' title='bbox 1599 1197 1617 1210; x_wconf 90' lang='lat'>”</span> <span class='ocrx_word' id='word_1_84' title='bbox 1635 1197 1670 1239; x_wconf 92' lang='lat' dir='ltr'>(l.</span> <span class='ocrx_word' id='word_1_85' title='bbox 1687 1197 1763 1238; x_wconf 86' lang='lat'>34);</span> 
     </span>
    </p>
   </div>
   <div class='ocr_carea' id='block_1_4' title="bbox 356 1272 704 1326">
    <p class='ocr_par' dir='ltr' id='par_1_4' title="bbox 356 1272 704 1326">
     <span class='ocr_line' id='line_1_14' title="bbox 356 1272 704 1326; baseline 0.003 -13"><span class='ocrx_word' id='word_1_86' title='bbox 356 1273 475 1326; x_wconf 85' lang='lat' dir='ltr'>apud</span> <span class='ocrx_word' id='word_1_87' title='bbox 500 1272 704 1323; x_wconf 80' lang='lat' dir='ltr'>Esaiam,</span> 
     </span>
    </p>
   </div>
   <div class='ocr_carea' id='block_1_5' title="bbox 425 1344 1844 1430">
    <p class='ocr_par' dir='ltr' id='par_1_5' title="bbox 425 1344 1844 1430">
     <span class='ocr_line' id='line_1_15' title="bbox 425 1344 1844 1430; baseline 0.001 -53"><span class='ocrx_word' id='word_1_88' title='bbox 425 1347 446 1360; x_wconf 81' lang='lat'>¹⁴</span> <span class='ocrx_word' id='word_1_89' title='bbox 457 1345 511 1377; x_wconf 92' lang='lat' dir='ltr'>Tu</span> <span class='ocrx_word' id='word_1_90' title='bbox 524 1345 685 1429; x_wconf 44' lang='lat' dir='ltr'>{leliovsslli</span> <span class='ocrx_word' id='word_1_91' title='bbox 701 1346 807 1430; x_wconf 59' lang='lat' dir='ltr'>fI;’&#39;)ater</span> <span class='ocrx_word' id='word_1_92' title='bbox 821 1352 953 1385; x_wconf 84' lang='lat' dir='ltr'>noster,</span> <span class='ocrx_word' id='word_1_93' title='bbox 970 1346 1189 1387; x_wconf 90' lang='lat' dir='ltr'>Redemptor</span> <span class='ocrx_word' id='word_1_94' title='bbox 1202 1352 1334 1385; x_wconf 92' lang='lat' dir='ltr'>noster,</span> <span class='ocrx_word' id='word_1_95' title='bbox 1351 1356 1372 1378; x_wconf 91' lang='lat' dir='ltr'>a</span> <span class='ocrx_word' id='word_1_96' title='bbox 1388 1347 1529 1379; x_wconf 90' lang='lat' dir='ltr'>saeculo</span> <span class='ocrx_word' id='word_1_97' title='bbox 1543 1356 1675 1379; x_wconf 88' lang='lat' dir='ltr'>nomen</span> <span class='ocrx_word' id='word_1_98' title='bbox 1689 1344 1844 1379; x_wconf 73' lang='lat' dir='ltr'>[¹]tuum”</span> 
     </span>
     <span class='ocr_line' id='line_1_16' title="bbox 556 1398 744 1422; baseline 0.011 -2"><span class='ocrx_word' id='word_1_99' title='bbox 556 1399 626 1422; x_wconf 83' lang='lat' dir='ltr'>xul.</span> <span class='ocrx_word' id='word_1_100' title='bbox 683 1398 696 1420; x_wconf 93' lang='lat'>1</span> <span class='ocrx_word' id='word_1_101' title='bbox 737 1414 744 1422; x_wconf 93' lang='lat'><strong>.</strong></span> 
     </span>
    </p>
   </div>
   <div class='ocr_carea' id='block_1_6' title="bbox 357 1473 1845 1591">
    <p class='ocr_par' dir='ltr' id='par_1_6' title="bbox 357 1473 1845 1591">
     <span class='ocr_line' id='line_1_17' title="bbox 357 1473 1845 1530; baseline 0.002 -16"><span class='ocrx_word' id='word_1_102' title='bbox 357 1473 432 1514; x_wconf 87' lang='lat' dir='ltr'>Ex</span> <span class='ocrx_word' id='word_1_103' title='bbox 463 1474 532 1514; x_wconf 92' lang='lat' dir='ltr'>his</span> <span class='ocrx_word' id='word_1_104' title='bbox 558 1487 675 1515; x_wconf 91' lang='lat' dir='ltr'>nunc</span> <span class='ocrx_word' id='word_1_105' title='bbox 707 1481 918 1516; x_wconf 84' lang='lat' dir='ltr'>constare</span> <span class='ocrx_word' id='word_1_106' title='bbox 951 1481 1106 1529; x_wconf 90' lang='lat' dir='ltr'>potest</span> <span class='ocrx_word' id='word_1_107' title='bbox 1137 1476 1366 1530; x_wconf 92' lang='lat' dir='ltr'>quomodo</span> <span class='ocrx_word' id='word_1_108' title='bbox 1396 1475 1742 1529; x_wconf 88' lang='lat' dir='ltr'>intelligendum</span> <span class='ocrx_word' id='word_1_109' title='bbox 1774 1482 1845 1518; x_wconf 91' lang='lat' dir='ltr'>est</span> 
     </span>
     <span class='ocr_line' id='line_1_18' title="bbox 357 1537 883 1591; baseline 0 -13"><span class='ocrx_word' id='word_1_110' title='bbox 357 1538 477 1591; x_wconf 92' lang='lat' dir='ltr'>quod</span> <span class='ocrx_word' id='word_1_111' title='bbox 505 1537 724 1578; x_wconf 84' lang='lat' dir='ltr'>Dominus</span> <span class='ocrx_word' id='word_1_112' title='bbox 752 1538 883 1587; x_wconf 86' lang='lat' dir='ltr'>dixit,</span> 
     </span>
    </p>
   </div>
   <div class='ocr_carea' id='block_1_7' title="bbox 421 1626 1842 1711">
    <p class='ocr_par' dir='ltr' id='par_1_7' title="bbox 421 1626 1842 1711">
     <span class='ocr_line' id='line_1_19' title="bbox 421 1626 1842 1711; baseline 0.002 -53"><span class='ocrx_word' id='word_1_113' title='bbox 421 1626 529 1658; x_wconf 88' lang='lat' dir='ltr'>Venit</span> <span class='ocrx_word' id='word_1_114' title='bbox 543 1626 651 1702; x_wconf 67' lang='lat' dir='ltr'>Filiugs</span> <span class='ocrx_word' id='word_1_115' title='bbox 664 1627 820 1702; x_wconf 46' lang='lat' dir='ltr'>bonipinis</span> <span class='ocrx_word' id='word_1_116' title='bbox 834 1629 856 1642; x_wconf 82' lang='lat'>‘⁴</span> <span class='ocrx_word' id='word_1_117' title='bbox 869 1633 908 1659; x_wconf 91' lang='lat' dir='ltr'>ut</span> <span class='ocrx_word' id='word_1_118' title='bbox 920 1628 979 1711; x_wconf 57' lang='lat' dir='ltr'>{let</span> <span class='ocrx_word' id='word_1_119' title='bbox 995 1628 1152 1660; x_wconf 87' lang='lat' dir='ltr'>animam</span> <span class='ocrx_word' id='word_1_120' title='bbox 1166 1628 1446 1669; x_wconf 86' lang='lat' dir='ltr'>redemptionem</span> <span class='ocrx_word' id='word_1_121' title='bbox 1461 1638 1526 1670; x_wconf 86' lang='lat' dir='ltr'>pro</span> <span class='ocrx_word' id='word_1_122' title='bbox 1539 1629 1660 1661; x_wconf 85' lang='lat' dir='ltr'>multis</span> <span class='ocrx_word' id='word_1_123' title='bbox 1669 1628 1688 1642; x_wconf 86' lang='grc'><em>”</em></span> <span class='ocrx_word' id='word_1_124' title='bbox 1699 1628 1842 1670; x_wconf 76' lang='lat' dir='ltr'>(Matth.</span> 
     </span>
     <span class='ocr_line' id='line_1_20' title="bbox 529 1679 955 1710; baseline 0.002 -8"><span class='ocrx_word' id='word_1_125' title='bbox 529 1681 587 1703; x_wconf 88' lang='lat' dir='ltr'>xx.</span> <span class='ocrx_word' id='word_1_126' title='bbox 605 1679 623 1702; x_wconf 89' lang='lat'>2</span> <span class='ocrx_word' id='word_1_127' title='bbox 660 1680 667 1710; x_wconf 89' lang='lat'><strong>;</strong></span> <span class='ocrx_word' id='word_1_128' title='bbox 746 1682 812 1703; x_wconf 88' lang='lat' dir='ltr'>arc.</span> <span class='ocrx_word' id='word_1_129' title='bbox 829 1681 862 1703; x_wconf 89' lang='lat' dir='ltr'>x.</span> <span class='ocrx_word' id='word_1_130' title='bbox 879 1679 919 1710; x_wconf 84' lang='lat'>45</span> <span class='ocrx_word' id='word_1_131' title='bbox 948 1681 955 1710; x_wconf 85' lang='lat'>;</span> 
     </span>
    </p>
   </div>
   <div class='ocr_carea' id='block_1_8' title="bbox 356 1756 1889 1875">
    <p class='ocr_par' dir='ltr' id='par_1_8' title="bbox 356 1756 1889 1875">
     <span class='ocr_line' id='line_1_21' title="bbox 356 1756 1889 1810; baseline -0.001 -14"><span class='ocrx_word' id='word_1_132' title='bbox 356 1756 475 1810; x_wconf 89' lang='lat' dir='ltr'>quod</span> <span class='ocrx_word' id='word_1_133' title='bbox 499 1769 660 1810; x_wconf 90' lang='lat' dir='ltr'>nempe</span> <span class='ocrx_word' id='word_1_134' title='bbox 678 1762 727 1797; x_wconf 92' lang='lat' dir='ltr'>ut</span> <span class='ocrx_word' id='word_1_135' title='bbox 749 1756 1034 1798; x_wconf 86' lang='lat' dir='ltr'>vindicentur</span> <span class='ocrx_word' id='word_1_136' title='bbox 1051 1763 1097 1798; x_wconf 90' lang='lat' dir='ltr'>et</span> <span class='ocrx_word' id='word_1_137' title='bbox 1120 1756 1365 1798; x_wconf 89' lang='lat' dir='ltr'>liberentur</span> <span class='ocrx_word' id='word_1_138' title='bbox 1386 1758 1443 1798; x_wconf 89' lang='lat' dir='ltr'>ab</span> <span class='ocrx_word' id='word_1_139' title='bbox 1459 1757 1658 1809; x_wconf 88' lang='lat' dir='ltr'>inferno;</span> <span class='ocrx_word' id='word_1_140' title='bbox 1691 1758 1845 1799; x_wconf 84' lang='lat' dir='ltr'>Passio</span> <span class='ocrx_word' id='word_1_141' title='bbox 1887 1793 1889 1795; x_wconf 83' lang='grc'><em>,</em></span> 
     </span>
     <span class='ocr_line' id='line_1_22' title="bbox 357 1819 1846 1875; baseline 0.001 -15"><span class='ocrx_word' id='word_1_142' title='bbox 357 1819 475 1860; x_wconf 90' lang='lat' dir='ltr'>enim</span> <span class='ocrx_word' id='word_1_143' title='bbox 512 1820 655 1860; x_wconf 92' lang='lat' dir='ltr'>crucis</span> <span class='ocrx_word' id='word_1_144' title='bbox 695 1820 775 1861; x_wconf 91' lang='lat' dir='ltr'>fuit</span> <span class='ocrx_word' id='word_1_145' title='bbox 817 1819 975 1861; x_wconf 88' lang='lat' dir='ltr'>ultima</span> <span class='ocrx_word' id='word_1_146' title='bbox 1012 1834 1164 1874; x_wconf 86' lang='lat' dir='ltr'>pugna</span> <span class='ocrx_word' id='word_1_147' title='bbox 1200 1826 1258 1861; x_wconf 76' lang='lat' dir='ltr'>et&#39;</span> <span class='ocrx_word' id='word_1_148' title='bbox 1284 1820 1485 1874; x_wconf 89' lang='lat' dir='ltr'>plenaria</span> <span class='ocrx_word' id='word_1_149' title='bbox 1520 1819 1719 1871; x_wconf 63' lang='lat' dir='ltr'>victoria,</span> <span class='ocrx_word' id='word_1_150' title='bbox 1758 1835 1846 1875; x_wconf 92' lang='lat' dir='ltr'>qua</span> 
     </span>
    </p>
   </div>
   <div class='ocr_carea' id='block_1_9' title="bbox 356 1879 1847 1982">
    <p class='ocr_par' dir='ltr' id='par_1_9' title="bbox 356 1879 1847 1982">
     <span class='ocr_line' id='line_1_23' title="bbox 357 1879 1847 1939; baseline 0.001 -19"><span class='ocrx_word' id='word_1_151' title='bbox 357 1879 618 1939; x_wconf 84' lang='lat' dir='ltr'>subjugavit</span> <span class='ocrx_word' id='word_1_152' title='bbox 639 1880 814 1922; x_wconf 86' lang='lat' dir='ltr'>inferna</span> <span class='ocrx_word' id='word_1_153' title='bbox 835 1886 882 1922; x_wconf 90' lang='lat' dir='ltr'>et</span> <span class='ocrx_word' id='word_1_154' title='bbox 904 1895 991 1935; x_wconf 90' lang='lat' dir='ltr'>qua</span> <span class='ocrx_word' id='word_1_155' title='bbox 1013 1881 1287 1934; x_wconf 88' lang='lat' dir='ltr'>glorificavit</span> <span class='ocrx_word' id='word_1_156' title='bbox 1311 1882 1574 1923; x_wconf 92' lang='lat' dir='ltr'>Humanum</span> <span class='ocrx_word' id='word_1_157' title='bbox 1596 1895 1724 1923; x_wconf 87' lang='lat' dir='ltr'>suum</span> <span class='ocrx_word' id='word_1_158' title='bbox 1747 1893 1847 1932; x_wconf 80' lang='lat' dir='ltr'>(vide-</span> 
     </span>
     <span class='ocr_line' id='line_1_24' title="bbox 356 1942 1431 1982; baseline 0.003 -12"><span class='ocrx_word' id='word_1_159' title='bbox 356 1945 427 1970; x_wconf 88' lang='lat' dir='ltr'>atur</span> <span class='ocrx_word' id='word_1_160' title='bbox 442 1942 601 1970; x_wconf 71' lang='lat' dir='ltr'>Doc‘trina</span> <span class='ocrx_word' id='word_1_161' title='bbox 615 1943 726 1971; x_wconf 80' lang='lat' dir='ltr'>Novae</span> <span class='ocrx_word' id='word_1_162' title='bbox 740 1943 991 1980; x_wconf 78' lang='lat' dir='ltr'>Hierosolymae,</span> <span class='ocrx_word' id='word_1_163' title='bbox 1006 1952 1037 1973; x_wconf 91' lang='lat' dir='ltr'>n.</span> <span class='ocrx_word' id='word_1_164' title='bbox 1055 1951 1204 1980; x_wconf 84' lang='lat'>293—297,</span> <span class='ocrx_word' id='word_1_165' title='bbox 1221 1947 1252 1972; x_wconf 89' lang='lat' dir='ltr'>et</span> <span class='ocrx_word' id='word_1_166' title='bbox 1266 1943 1431 1982; x_wconf 84' lang='lat'><strong>300—306).</strong></span> 
     </span>
    </p>
   </div>
   <div class='ocr_carea' id='block_1_10' title="bbox 357 1990 1847 2936">
    <p class='ocr_par' dir='ltr' id='par_1_10' title="bbox 357 1990 1847 2857">
     <span class='ocr_line' id='line_1_25' title="bbox 435 1990 1844 2044; baseline 0.001 -13"><span class='ocrx_word' id='word_1_167' title='bbox 435 1990 648 2044; x_wconf 77' lang='lat' dir='ltr'><strong>329[a].</strong></span> <span class='ocrx_word' id='word_1_168' title='bbox 688 1990 916 2043; x_wconf 80' lang='lat' dir='ltr'>Quoniam</span> <span class='ocrx_word' id='word_1_169' title='bbox 939 1991 1102 2032; x_wconf 91' lang='lat' dir='ltr'>dicitur</span> <span class='ocrx_word' id='word_1_170' title='bbox 1127 1995 1151 2012; x_wconf 91' lang='lat'><strong>“</strong></span> <span class='ocrx_word' id='word_1_171' title='bbox 1166 1991 1422 2032; x_wconf 88' lang='lat' dir='ltr'>Redemisti</span> <span class='ocrx_word' id='word_1_172' title='bbox 1448 1992 1549 2032; x_wconf 94' lang='lat' dir='ltr'>Deo</span> <span class='ocrx_word' id='word_1_173' title='bbox 1570 2005 1652 2033; x_wconf 87' lang='lat' dir='ltr'>nos</span> <span class='ocrx_word' id='word_1_174' title='bbox 1673 1993 1717 2033; x_wconf 93' lang='lat' dir='ltr'>in</span> <span class='ocrx_word' id='word_1_175' title='bbox 1739 2006 1844 2033; x_wconf 88' lang='lat' dir='ltr'>san-</span> 
     </span>
     <span class='ocr_line' id='line_1_26' title="bbox 357 2052 1844 2107; baseline 0.003 -16"><span class='ocrx_word' id='word_1_176' title='bbox 357 2052 491 2104; x_wconf 89' lang='lat' dir='ltr'>guine</span> <span class='ocrx_word' id='word_1_177' title='bbox 509 2052 626 2100; x_wconf 86' lang='lat' dir='ltr'>tuo,&#39;’</span> <span class='ocrx_word' id='word_1_178' title='bbox 641 2058 687 2093; x_wconf 90' lang='lat' dir='ltr'>et</span> <span class='ocrx_word' id='word_1_179' title='bbox 706 2052 791 2092; x_wconf 93' lang='lat' dir='ltr'>hoc</span> <span class='ocrx_word' id='word_1_180' title='bbox 811 2053 929 2093; x_wconf 87' lang='lat' dir='ltr'>intra</span> <span class='ocrx_word' id='word_1_181' title='bbox 946 2052 1186 2093; x_wconf 90' lang='lat' dir='ltr'>ecclesiam</span> <span class='ocrx_word' id='word_1_182' title='bbox 1204 2052 1471 2106; x_wconf 86' lang='lat' dir='ltr'>intelligitur</span> <span class='ocrx_word' id='word_1_183' title='bbox 1487 2067 1666 2107; x_wconf 88' lang='lat' dir='ltr'>prorsus</span> <span class='ocrx_word' id='word_1_184' title='bbox 1684 2067 1844 2095; x_wconf 93' lang='lat' dir='ltr'>secun-</span> 
     </span>
     <span class='ocr_line' id='line_1_27' title="bbox 358 2114 1844 2169; baseline 0.003 -16"><span class='ocrx_word' id='word_1_185' title='bbox 358 2114 463 2154; x_wconf 92' lang='lat' dir='ltr'>dum</span> <span class='ocrx_word' id='word_1_186' title='bbox 502 2127 682 2154; x_wconf 90' lang='lat' dir='ltr'>sensum</span> <span class='ocrx_word' id='word_1_187' title='bbox 720 2114 900 2155; x_wconf 87' lang='lat' dir='ltr'>litterae</span> <span class='ocrx_word' id='word_1_188' title='bbox 937 2121 984 2156; x_wconf 92' lang='lat' dir='ltr'>et</span> <span class='ocrx_word' id='word_1_189' title='bbox 1022 2129 1112 2156; x_wconf 90' lang='lat' dir='ltr'>non</span> <span class='ocrx_word' id='word_1_190' title='bbox 1149 2115 1396 2156; x_wconf 89' lang='lat' dir='ltr'>secundum</span> <span class='ocrx_word' id='word_1_191' title='bbox 1433 2115 1625 2169; x_wconf 90' lang='lat' dir='ltr'>aliquem</span> <span class='ocrx_word' id='word_1_192' title='bbox 1663 2130 1844 2158; x_wconf 90' lang='lat' dir='ltr'>sensum</span> 
     </span>
     <span class='ocr_line' id='line_1_28' title="bbox 359 2176 1846 2232; baseline 0.003 -16"><span class='ocrx_word' id='word_1_193' title='bbox 359 2176 650 2230; x_wconf 89' lang='lat' dir='ltr'>spiritualem,</span> <span class='ocrx_word' id='word_1_194' title='bbox 675 2177 809 2218; x_wconf 85' lang='lat' dir='ltr'>velim</span> <span class='ocrx_word' id='word_1_195' title='bbox 837 2178 975 2218; x_wconf 91' lang='lat' dir='ltr'>etiam</span> <span class='ocrx_word' id='word_1_196' title='bbox 1001 2178 1242 2219; x_wconf 89' lang='lat' dir='ltr'>ostendere</span> <span class='ocrx_word' id='word_1_197' title='bbox 1265 2178 1383 2231; x_wconf 91' lang='lat' dir='ltr'>quod</span> <span class='ocrx_word' id='word_1_198' title='bbox 1409 2192 1487 2232; x_wconf 89' lang='lat' dir='ltr'>per</span> <span class='ocrx_word' id='word_1_199' title='bbox 1511 2180 1846 2232; x_wconf 82' lang='lat' dir='ltr'>“sanguinem&#39;’</span> 
     </span>
     <span class='ocr_line' id='line_1_29' title="bbox 358 2239 1846 2293; baseline 0.003 -14"><span class='ocrx_word' id='word_1_200' title='bbox 358 2252 449 2279; x_wconf 91' lang='lat' dir='ltr'>non</span> <span class='ocrx_word' id='word_1_201' title='bbox 489 2239 770 2292; x_wconf 83' lang='lat' dir='ltr'>intelligatur</span> <span class='ocrx_word' id='word_1_202' title='bbox 810 2241 991 2293; x_wconf 86' lang='lat' dir='ltr'>sanguis</span> <span class='ocrx_word' id='word_1_203' title='bbox 1032 2254 1109 2281; x_wconf 91' lang='lat' dir='ltr'>seu</span> <span class='ocrx_word' id='word_1_204' title='bbox 1151 2240 1303 2281; x_wconf 90' lang='lat' dir='ltr'>Passio</span> <span class='ocrx_word' id='word_1_205' title='bbox 1344 2242 1485 2282; x_wconf 89' lang='lat' dir='ltr'>crucis</span> <span class='ocrx_word' id='word_1_206' title='bbox 1526 2241 1722 2291; x_wconf 90' lang='lat' dir='ltr'>Domini,</span> <span class='ocrx_word' id='word_1_207' title='bbox 1765 2243 1846 2284; x_wconf 91' lang='lat' dir='ltr'>sed</span> 
     </span>
     <span class='ocr_line' id='line_1_30' title="bbox 361 2301 1847 2358; baseline 0.003 -17"><span class='ocrx_word' id='word_1_208' title='bbox 361 2301 574 2342; x_wconf 90' lang='lat' dir='ltr'>Divinum</span> <span class='ocrx_word' id='word_1_209' title='bbox 601 2301 771 2342; x_wconf 89' lang='lat' dir='ltr'>Verum</span> <span class='ocrx_word' id='word_1_210' title='bbox 798 2302 1047 2355; x_wconf 88' lang='lat' dir='ltr'>procedens</span> <span class='ocrx_word' id='word_1_211' title='bbox 1073 2316 1098 2343; x_wconf 90' lang='lat' dir='ltr'>a</span> <span class='ocrx_word' id='word_1_212' title='bbox 1129 2302 1340 2352; x_wconf 89' lang='lat' dir='ltr'>Domino,</span> <span class='ocrx_word' id='word_1_213' title='bbox 1369 2317 1419 2344; x_wconf 91' lang='lat' dir='ltr'>ac</span> <span class='ocrx_word' id='word_1_214' title='bbox 1446 2305 1646 2358; x_wconf 88' lang='lat' dir='ltr'>receptio</span> <span class='ocrx_word' id='word_1_215' title='bbox 1671 2304 1764 2357; x_wconf 89' lang='lat' dir='ltr'>ejus</span> <span class='ocrx_word' id='word_1_216' title='bbox 1789 2306 1847 2346; x_wconf 89' lang='lat' dir='ltr'>ab</span> 
     </span>
     <span class='ocr_line' id='line_1_31' title="bbox 359 2357 1846 2419; baseline 0.003 -15"><span class='ocrx_word' id='word_1_217' title='bbox 359 2363 541 2405; x_wconf 91' lang='lat' dir='ltr'>homine</span> <span class='ocrx_word' id='word_1_218' title='bbox 560 2378 569 2415; x_wconf 87' lang='grc'><strong>;</strong></span> <span class='ocrx_word' id='word_1_219' title='bbox 602 2365 665 2405; x_wconf 91' lang='lat' dir='ltr'>ita</span> <span class='ocrx_word' id='word_1_220' title='bbox 687 2365 805 2418; x_wconf 90' lang='lat' dir='ltr'>quod</span> <span class='ocrx_word' id='word_1_221' title='bbox 832 2379 909 2418; x_wconf 92' lang='lat' dir='ltr'>per</span> <span class='ocrx_word' id='word_1_222' title='bbox 934 2365 1223 2406; x_wconf 88' lang='lat' dir='ltr'>“Redemisti</span> <span class='ocrx_word' id='word_1_223' title='bbox 1246 2357 1393 2406; x_wconf 62' lang='lat' dir='ltr'>nos&#39;in</span> <span class='ocrx_word' id='word_1_224' title='bbox 1416 2367 1633 2419; x_wconf 86' lang='lat' dir='ltr'>sanguine</span> <span class='ocrx_word' id='word_1_225' title='bbox 1656 2373 1735 2408; x_wconf 92' lang='lat' dir='ltr'>tuo</span> <span class='ocrx_word' id='word_1_226' title='bbox 1746 2367 1765 2383; x_wconf 88' lang='lat'>”</span> <span class='ocrx_word' id='word_1_227' title='bbox 1787 2369 1846 2409; x_wconf 92' lang='lat' dir='ltr'>sit</span> 
     </span>
     <span class='ocr_line' id='line_1_32' title="bbox 359 2427 1846 2483; baseline 0.003 -16"><span class='ocrx_word' id='word_1_228' title='bbox 359 2427 477 2480; x_wconf 92' lang='lat' dir='ltr'>quod</span> <span class='ocrx_word' id='word_1_229' title='bbox 493 2427 787 2468; x_wconf 88' lang='lat' dir='ltr'>vindicaverit</span> <span class='ocrx_word' id='word_1_230' title='bbox 802 2434 848 2468; x_wconf 92' lang='lat' dir='ltr'>et</span> <span class='ocrx_word' id='word_1_231' title='bbox 863 2427 1118 2469; x_wconf 87' lang='lat' dir='ltr'>liberaverit</span> <span class='ocrx_word' id='word_1_232' title='bbox 1132 2429 1189 2469; x_wconf 87' lang='lat' dir='ltr'>ab</span> <span class='ocrx_word' id='word_1_233' title='bbox 1203 2428 1374 2470; x_wconf 89' lang='lat' dir='ltr'>inferno</span> <span class='ocrx_word' id='word_1_234' title='bbox 1388 2429 1489 2470; x_wconf 88' lang='lat' dir='ltr'>illos</span> <span class='ocrx_word' id='word_1_235' title='bbox 1505 2431 1577 2483; x_wconf 92' lang='lat' dir='ltr'>qui</span> <span class='ocrx_word' id='word_1_236' title='bbox 1591 2438 1846 2483; x_wconf 88' lang='lat' dir='ltr'>agnoscunt</span> 
     </span>
     <span class='ocr_line' id='line_1_33' title="bbox 360 2489 1845 2546; baseline 0.003 -17"><span class='ocrx_word' id='word_1_237' title='bbox 360 2489 513 2542; x_wconf 90' lang='lat' dir='ltr'>Ipsum</span> <span class='ocrx_word' id='word_1_238' title='bbox 545 2495 592 2530; x_wconf 92' lang='lat' dir='ltr'>et</span> <span class='ocrx_word' id='word_1_239' title='bbox 623 2490 842 2542; x_wconf 91' lang='lat' dir='ltr'>recipiunt</span> <span class='ocrx_word' id='word_1_240' title='bbox 876 2490 1087 2531; x_wconf 89' lang='lat' dir='ltr'>Divinum</span> <span class='ocrx_word' id='word_1_241' title='bbox 1114 2491 1284 2532; x_wconf 90' lang='lat' dir='ltr'>Verum</span> <span class='ocrx_word' id='word_1_242' title='bbox 1313 2492 1370 2532; x_wconf 89' lang='lat' dir='ltr'>ab</span> <span class='ocrx_word' id='word_1_243' title='bbox 1402 2492 1507 2545; x_wconf 90' lang='lat' dir='ltr'>Ipso</span> <span class='ocrx_word' id='word_1_244' title='bbox 1536 2491 1603 2545; x_wconf 93' lang='lat' dir='ltr'>(ut</span> <span class='ocrx_word' id='word_1_245' title='bbox 1630 2507 1774 2546; x_wconf 90' lang='lat' dir='ltr'>supra,</span> <span class='ocrx_word' id='word_1_246' title='bbox 1803 2508 1845 2535; x_wconf 92' lang='lat' dir='ltr'>n.</span> 
     </span>
     <span class='ocr_line' id='line_1_34' title="bbox 361 2550 1846 2607; baseline 0.004 -16"><span class='ocrx_word' id='word_1_247' title='bbox 361 2553 453 2603; x_wconf 88' lang='lat'>328,</span> <span class='ocrx_word' id='word_1_248' title='bbox 479 2550 647 2592; x_wconf 64' lang='lat' dir='ltr'>dictum</span> <span class='ocrx_word' id='word_1_249' title='bbox 674 2551 779 2606; x_wconf 84' lang='lat' dir='ltr'>est).</span> <span class='ocrx_word' id='word_1_250' title='bbox 841 2552 917 2593; x_wconf 92' lang='lat' dir='ltr'>Ad</span> <span class='ocrx_word' id='word_1_251' title='bbox 943 2553 1292 2594; x_wconf 86' lang='lat' dir='ltr'>illustrationem</span> <span class='ocrx_word' id='word_1_252' title='bbox 1314 2554 1441 2607; x_wconf 87' lang='lat' dir='ltr'>hujus</span> <span class='ocrx_word' id='word_1_253' title='bbox 1463 2556 1525 2595; x_wconf 92' lang='lat' dir='ltr'>rei</span> <span class='ocrx_word' id='word_1_254' title='bbox 1547 2555 1682 2596; x_wconf 89' lang='lat' dir='ltr'>velim</span> <span class='ocrx_word' id='word_1_255' title='bbox 1703 2557 1846 2597; x_wconf 89' lang='lat' dir='ltr'>addu-</span> 
     </span>
     <span class='ocr_line' id='line_1_35' title="bbox 358 2614 1847 2668; baseline 0.004 -14"><span class='ocrx_word' id='word_1_256' title='bbox 358 2628 460 2655; x_wconf 92' lang='lat' dir='ltr'>cere</span> <span class='ocrx_word' id='word_1_257' title='bbox 498 2615 731 2668; x_wconf 88' lang='lat' dir='ltr'>sequentia</span> <span class='ocrx_word' id='word_1_258' title='bbox 747 2614 1045 2667; x_wconf 81' lang='lat' dir='ltr'>:—Quoniam</span> <span class='ocrx_word' id='word_1_259' title='bbox 1083 2617 1127 2656; x_wconf 92' lang='lat' dir='ltr'>in</span> <span class='ocrx_word' id='word_1_260' title='bbox 1164 2616 1372 2657; x_wconf 88' lang='lat' dir='ltr'>Ecclesia</span> <span class='ocrx_word' id='word_1_261' title='bbox 1409 2617 1658 2658; x_wconf 88' lang='lat' dir='ltr'>Israelitica</span> <span class='ocrx_word' id='word_1_262' title='bbox 1695 2620 1847 2661; x_wconf 91' lang='lat' dir='ltr'>omnia</span> 
     </span>
     <span class='ocr_line' id='line_1_36' title="bbox 358 2677 1846 2733; baseline 0.003 -17"><span class='ocrx_word' id='word_1_263' title='bbox 358 2691 472 2730; x_wconf 91' lang='lat' dir='ltr'>quae</span> <span class='ocrx_word' id='word_1_264' title='bbox 498 2677 714 2717; x_wconf 89' lang='lat' dir='ltr'>mandata</span> <span class='ocrx_word' id='word_1_265' title='bbox 746 2684 849 2718; x_wconf 91' lang='lat' dir='ltr'>sunt</span> <span class='ocrx_word' id='word_1_266' title='bbox 878 2680 1266 2731; x_wconf 90' lang='lat' dir='ltr'>repraesentativa</span> <span class='ocrx_word' id='word_1_267' title='bbox 1292 2679 1556 2720; x_wconf 88' lang='lat' dir='ltr'>caelestium</span> <span class='ocrx_word' id='word_1_268' title='bbox 1589 2686 1634 2721; x_wconf 94' lang='lat' dir='ltr'>et</span> <span class='ocrx_word' id='word_1_269' title='bbox 1667 2681 1846 2733; x_wconf 89' lang='lat' dir='ltr'>spiritu-</span> 
     </span>
     <span class='ocr_line' id='line_1_37' title="bbox 361 2739 1846 2795; baseline 0.003 -16"><span class='ocrx_word' id='word_1_270' title='bbox 361 2739 497 2780; x_wconf 88' lang='lat' dir='ltr'>alium</span> <span class='ocrx_word' id='word_1_271' title='bbox 523 2745 666 2789; x_wconf 90' lang='lat' dir='ltr'>erant,</span> <span class='ocrx_word' id='word_1_272' title='bbox 695 2746 741 2780; x_wconf 93' lang='lat' dir='ltr'>et</span> <span class='ocrx_word' id='word_1_273' title='bbox 767 2754 823 2780; x_wconf 92' lang='lat' dir='ltr'>ne</span> <span class='ocrx_word' id='word_1_274' title='bbox 855 2740 994 2781; x_wconf 90' lang='lat' dir='ltr'>hilum</span> <span class='ocrx_word' id='word_1_275' title='bbox 1020 2741 1140 2795; x_wconf 92' lang='lat' dir='ltr'>quod</span> <span class='ocrx_word' id='word_1_276' title='bbox 1171 2755 1261 2782; x_wconf 92' lang='lat' dir='ltr'>non</span> <span class='ocrx_word' id='word_1_277' title='bbox 1288 2748 1399 2791; x_wconf 89' lang='lat' dir='ltr'>erat,</span> <span class='ocrx_word' id='word_1_278' title='bbox 1427 2742 1528 2783; x_wconf 91' lang='lat' dir='ltr'>ideo</span> <span class='ocrx_word' id='word_1_279' title='bbox 1554 2743 1691 2783; x_wconf 90' lang='lat' dir='ltr'>etiam</span> <span class='ocrx_word' id='word_1_280' title='bbox 1717 2756 1846 2783; x_wconf 89' lang='lat' dir='ltr'>man-</span> 
     </span>
     <span class='ocr_line' id='line_1_38' title="bbox 361 2802 1847 2857; baseline 0.003 -15"><span class='ocrx_word' id='word_1_281' title='bbox 361 2802 517 2843; x_wconf 91' lang='lat' dir='ltr'>datum</span> <span class='ocrx_word' id='word_1_282' title='bbox 543 2808 626 2852; x_wconf 89' lang='lat' dir='ltr'>est,</span> <span class='ocrx_word' id='word_1_283' title='bbox 655 2815 755 2842; x_wconf 91' lang='lat' dir='ltr'>cum</span> <span class='ocrx_word' id='word_1_284' title='bbox 782 2804 971 2856; x_wconf 90' lang='lat' dir='ltr'>primum</span> <span class='ocrx_word' id='word_1_285' title='bbox 997 2804 1315 2845; x_wconf 89' lang='lat' dir='ltr'>instituebatur</span> <span class='ocrx_word' id='word_1_286' title='bbox 1341 2804 1464 2846; x_wconf 89' lang='lat' dir='ltr'>Cena</span> <span class='ocrx_word' id='word_1_287' title='bbox 1491 2805 1734 2854; x_wconf 88' lang='lat' dir='ltr'>Paschalis,</span> <span class='ocrx_word' id='word_1_288' title='bbox 1841 2830 1847 2857; x_wconf 61' lang='lat'>¹</span> 
     </span>
    </p>

    <p class='ocr_par' dir='ltr' id='par_1_11' title="bbox 425 2893 1847 2936">
     <span class='ocr_line' id='line_1_39' title="bbox 425 2893 1847 2936; baseline 0.002 -12"><span class='ocrx_word' id='word_1_289' title='bbox 425 2893 530 2935; x_wconf 77' lang='lat' dir='ltr'>Quod</span> <span class='ocrx_word' id='word_1_290' title='bbox 547 2899 728 2925; x_wconf 88' lang='lat' dir='ltr'>sumerent</span> <span class='ocrx_word' id='word_1_291' title='bbox 741 2894 784 2925; x_wconf 94' lang='lat' dir='ltr'>de</span> <span class='ocrx_word' id='word_1_292' title='bbox 802 2894 987 2934; x_wconf 88' lang='lat' dir='ltr'>sanguine,</span> <span class='ocrx_word' id='word_1_293' title='bbox 1005 2900 1039 2926; x_wconf 92' lang='lat' dir='ltr'>et</span> <span class='ocrx_word' id='word_1_294' title='bbox 1052 2894 1178 2926; x_wconf 87' lang='lat' dir='ltr'>darent</span> <span class='ocrx_word' id='word_1_295' title='bbox 1191 2904 1299 2935; x_wconf 89' lang='lat' dir='ltr'>super</span> <span class='ocrx_word' id='word_1_296' title='bbox 1311 2895 1401 2927; x_wconf 92' lang='lat' dir='ltr'>duos</span> <span class='ocrx_word' id='word_1_297' title='bbox 1418 2901 1541 2936; x_wconf 91' lang='lat' dir='ltr'>postes</span> <span class='ocrx_word' id='word_1_298' title='bbox 1554 2900 1590 2927; x_wconf 88' lang='lat' dir='ltr'>et</span> <span class='ocrx_word' id='word_1_299' title='bbox 1603 2905 1711 2936; x_wconf 91' lang='lat' dir='ltr'>super</span> <span class='ocrx_word' id='word_1_300' title='bbox 1723 2905 1847 2935; x_wconf 89' lang='lat' dir='ltr'>super-</span> 
     </span>
    </p>
   </div>
   <div class='ocr_carea' id='block_1_11' title="bbox 532 2937 1842 3023">
    <p class='ocr_par' dir='ltr' id='par_1_12' title="bbox 532 2937 1842 3023">
     <span class='ocr_line' id='line_1_40' title="bbox 532 2937 1842 2979; baseline 0.002 -12"><span class='ocrx_word' id='word_1_301' title='bbox 532 2937 706 2974; x_wconf 88' lang='lat' dir='ltr'>liminare,</span> <span class='ocrx_word' id='word_1_302' title='bbox 719 2947 826 2977; x_wconf 84' lang='lat' dir='ltr'>super</span> <span class='ocrx_word' id='word_1_303' title='bbox 834 2938 999 2969; x_wconf 90' lang='lat' dir='ltr'>domibus</span> <span class='ocrx_word' id='word_1_304' title='bbox 1008 2939 1044 2969; x_wconf 92' lang='lat' dir='ltr'>in</span> <span class='ocrx_word' id='word_1_305' title='bbox 1054 2938 1179 2979; x_wconf 89' lang='lat' dir='ltr'>quibus</span> <span class='ocrx_word' id='word_1_306' title='bbox 1190 2939 1419 2970; x_wconf 90' lang='lat' dir='ltr'>comederent</span> <span class='ocrx_word' id='word_1_307' title='bbox 1428 2939 1600 2979; x_wconf 91' lang='lat' dir='ltr'>pecudem</span> <span class='ocrx_word' id='word_1_308' title='bbox 1611 2938 1820 2970; x_wconf 76' lang='lat' dir='ltr'>paschalem</span> <span class='ocrx_word' id='word_1_309' title='bbox 1836 2949 1842 2970; x_wconf 89' lang='lat'>:</span> 
     </span>
     <span class='ocr_line' id='line_1_41' title="bbox 536 2980 1840 3023; baseline 0.002 -12"><span class='ocrx_word' id='word_1_310' title='bbox 536 2983 603 3012; x_wconf 85' lang='lat' dir='ltr'>“et</span> <span class='ocrx_word' id='word_1_311' title='bbox 616 2980 684 3012; x_wconf 90' lang='lat' dir='ltr'>erit</span> <span class='ocrx_word' id='word_1_312' title='bbox 697 2981 843 3021; x_wconf 86' lang='lat' dir='ltr'>sanguis</span> <span class='ocrx_word' id='word_1_313' title='bbox 854 2981 958 3013; x_wconf 92' lang='lat' dir='ltr'>vobis</span> <span class='ocrx_word' id='word_1_314' title='bbox 972 2981 1008 3012; x_wconf 91' lang='lat' dir='ltr'>in</span> <span class='ocrx_word' id='word_1_315' title='bbox 1022 2981 1164 3022; x_wconf 88' lang='lat' dir='ltr'>signum</span> <span class='ocrx_word' id='word_1_316' title='bbox 1179 2991 1286 3022; x_wconf 91' lang='lat' dir='ltr'>super</span> <span class='ocrx_word' id='word_1_317' title='bbox 1296 2982 1472 3021; x_wconf 88' lang='lat' dir='ltr'>domibus,</span> <span class='ocrx_word' id='word_1_318' title='bbox 1486 2982 1546 3014; x_wconf 93' lang='lat' dir='ltr'>ubi</span> <span class='ocrx_word' id='word_1_319' title='bbox 1558 2992 1623 3014; x_wconf 92' lang='lat' dir='ltr'>vos</span> <span class='ocrx_word' id='word_1_320' title='bbox 1638 2991 1645 3021; x_wconf 88' lang='lat'>;</span> <span class='ocrx_word' id='word_1_321' title='bbox 1666 2991 1840 3023; x_wconf 90' lang='lat' dir='ltr'>quumque</span> 
     </span>
    </p>
   </div>
  </div>
 </body>
</html>
