2060 3476
407 365 426 409 5
435 357 486 409 58
818 365 1152 401 APOCALYPSIS
1183 368 1483 402 EXPLICATA.

403 491 494 519 non
526 478 836 532 significantur
863 481 949 522 tria
979 481 1059 522 sed
1091 481 1355 536 plenarium,
1383 482 1447 524 ita
1472 481 1592 536 quod
1623 494 1728 523 vera
1759 481 1892 536 plane

401 540 632 583 destructa
663 543 766 584 sint.
843 542 959 597 Quia
990 557 1129 587 cornu
1159 544 1269 586 illud
1301 544 1527 598 significat
1558 544 1892 598 perversionem

401 603 541 645 Verbi
573 606 721 659 quoad
755 619 935 663 sensum
973 606 1153 648 litterae
1185 607 1291 660 ejus,
1325 613 1372 648 et
1409 607 1481 648 hic
1514 621 1671 648 sensus
1703 612 1892 660 apparet

401 679 552 708 coram
575 667 717 709 oculis
739 668 973 710 hominum
996 670 1110 711 sicut
1133 671 1196 711 ita
1218 676 1264 711 et
1288 683 1378 711 non
1401 669 1533 718 aliter
1552 668 1890 722 intelligendus,

399 730 464 771 ita
496 745 522 772 a
559 732 738 773 nemine
770 733 1164 782 contradicendus‚
1198 733 1301 774 ideo
1333 733 1494 774 dicitur
1525 733 1581 774 de
1613 746 1751 774 cornu
1787 731 1888 779 hoc,

399 792 519 844 quod
537 792 684 833 “oculi
699 793 814 834 sicut
830 793 948 834 oculi
963 793 1158 834 hominis
1173 794 1216 834 in
1231 793 1323 842 illo,
1340 799 1387 835 et
1402 807 1452 834 os
1470 793 1659 847 loquens
1674 805 1840 846 magna
1857 788 1891 843 ;''

402 854 573 896 “oculi'’
587 855 844 909 significant
863 854 1160 905 intellectum,
1178 862 1224 898 et
1243 856 1390 898 “oculi
1408 857 1523 897 sicut
1537 855 1655 898 oculi
1672 855 1890 898 hominis”

398 914 681 957 intellectum
704 918 819 958 sicut
842 918 948 965 veri,
968 923 1014 958 et
1041 921 1128 958 “os
1141 916 1160 932 ’'
1183 917 1408 971 significat
1431 918 1534 959 inde
1557 917 1887 971 cogitationem

398 983 444 1017 et
472 976 711 1030 loquelam.
774 977 848 1018 Ex
872 977 940 1018 his
963 985 1079 1019 nunc
1103 978 1243 1019 videri
1265 985 1418 1032 potest
1441 978 1547 1032 quid
1570 992 1648 1032 per
1669 978 1820 1019 omnia
1843 983 1889 1018 et

398 1037 576 1091 singula
598 1038 656 1078 ibi
678 1038 960 1091 intelligitur,
986 1045 1034 1080 ut
1057 1039 1161 1092 quid
1184 1052 1263 1092 per
1285 1039 1404 1093 quod
1430 1039 1615 1080 “bestia
1637 1038 1888 1080 ascendens

397 1111 456 1138 ex
489 1099 614 1147 mari,
648 1100 716 1140 cui
748 1099 907 1140 decem
939 1112 1106 1140 cornua
1138 1106 1184 1141 et
1216 1099 1378 1141 dentes
1414 1099 1527 1148 ferri,
1561 1099 1810 1141 comederit
1842 1105 1888 1140 et

397 1159 701 1208 contriverit,’'
723 1173 802 1213 per
823 1159 942 1214 quod
969 1156 1146 1201 “cornu
1167 1174 1353 1215 parvum
1376 1161 1631 1201 ascenderit
1657 1161 1774 1201 inter
1795 1159 1886 1208 illa,

397 1233 549 1260 coram
581 1234 669 1274 quo
706 1221 792 1262 tria
827 1221 883 1262 de
915 1221 1124 1262 cornibus
1155 1221 1385 1263 eradicata
1416 1227 1535 1270 sunt,
1568 1221 1612 1262 in
1644 1235 1733 1275 quo
1770 1221 1887 1262 oculi

397 1281 511 1322 sicut
545 1281 662 1322 oculi
700 1281 908 1331 hominis,
942 1288 989 1323 et
1027 1296 1077 1323 os
1115 1282 1304 1336 loquens
1335 1282 1543 1336 magna,'’
1574 1288 1620 1323 et
1658 1295 1737 1335 per
1767 1281 1887 1335 quod

399 1342 604 1385 “faceret
631 1343 799 1385 bellum
826 1343 934 1385 cum*
954 1343 1121 1386 sanctis
1147 1351 1193 1386 et
1221 1344 1547 1398 praevaluisset
1574 1344 1677 1393 eis,”
1699 1350 1746 1385 et
1768 1343 1887 1398 quod

399 1403 695 1458 “loqueretur
721 1405 858 1446 verba
884 1411 1045 1446 contra
1072 1404 1401 1454 Altissimum,’'
1427 1411 1473 1447 et
1502 1405 1622 1460 quod
1651 1404 1888 1447 “cornua''
1950 1447 1958 1453 ,

988 1465 1007 1481 2)

395 1465 590 1506 totidem
617 1472 772 1507 essent
800 1469 982 1519 “reges.
1067 1465 1205 1520 Apud
1231 1466 1439 1515 eundem,

463 1554 575 1587 “Vidi
599 1555 636 1586 in
653 1555 807 1588 visione.
823 1580 830 1588 .
844 1580 852 1588 .
866 1556 1029 1588 ‚arietem
1046 1565 1157 1587 unum
1162 1580 1255 1594 .....
1262 1556 1317 1588 cui
1341 1556 1412 1588 duo
1435 1565 1580 1594 cornua,
1601 1563 1636 1588 et
1652 1565 1785 1588 cornua
1801 1555 1884 1593 alta,

567 1609 677 1631 unum
692 1605 812 1630 tamen
826 1599 930 1631 altius
945 1599 1067 1637 altero,
1084 1600 1146 1630 sed
1163 1599 1274 1631 altum
1288 1599 1496 1631 ascenderat
1513 1599 1691 1640 posterius
1706 1609 1713 1637 ;
1737 1598 1887 1631 feriebat

567 1652 692 1674 versus
717 1643 951 1681 occidentem,
979 1643 1259 1683 septentrionem
1285 1649 1320 1674 et
1347 1643 1543 1675 meridiem.
1599 1668 1628 1675 ..
1643 1667 1650 1675 .
1665 1642 1782 1675 .Tunc
1806 1651 1886 1674 ecce

568 1686 686 1718 hircus
703 1696 889 1727 caprarum
903 1686 1002 1718 venit
1018 1687 1064 1718 ab
1081 1687 1265 1718 occidente
1283 1697 1389 1727 super
1402 1687 1511 1718 facies
1529 1687 1646 1718 omnis
1664 1692 1778 1718 terrae
1791 1695 1815 1725 ς.
1830 1711 1838 1718 .
1851 1710 1858 1718 .
1873 1710 1881 1718 .

567 1730 647 1763 huic
663 1739 774 1761 cornu
790 1728 956 1770 aspectus
974 1730 1066 1762 inter
1077 1731 1198 1762 oculos
1215 1729 1292 1770 ejus
1306 1741 1330 1762 ε.
1345 1755 1352 1763 .
1367 1755 1374 1762 .
1389 1731 1460 1762 ,hie
1471 1731 1623 1762 cucurrit
1634 1739 1712 1762 cum
1724 1729 1834 1761 ariete
1849 1729 1884 1761 in

567 1773 686 1805 furore
703 1774 841 1805 roboris
855 1774 909 1805 sui
913 1798 1004 1811 .....
1013 1779 1048 1805 et
1065 1773 1170 1814 fregit
1183 1774 1253 1805 duo
1267 1783 1400 1805 cornua
1413 1773 1490 1814 ejus
1494 1798 1586 1812 .....
1594 1779 1629 1805 et
1642 1773 1792 1814 projecit
1804 1782 1885 1805 eum

567 1817 603 1848 in
621 1823 764 1855 terram,
784 1823 819 1849 et
835 1817 1056 1849 conculcavit
1072 1827 1153 1849 eum
1167 1829 1191 1850 :.
1205 1842 1213 1850 .
1228 1842 1235 1850 .
1250 1818 1328 1849 .sed
1348 1816 1499 1849 fractum
1517 1823 1572 1849 est
1588 1827 1700 1849 cornu
1716 1825 1885 1858 magnum

566 1861 664 1899 hirci,
680 1867 716 1892 et
732 1861 970 1893 ascenderunt
983 1867 1134 1902 quatuor
1150 1861 1230 1892 loco
1247 1861 1335 1902 ejus,
1351 1861 1451 1902 juxta
1464 1867 1615 1903 quatuor
1627 1867 1755 1893 ventos
1772 1860 1886 1893 caelo-

567 1914 664 1937 rum:
691 1914 775 1936 mox
798 1914 842 1936 ex
866 1914 938 1936 uno
955 1905 998 1936 de
1022 1905 1093 1936 illis
1115 1905 1224 1936 exivit
1248 1914 1358 1936 cornu
1375 1914 1485 1936 unum
1502 1905 1546 1936 de
1563 1905 1702 1945 exiguo,
1723 1909 1759 1936 et
1775 1903 1885 1936 crevit

566 1948 668 1980 valde
686 1958 811 1980 versus
828 1948 1023 1986 meridiem,
1043 1954 1079 1980 et
1096 1958 1221 1980 versus
1245 1954 1361 1979 ortum
1386 1954 1422 1980 et
1437 1958 1562 1980 versus
1578 1948 1696 1986 decus,
1717 1953 1752 1979 et
1774 1947 1885 1979 crevit

566 2001 677 2033 usque
693 1992 738 2023 ad
755 1992 948 2024 exercitum
965 1992 1155 2030 caelorum,
1169 1997 1204 2024 et
1220 1991 1349 2032 dejecit
1366 1992 1401 2024 in
1419 1998 1549 2024 terram
1566 1992 1610 2023 de
1626 1991 1793 2030 exercitu,
1804 2015 1812 2023 .
1826 2015 1833 2023 .
1847 2015 1855 2022 .
1870 2015 1877 2022 .

566 2041 601 2067 et
620 2036 840 2067 conculcavit
859 2045 912 2073 ea,
933 2036 1043 2067 immo
1063 2045 1174 2076 usque
1194 2036 1238 2067 ad
1265 2035 1466 2076 Principem
1486 2035 1660 2066 exercitus
1680 2044 1718 2066 se
1738 2034 1883 2072 extulit:

572 2104 579 2111 .
595 2103 602 2111 .
616 2103 623 2111 .
638 2085 689 2111 .et
715 2077 913 2119 projectum
943 2085 997 2111 est
1024 2078 1263 2111 habitaculum
1293 2077 1486 2111 sanctuarii
1512 2078 1609 2119 Ejus,
1629 2078 1712 2119 quia
1734 2077 1884 2119 projecit

565 2123 750 2154 veritatem
768 2123 803 2154 in
822 2129 951 2154 terram
964 2122 982 2135 ”
998 2122 1083 2163 (viii.
1099 2120 1229 2161 [¹12-12,
1245 2131 1297 2161 21,
1313 2122 1387 2163 25):

391 2203 461 2245 hic
489 2204 755 2245 describitur
780 2204 973 2245 alterum
997 2205 1118 2258 quod
1143 2211 1295 2246 vast-at
1322 2204 1575 2254 ecclesiam,
1600 2217 1764 2258 nempe
1786 2204 1884 2245 sola

391 2263 514 2305 fides.
598 2264 680 2305 Per
723 2267 748 2285 ‘¹
765 2266 953 2305 arietem
970 2265 988 2280 ’'
1030 2265 1308 2321 significatur
1348 2266 1516 2306 bonum
1558 2265 1795 2306 charitatis
1835 2270 1883 2306 et

390 2325 494 2375 inde
520 2324 645 2374 fides,
673 2331 719 2366 et
746 2339 825 2379 per
850 2325 1060 2366 “hircum
1073 2325 1092 2341 ’'
1117 2325 1227 2367 fides
1254 2333 1463 2380 separata
1489 2340 1515 2367 a
1541 2326 1780 2375 charitate,
1805 2338 1884 2366 seu

391 2385 489 2426 sola
511 2385 634 2434 fides,
654 2399 731 2440 seu
753 2386 872 2439 quod
894 2387 1027 2435 idem,
1052 2386 1115 2427 illi
1137 2387 1209 2440 qui
1232 2388 1275 2427 in
1299 2388 1361 2428 eis
1384 2393 1514 2428 sunt:
1549 2401 1627 2440 per
1645 2390 1851 2427 “cornua
1864 2385 1884 2402 ''

391 2459 544 2487 eorum
562 2446 872 2499 significantur
888 2461 994 2487 vera
1012 2461 1071 2488 ex
1094 2447 1215 2488 bono
1237 2454 1284 2488 et
1306 2447 1419 2488 falsa
1441 2462 1500 2489 ex
1518 2447 1653 2496 malo,
1673 2459 1883 2500 pugnan-

390 2510 453 2550 tia
470 2523 479 2560 ;
513 2523 619 2550 vera
641 2524 700 2550 ex
718 2510 840 2550 bono
859 2524 937 2563 per
957 2514 980 2530 ‘⁴
996 2523 1164 2551 cornua
1186 2511 1378 2559 arietis‚'’
1395 2517 1442 2552 et
1459 2510 1572 2552 falsa
1589 2524 1648 2552 ex
1667 2510 1788 2551 malo
1804 2523 1884 2564 per

393 2576 598 2612 “cornua
630 2571 739 2612 hirci
757 2572 792 2612 :'’
818 2586 897 2625 per
921 2573 1042 2626 quod
1074 2573 1202 2613 arieti
1233 2573 1394 2614 fuerint
1423 2573 1550 2614 “duo
1576 2586 1744 2613 cornu-a
1771 2572 1880 2621 alta,

389 2645 524 2672 unum
552 2631 686 2673 altius
712 2633 871 2682 altero,
900 2640 946 2674 et
979 2633 1113 2674 altius
1139 2634 1391 2675 ascendens
1423 2633 1686 2687 posterius,'’
1712 2632 1881 2686 signifi-

389 2699 702 2742 catur-verum
740 2693 842 2734 fidei
879 2708 939 2735 ex
975 2694 1097 2735 bono
1129 2694 1392 2746 charitatis;
1437 2701 1483 2736 et
1517 2694 1603 2735 hoc
1635 2695 1779 2735 visum
1810 2700 1881 2735 est

388 2754 636 2794 secundum
656 2754 874 2795 influxum
893 2755 999 2795 boni
1021 2761 1068 2796 et
1085 2756 1178 2796 veri
1201 2755 1319 2808 apud
1342 2755 1574 2796 hominem
1591 2761 1637 2796 et
1660 2755 1878 2808 spiritum,

388 2827 522 2855 omne
540 2815 659 2855 enim
682 2814 850 2855 bonum
868 2816 1081 2869 recipitur
1103 2817 1339 2869 posterius,
1359 2822 1405 2857 et
1424 2829 1559 2857 omne
1576 2828 1730 2856 verum
1748 2821 1880 2856 ante-

386 2877 490 2926 rius,
529 2878 741 2930 quoniam
779 2878 1054 2919 cerebellum
1091 2879 1334 2920 formatum
1371 2885 1442 2920 est
1479 2879 1536 2919 ad
1573 2878 1878 2932 recipiendum

386 2937 554 2978 bonum
573 2938 693 2991 quod
711 2938 974 2988 voluntatis,
994 2953 1046 2980 ac
1068 2939 1298 2980 cerebrum
1322 2939 1380 2980 ad
1401 2939 1706 2992 recipiendum
1724 2951 1878 2980 verum

386 2998 506 3052 quod
530 2997 814 3040 intellectus:
843 3013 921 3053 per
943 3000 1283 3058 “occidentem,
1304 3001 1662 3054 septentrionem
1680 3005 1726 3042 et
1745 3000 1877 3041 meri-
