2060 3476
246 320 333 372 426
663 329 996 364 APOCALYPSIS
1026 331 1326 364 EXPLICATA.

250 448 346 483 tum
372 441 448 497 (de
470 457 556 496 qua
577 457 724 497 supra,
743 457 784 484 n.
812 442 897 498 55).
958 444 1067 485 Vox
1089 458 1203 498 quae
1225 458 1249 484 e
1271 442 1399 484 caelo
1421 442 1597 484 auditur
1618 442 1735 497 apud

249 503 352 545 illos
378 506 451 558 qui
482 506 526 545 in
552 506 710 558 spiritu
736 512 854 554 sunt,
883 506 1061 546 auditur
1086 505 1223 546 solito
1249 506 1363 546 sicut
1389 518 1482 545 vox
1513 504 1734 554 humana;

251 566 331 607 sed
353 566 472 620 quod
494 568 646 608 “sicut
670 567 779 608 tuba
802 567 1029 621 loquenS‚”
1047 574 1143 608 erat
1166 568 1268 621 quia
1290 566 1409 607 clare
1431 572 1478 608 et
1500 566 1736 608 manifeste

251 635 514 681 perceptum
537 635 633 670 erat
660 629 717 670 ab
742 629 944 682 angelis;
975 635 1022 670 et
1049 629 1169 682 quod
1200 629 1320 670 clare
1346 634 1391 669 et
1418 624 1654 669 manifeste
1680 629 1737 669 ab

250 690 337 731 illis
360 692 615 744 percipitur,
635 691 720 732 hoc
739 693 862 733 cadit
879 705 1040 732 sonore
1061 693 1104 732 in
1122 692 1324 732 auditum
1342 691 1522 744 spiritus
1540 704 1548 730 :
1581 697 1628 732 et
1650 690 1736 731 hoc

250 751 416 793 faetum
442 759 511 794 est
538 753 656 807 apud
680 753 949 806 Johannem,
974 760 1023 794 ut
1050 754 1275 794 excitaret
1302 752 1395 805 ejus
1416 753 1734 800 attentionem,

251 820 297 855 et
324 815 427 855 inde
449 815 609 863 visum,
638 829 693 856 ne
719 815 887 869 aliquid
913 816 952 855 ei
983 816 1027 855 in
1054 815 1245 856 obscuro
1271 821 1405 855 esset.
1469 813 1569 855 Hoc
1601 813 1736 856 intel-

251 875 405 930 ligitur
429 891 508 930 per
536 880 731 918 “vocem
757 877 893 918 tubae
906 876 925 892 ”
951 877 1090 918 etiam
1115 876 1213 917 aliis
1239 877 1283 917 in
1310 875 1420 917 locis

315 965 379 1006 (Ut
395 966 525 999 Matth.
542 967 636 999 xxiv.
653 975 692 1005 31
707 977 714 999 :
750 966 848 998 Sach.
866 966 911 998 ix.
931 974 992 1005 14:
1025 966 1158 998 Psalm.
1175 965 1271 997 xlvii.
1284 965 1304 996 6
1319 963 1379 1007 [B.
1393 965 1439 997 A.
1456 962 1490 1006 5]
1505 975 1511 997 :
1547 965 1649 1006 Apoc.
1663 965 1735 997 viii.

425 1019 455 1048 2,
469 1018 498 1049 7,
514 1011 544 1048 8,
561 1019 620 1049 13;
644 1020 720 1050 cap.
738 1010 784 1042 ix.
802 1018 831 1048 1,
850 1018 900 1049 13,
919 1018 978 1049 14;
1003 1019 1078 1050 cap.
1095 1019 1128 1041 x.
1146 1017 1164 1048 7
1180 1018 1187 1047 ;
1212 1019 1287 1049 cap.
1304 1009 1400 1040 xviii.
1418 1016 1478 1040 22:
1504 1014 1539 1039 et
1555 1008 1661 1049 alibi).

330 1097 462 1149 263.
500 1096 710 1142 “Bt'cebm‘,
732 1095 917 1137 Ascendo
939 1094 1253 1148 hu0.''-Quod
1283 1093 1506 1147 significet
1529 1094 1737 1135 elevatio·
1760 1094 1766 1099 '

252 1171 347 1198 nem
377 1157 533 1198 mentis
563 1164 606 1198 et
634 1157 926 1206 attentionem,
961 1163 1142 1198 constat
1175 1171 1233 1197 ex
1266 1155 1595 1209 significatione
1629 1159 1737 1196 “as-

251 1219 482 1268 cendere,''
520 1232 621 1260 cum
658 1219 714 1260 de
751 1219 980 1260 auditione
1017 1233 1043 1260 a
1080 1219 1258 1267 Divino,
1292 1218 1412 1272 quod
1448 1218 1506 1259 sit
1543 1217 1738 1260 elevatio

251 1280 418 1321 mentis
447 1290 502 1329 (de
521 1299 586 1328 qua
603 1299 634 1321 n.
654 1293 744 1329 3084.
764 1298 853 1328 4539,
873 1291 963 1328 4969,
983 1291 1072 1328 5406,
1093 1292 1181 1328 5817,
1201 1290 1295 1331 6007)
1313 1293 1321 1329 ;
1358 1278 1479 1332 quod
1509 1278 1648 1319 etiam
1679 1278 1738 1319 Sit

251 1341 463 1389 attentio,
492 1347 562 1381 est
594 1341 696 1394 quia
728 1353 828 1381 cum
861 1340 1065 1381 elevatur
1095 1353 1236 1389 mens,
1270 1339 1319 1380 fit
1351 1339 1561 1380 attentio.
1623 1337 1738 1380 Sunt

250 1403 368 1444 enim
399 1403 570 1443 homini
596 1403 744 1456 quoad
777 1403 1105 1456 cogitationem
1137 1408 1183 1443 et
1209 1401 1495 1442 voluntatem
1526 1401 1738 1442 interiora

251 1471 296 1505 et
323 1464 577 1506 exteriora:
625 1464 839 1506 interiora
883 1470 987 1505 sunt
1032 1464 1109 1505 illa
1153 1477 1267 1517 quae
1317 1464 1481 1504 interni
1527 1462 1735 1511 hominis,

250 1527 480 1568 exteriora
517 1533 621 1568 sunt
654 1541 768 1581 quae
799 1528 1005 1568 externi:
1048 1527 1262 1568 interiora
1292 1539 1406 1579 quae
1438 1531 1542 1566 sunt
1574 1525 1738 1566 interni

250 1588 444 1630 hominis
471 1596 575 1630 sunt
602 1590 646 1630 in
673 1589 840 1630 mundo
867 1589 1113 1643 spirituali3
1147 1602 1281 1643 quare
1307 1587 1384 1629 illa
1409 1601 1522 1642 quae
1548 1584 1607 1628 ibi
1633 1593 1737 1628 sunt

249 1651 497 1704 spiritualia
514 1666 523 1702 ;
551 1652 780 1692 exteriora
797 1657 964 1700 autem,
981 1665 1058 1692 seu
1076 1665 1189 1704 quae
1208 1656 1311 1691 sunt
1330 1650 1509 1691 externi
1526 1648 1735 1696 hominis,

248 1719 353 1754 sunt
371 1714 415 1754 in
433 1714 601 1755 mundo
620 1714 827 1763 naturali,
848 1720 894 1755 et
917 1713 993 1754 illa
1011 1727 1124 1768 quae
1146 1713 1205 1754 ibi
1223 1718 1327 1754 sunt
1345 1711 1590 1754 naturalia:
1624 1711 1736 1752 haec

247 1776 350 1829 quia
375 1782 480 1817 sunt
506 1777 734 1817 exteriora
759 1782 806 1817 et
832 1775 910 1817 illa
934 1777 1161 1824 interiora,
1189 1775 1291 1816 ideo
1317 1788 1395 1828 per
1423 1773 1704 1815 “ascendere
1717 1772 1737 1788 ’'

247 1837 526 1890 significatur
554 1838 750 1879 elevatio
781 1852 934 1879 versus
966 1838 1192 1886 interiora,
1221 1851 1297 1878 seu
1329 1836 1525 1877 elevatio
1556 1836 1733 1876 mentis.

248 1899 326 1937 (Sed
341 1901 381 1929 de
395 1900 455 1929 hac
470 1901 644 1930 elevatione
659 1901 824 1929 videantur
837 1909 919 1938 quae
933 1901 965 1929 in
982 1909 1077 1938 opere
1093 1901 1143 1929 De
1159 1900 1248 1929 Caelo
1260 1903 1290 1928 et
1303 1900 1441 1938 Inferna,
1454 1907 1485 1928 n.
1501 1907 1550 1935 33,
1565 1906 1614 1935 34.
1626 1898 1675 1935 38,
1687 1907 1735 1935 92,

245 1953 315 1982 499.
327 1952 396 1982 501.
412 1949 538 1974 ostensa
551 1949 640 1980 sunt:
663 1950 695 1975 et
709 1945 741 1974 in
757 1946 916 1974 Doc‘trina
930 1946 1040 1975 Novae
1054 1945 1301 1982 Hierosolymae,
1317 1953 1348 1973 n.
1361 1943 1485 1981 36-53.)

324 1994 456 2048 264.
495 1992 574 2034 “ft
594 1994 803 2034 ostendam
823 1993 896 2034 tibi
914 2006 1018 2047 quae
1043 1996 1202 2046 opor-m
1222 1992 1315 2032 fier-i
1327 1989 1733 2044 posthac.''—Quod

234 2053 469 2106 >significet
492 2054 822 2095 instrudionem
843 2054 896 2094 de
915 2054 1007 2095 illis
1025 2068 1135 2107 quae
1157 2052 1307 2094 ultimo
1330 2057 1521 2104 tempore
1539 2050 1736 2091 ecclesiae

244 2116 445 2164 existent,
480 2122 663 2156 constat
700 2130 759 2156 ex
797 2115 1126 2168 significatione
1166 2113 1483 2162 “ostendere,”
1520 2112 1640 2166 quod
1675 2113 1735 2153 sit

244 2178 465 2219 instruere
491 2178 548 2235 ad
574 2179 725 2218 vivum
754 2177 831 2231 (de
853 2192 940 2234 qua
965 2176 1213 2231 sequitur);
1246 2182 1292 2217 et
1318 2190 1378 2216 ex
1404 2174 1734 2228 significatione

248 2243 399 2293 “quae
426 2246 609 2293 oportet
635 2239 728 2280 fieri
754 2238 988 2293 posthac‚'’
1010 2239 1129 2293 quod
1156 2240 1213 2280 sit
1239 2252 1351 2292 quae
1378 2237 1604 2279 exstitura
1629 2242 1734 2277 sunt

245 2301 405 2360 ultimo
428 2308 633 2355 tempore
656 2302 886 2343 ecclesiae.
950 2300 1083 2354 Quod
1105 2301 1182 2342 illa
1204 2300 1525 2354 significentur,
1544 2305 1615 2340 est
1633 2299 1736 2352 quia

244 2364 290 2404 in
314 2377 430 2404 nunc
453 2364 745 2417 sequentibus
767 2365 917 2417 agitur
939 2364 995 2404 de
1020 2369 1146 2404 statu
1168 2362 1281 2404 caeli
1307 2368 1353 2403 et
1380 2361 1598 2403 ecclesiae
1624 2373 1734 2402 mox

245 2432 352 2466 ante
379 2425 586 2466 ultimum
608 2425 836 2478 judicium,
865 2432 911 2466 et
942 2431 1104 2479 postea
1129 2425 1185 2465 de
1216 2425 1313 2478 ipso
1334 2423 1527 2477 judicio;
1560 2429 1607 2464 et
1633 2423 1736 2477 quia

245 2487 331 2528 hoc
355 2488 630 2528 exstiturum
653 2494 749 2528 erat
768 2488 948 2541 quando
971 2486 1069 2527 finis
1092 2486 1309 2528 ecclesiae
1332 2492 1416 2535 est,
1435 2485 1537 2527 ideo
1559 2499 1637 2539 per
1657 2484 1735 2526 illa

245 2546 560 2600 significantur
575 2561 689 2601 quae
707 2548 936 2588 exstitura
950 2547 1112 2588 ultimo
1130 2553 1338 2600 tempore
1353 2545 1590 2587 ecclesiae.
1624 2555 1737 2594 (Quod

244 2608 391 2637 ultimum
408 2608 563 2646 judicium
586 2609 697 2638 existat
718 2610 848 2646 quando
870 2608 940 2638 finis
961 2608 1112 2638 ecclesiae
1133 2612 1188 2641 est,
1211 2612 1243 2637 et
1257 2608 1345 2645 quod
1365 2607 1524 2642 exstiterit,
1539 2607 1684 2636 videatur
1703 2607 1735 2636 in

245 2658 402 2695 opusculo
415 2659 466 2686 De
484 2658 600 2687 Ultimo
615 2658 757 2698 Judicio,
771 2668 802 2688 n.
818 2667 928 2696 33—39,
942 2662 973 2687 et
984 2658 1110 2696 45—52.)
1163 2644 1299 2699 Quod
1319 2650 1344 2667 “
1358 2646 1600 2686 OStendam
1618 2646 1701 2686 tibi
1714 2645 1734 2660 ”

247 2708 472 2762 significet
503 2707 847 2750 instruGtionem
873 2709 931 2749 ad
962 2710 1112 2750 vivum
1139 2708 1194 2749 de
1225 2707 1326 2756 illis,
1354 2714 1424 2749 est
1449 2708 1553 2761 quia
1584 2708 1734 2748 omnia

246 2786 361 2826 quae
384 2778 569 2812 ostensa
595 2778 698 2813 sunt
722 2773 959 2813 continent
985 2771 1089 2822 illa3
1122 2770 1269 2812 latent
1292 2771 1410 2812 enim
1432 2770 1667 2811 recondita
1688 2770 1732 2811 in

245 2835 642 2888 repraesentativis
669 2835 713 2875 in
739 2835 779 2875 A
783 2834 1016 2888 pocahtpsz'
1036 2834 1287 2887 descriptis,
1315 2840 1363 2874 at
1393 2840 1553 2887 patent
1580 2846 1731 2875 coram

246 2897 434 2951 angelis,
456 2904 502 2939 et
525 2912 700 2952 quoque
723 2911 874 2939 coram
897 2897 1152 2939 hominibus
1174 2898 1247 2951 qui
1270 2898 1415 2938 sciunt
1440 2909 1619 2938 sensum
1641 2896 1730 2949 spi-

245 2961 454 3003 ritualem
481 2961 635 3002 Verbi.
