2060 3476
293 327 352 372 74
708 322 1041 357 APOCALYPSIS
1071 322 1371 355 EXPLICATA.

294 440 413 494 apud
441 439 679 488 Davidem,

358 529 520 572 Jehovah
541 530 563 543 ‘¹
576 526 721 560 [¹]mittit
734 528 882 559 verbum
900 536 1004 558 suum
1021 525 1058 558 in
1076 532 1207 558 terram
1211 550 1304 564 .....
1311 525 1372 558 dat
1389 524 1508 558 nivem
1532 525 1621 558 sicut
1637 525 1756 558 lanam
1765 524 1784 537 ”

466 573 611 613 (Psalm.
627 572 744 604 cxlvii.
763 579 814 610 15,
833 571 907 608 16);

293 655 340 690 et
367 649 485 702 apud
510 647 714 696 Esaiam,

362 733 385 746 ⁴⁴
396 731 432 763 Si
449 731 580 763 fuerint
597 736 742 771 peccata
760 735 879 761 vestra
895 730 985 761 sicut
1001 729 1166 770 dibapha,
1183 735 1354 770 tanquam
1372 728 1433 760 nix
1450 728 1634 760 albescent
1649 738 1655 767 ;
1682 728 1712 760 si
1729 738 1786 759 ru-

467 776 531 806 bra
547 775 678 806 fuerint
695 774 786 806 sicut
802 783 969 814 purpura,
988 779 1158 815 tanquam
1174 773 1258 804 lana
1273 779 1378 804 erunt
1388 771 1406 784 ''
1423 772 1459 812 (i.
1478 772 1552 812 18);

294 864 414 918 quod
439 862 588 904 “nix’'
606 863 781 904 dicatur
802 862 858 903 de
880 861 1080 916 peccatis
1101 875 1215 916 quae
1236 861 1412 902 fuerunt
1435 861 1549 902 sicut
1573 859 1783 914 dibapha,

295 934 341 969 et
376 926 549 967 “lana'’
581 926 637 967 de
668 925 869 979 peccatis
905 921 1020 978 quae'
1054 923 1231 965 fuerunt
1262 923 1394 965 rubra
1425 924 1539 964 sicut
1577 937 1783 977 purpura,

296 997 366 1032 est
389 991 491 1044 quia
516 988 782 1042 “dibapha’'
807 987 1062 1041 significant
1085 1000 1239 1028 verum
1262 1001 1321 1027 ex
1343 986 1479 1033 bono,
1503 992 1549 1027 et
1575 987 1620 1027 in
1643 1000 1785 1040 oppo-

296 1055 385 1095 sito
426 1067 559 1094 sensu
599 1052 759 1093 falsum
801 1065 861 1092 ex
898 1051 1019 1092 malo
1055 1060 1101 1099 (n.
1119 1070 1209 1099 4922,
1228 1060 1337 1099 9468),
1370 1063 1422 1091 ac
1457 1049 1707 1091 “rubrum'’
1739 1056 1785 1091 et

299 1115 560 1171 “purpura”
596 1115 779 1164 bonum,
817 1120 864 1156 et
905 1115 949 1155 in
991 1102 1206 1168 opposito
1249 1126 1384 1154 sensu
1423 1112 1591 1154 malum
1641 1114 1787 1170 omnis

296 1179 473 1233 generis
501 1189 545 1225 (n.
562 1186 685 1225 [213300,
701 1188 790 1225 9467,
807 1185 949 1225 [⁸19865).

376 1243 474 1285 68.
513 1242 591 1283 “Et
604 1241 719 1282 oculi
737 1241 865 1294 Ipsius
883 1241 994 1282 siout
1011 1240 1171 1280 namma
1193 1239 1538 1294 lqnis.'¹—Quod
1560 1239 1786 1293 significet

296 1305 510 1346 Divinam
530 1303 867 1345 Providentiam
887 1317 942 1344 ex
961 1301 1128 1344 Divino
1146 1301 1316 1343 Amore
1335 1301 1501 1354 Ipsius,
1521 1307 1704 1342 constat
1727 1315 1786 1342 ex

297 1367 627 1421 significatione
661 1365 971 1414 “oculorum,'’
1002 1365 1122 1419 quod
1164 1366 1254 1406 sint
1295 1363 1554 1406 intellecims
1589 1363 1664 1418 (de
1700 1378 1788 1418 qua

298 1445 443 1485 supra,
473 1444 513 1471 n.
544 1430 631 1484 37),
659 1436 705 1471 et
733 1442 834 1470 cum
861 1429 916 1470 de
943 1428 1154 1477 Domino,
1182 1427 1303 1482 quod
1329 1428 1417 1468 sint
1445 1428 1715 1481 praesentia,
1740 1434 1786 1468 et

297 1495 400 1534 inde
424 1493 707 1547 providentia
730 1502 774 1541 (n.
791 1503 879 1540 3869.
897 1501 1024 1540 10569),
1046 1491 1102 1532 de
1125 1505 1212 1544 qua
1233 1491 1459 1544 sequitur3
1496 1497 1542 1531 et
1565 1505 1624 1531 ex
1647 1491 1786 1543 signi-

298 1557 507 1598 ficatione
525 1560 550 1577 “
563 1555 768 1596 flammae
783 1553 939 1608 ignis,''
957 1553 1090 1608 quod,
1107 1566 1208 1594 curn
1227 1553 1282 1594 de
1298 1553 1508 1602 Domino,
1524 1554 1583 1594 sit
1599 1553 1788 1593 Divinus

299 1620 457 1661 Amor.
520 1618 666 1660 Causa
688 1617 807 1671 quod
833 1616 1051 1657 “flamma
1073 1616 1219 1670 ignis”
1242 1617 1298 1656 sit
1324 1615 1511 1656 Divinus
1534 1615 1692 1665 Amor,
1717 1622 1786 1657 est

298 1684 401 1737 quia
433 1682 654 1723 Dominus
686 1696 709 1722 e
741 1679 869 1721 caelo
900 1687 1089 1733 apparet
1122 1686 1170 1720 ut
1209 1678 1301 1727 Sol,
1335 1685 1381 1720 et
1424 1679 1636 1720 Divinum
1667 1681 1788 1734 quod

299 1746 503 1800 procedit
522 1745 579 1786 ab
602 1744 707 1798 Ipso
734 1750 782 1784 ut
806 1742 900 1790 lux,
920 1742 1128 1783 flammea
1145 1743 1188 1783 in
1206 1742 1367 1782 intimo
1385 1755 1462 1782 seu
1484 1743 1622 1783 tertio
1644 1742 1785 1791 caelo,

298 1817 344 1850 et
368 1808 560 1850 candida
583 1808 625 1848 in
650 1807 798 1847 medio
821 1820 897 1846 seu
920 1805 1118 1846 secundo
1136 1804 1289 1855 caelo;
1323 1805 1417 1858 ipse
1437 1805 1625 1846 Divinus
1643 1805 1789 1846 Amor

299 1879 369 1914 est
396 1873 469 1925 qui
498 1872 562 1912 ita
587 1876 789 1924 apparet.
853 1869 964 1910 Inde
990 1875 1075 1917 est,
1103 1869 1223 1922 quod
1253 1869 1406 1922 “ignis
1418 1867 1437 1883 ’'
1463 1874 1509 1909 et
1539 1868 1787 1909 “flamma”

300 1936 344 1976 in
367 1933 522 1975 Verbo
545 1931 799 1985 significent
819 1942 1036 1971 amorem.
1070 1940 1128 1977 (Ut
1138 1944 1281 1968 constare
1290 1943 1393 1976 potest
1402 1947 1441 1966 ex
1451 1937 1509 1966 illis
1518 1936 1642 1974 quaein
1651 1936 1788 1965 Arcanis

305 1997 490 2026 caelestibus
506 2000 632 2024 ostensa
645 1998 733 2023 sunt:
756 2002 881 2030 nempe,
898 1992 995 2029 Quod
1010 1995 1027 2006 ⁴¹
1038 1990 1143 2028 ignis··
1160 1991 1192 2019 in
1205 1990 1315 2019 Verbo
1329 1989 1481 2027 significet
1495 1998 1636 2018 amorem
1658 1989 1690 2018 in
1705 1994 1790 2018 utro-

300 2053 363 2081 que
377 2052 481 2075 sensu.
497 2051 527 2071 n.
543 2051 611 2079 934,
627 2041 716 2078 4906,
728 2047 816 2077 5215.
859 2039 956 2076 Quod
972 2038 1079 2076 “ignis
1093 2036 1206 2066 sacer''
1222 2041 1253 2066 et
1269 2040 1285 2051 ¹·
1296 2035 1462 2065 caelestis''
1478 2036 1515 2065 sit
1532 2036 1664 2065 Divinus
1679 2036 1789 2070 Amor,

300 2095 332 2120 et
346 2090 453 2120 omnis
462 2089 588 2118 asseclio
603 2097 685 2125 quae
700 2088 780 2116 illius
794 2086 930 2120 Amoris,
945 2095 976 2115 n.
991 2094 1060 2123 934,
1075 2084 1164 2122 6314,
1180 2084 1269 2121 6832.
1312 2083 1409 2120 Quod
1422 2083 1516 2112 binae
1530 2083 1665 2120 origines
1679 2083 1790 2112 caloris

300 2138 376 2172 sint;
400 2145 464 2165 una
478 2146 516 2165 ex
532 2136 597 2164 sole
607 2135 727 2168 mundi.
741 2143 779 2163 ex
791 2142 856 2171 quo
867 2133 975 2162 omnia
986 2135 1132 2169 vegetant
1143 2131 1175 2159 in
1186 2131 1312 2170 tellure:
1335 2130 1432 2159 altera
1443 2139 1481 2159 ex
1493 2130 1568 2160 Sole
1578 2130 1665 2164 caeli,
1676 2130 1730 2167 qui
1745 2134 1791 2158 est

302 2183 470 2217 Dominus,
481 2192 519 2212 ex
534 2191 599 2220 quo
614 2191 709 2210 omne
724 2181 805 2209 vitae
819 2180 938 2218 angelis
953 2184 983 2208 et
996 2178 1186 2211 hominibus.
1202 2187 1232 2206 n.
1249 2179 1337 2214 3338,
1353 2183 1442 2214 5215,
1457 2185 1547 2214 7324.
1590 2177 1687 2213 Quod
1702 2186 1791 2205 amor

301 2231 340 2260 sit
357 2230 437 2268 ignis
452 2230 542 2263 vitae,
558 2234 589 2258 et
602 2229 690 2266 quod
708 2229 776 2266 ipsa
793 2228 856 2256 vita
870 2226 1034 2256 atstualiter
1051 2226 1125 2254 inde
1139 2225 1186 2258 sit,
1203 2233 1232 2253 n.
1249 2223 1337 2261 4906,
1354 2231 1442 2260 5071,
1458 2224 1547 2260 6032,
1562 2223 1650 2260 6314.
1695 2223 1791 2260 Quod

302 2278 434 2307 flamma
447 2277 485 2306 sit
500 2285 608 2305 verum
631 2285 669 2304 ex
684 2276 771 2304 bono
792 2274 891 2303 intimi
914 2273 1001 2307 caeli,
1017 2276 1048 2301 et
1069 2272 1122 2301 lux
1137 2279 1245 2300 verum
1268 2280 1306 2299 ex
1327 2270 1414 2299 bono
1435 2270 1531 2298 medii
1552 2270 1639 2304 caeli,
1655 2279 1685 2299 n.
1701 2279 1790 2307 3222,

302 2325 382 2362 6832
391 2334 398 2358 ς
415 2333 453 2352 ex
463 2331 567 2356 causa,
578 2323 652 2359 quia
660 2323 715 2351 lux
730 2322 762 2350 in
772 2322 882 2350 intimo
892 2320 979 2349 caelo
989 2324 1120 2357 apparet
1134 2318 1292 2351 flammea,
1303 2321 1334 2346 et
1348 2317 1380 2345 in
1389 2317 1495 2345 medio
1505 2317 1649 2350 candida,
1660 2326 1690 2345 n.
1701 2323 1790 2354 9570.

305 2376 346 2405 Et
359 2379 521 2413 praeterea
535 2374 567 2402 in
582 2382 678 2410 opere
693 2373 743 2402 Dc
756 2373 845 2401 Caelo
856 2375 887 2400 et
900 2372 1036 2410 lnferno,
1051 2379 1082 2399 n.
1100 2366 1263 2406 116—140.)
1326 2356 1460 2411 Quod
1486 2361 1510 2377 ⁸‘
1523 2357 1640 2398 oculi
1652 2356 1671 2372 ”
1689 2370 1790 2397 cum

306 2427 362 2468 de
380 2426 590 2472 Domino.
611 2424 865 2477 significent
884 2423 1094 2464 Divinam
1114 2421 1462 2468 Providentiam,
1482 2425 1552 2461 est
1570 2421 1673 2474 quia
1689 2433 1790 2460 cum

305 2490 361 2531 de
392 2489 588 2535 homine,
617 2486 872 2540 significant
904 2483 1200 2531 intellefimm,
1229 2490 1275 2524 et
1308 2483 1497 2523 Divinus
1524 2481 1791 2524 Intellectus

306 2553 408 2606 quia
430 2550 628 2592 infinitus
650 2556 719 2590 est
744 2549 907 2590 Divina
930 2547 1229 2589 Providentia.
1281 2546 1384 2586 Non
1407 2545 1527 2586 aliud
1549 2559 1627 2599 per
1647 2548 1790 2586 “ocu-

307 2615 406 2656 los'’
426 2614 627 2668 Jehovae
653 2612 930 2666 significatur
955 2610 1074 2664 apud
1098 2609 1301 2658 Esaiam,

375 2705 398 2718 ‘⁸
411 2702 558 2739 inclina,
574 2701 746 2743 Jehovah,
763 2710 884 2732 aurem
902 2706 998 2731 tuam
1015 2705 1050 2731 et
1067 2698 1147 2730 audi
1155 2707 1168 2736 ;
1193 2703 1229 2730 et
1244 2697 1352 2738 aperi,
1371 2696 1545 2739 Jehovah,
1566 2696 1689 2728 oculos
1711 2701 1793 2727 tuos

481 2753 516 2777 et
532 2746 612 2777 vide
623 2744 641 2757 ”
659 2744 805 2785 (xxxvii.
824 2743 877 2784 17)
891 2753 898 2782 ;

308 2827 427 2882 apud
453 2825 713 2875 Jeremiam,

377 2916 551 2948 “Ponam
575 2915 858 2953 oculum-meum
883 2923 989 2954 super
1012 2913 1092 2944 illos
1117 2912 1153 2944 in
1178 2914 1324 2950 bonum,
1352 2919 1387 2943 et
1411 2911 1576 2943 reducam
1601 2919 1664 2942 eos
1688 2917 1794 2950 super

486 2965 616 2991 terram
635 2956 761 2990 fflhanc
778 2964 813 2989 et
829 2957 1022 2989 aedificabo
1040 2966 1103 2988 eos
1115 2956 1134 2968 ’'
1152 2955 1260 2997 (xxiv.
1278 2955 1312 2995 ὁ)
1327 2965 1334 2995 ;
