2060 3476
658 375 763 413 CAP.
786 378 847 419 v„
870 375 1008 410 VERs.
1037 373 1207 407 11.—N.
1234 361 1396 417 336[b].
1690 357 1774 414 631

285 505 512 546 5708,7973);
543 498 591 534 at
617 504 719 534 cum
743 487 1107 536 innumerabilia,
1133 499 1248 540 quae
1278 483 1451 525 infinite
1476 481 1622 522 multa
1651 486 1772 526 sunt,

285 554 582 610 exprimenda
599 559 718 601 sunt,
738 551 946 592 dicuntur
962 547 1225 601 “myriades
1243 544 1494 598 myriadum
1506 543 1526 559 ”
1540 549 1586 584 et
1607 546 1632 563 ‘⁴
1645 541 1774 583 chili-

285 619 394 660 ades
419 614 716 659 chiliadum:”
747 619 983 668 praeterea
1013 623 1114 652 cum
1146 609 1235 650 duo
1267 608 1438 648 numeri
1469 604 1772 659 multiplicati,

285 694 400 721 unus
443 679 585 732 major
624 683 671 719 et
715 689 830 717 unus
871 675 1032 722 minor,
1070 672 1144 726 qui
1189 670 1333 712 simile
1374 668 1645 722 significant,
1688 680 1774 708 una

285 742 509 789 dicuntur,
532 741 647 781 sicut
669 752 770 780 cum
793 738 952 779 decem
973 742 1020 777 et
1042 740 1246 781 centum,
1260 738 1337 774 aut
1360 738 1544 772 centum
1566 736 1614 771 et
1636 728 1772 775 mille,

285 810 394 855 tunc
421 804 566 844 minor
592 802 755 843 dicitur
779 801 836 841 de
860 800 1004 847 bonis,
1032 803 1079 838 et
1105 795 1246 848 major
1277 795 1333 835 de
1359 794 1502 843 veris;
1537 806 1672 833 causa
1703 799 1773 832 est

285 867 388 920 quia
405 863 734 919 unumquodvis
752 863 920 904 bonum
938 860 1148 902 consistit
1167 872 1226 900 ex
1243 856 1442 912 pluribus
1459 856 1590 903 veris,
1609 855 1774 896 sorma-

285 934 359 980 tur
389 928 510 968 enim
540 927 709 981 bonum
740 939 799 966 ex
829 924 960 971 veris,
989 929 1035 964 et
1067 922 1170 968 inde
1203 919 1465 974 producitur
1495 918 1664 958 bonum
1696 930 1774 970 per

284 996 392 1031 vera
410 1004 420 1040 ;
452 1003 512 1030 ex
544 1002 598 1029 eo
629 994 699 1029 est
731 986 851 1041 quod
883 985 1025 1038 major
1055 996 1265 1026 numerus
1297 982 1473 1022 dicatur
1498 980 1554 1021 de
1580 980 1696 1020 veris
1727 985 1773 1020 et

285 1051 431 1092 minor
461 1051 518 1092 de
554 1050 714 1101 bonis;
760 1048 966 1089 similiter
1001 1046 1072 1087 hic
1112 1044 1375 1098 “myriades
1411 1041 1695 1096 myriadum'’
1721 1055 1773 1082 ac

287 1113 544 1155 “chiliades
569 1110 852 1154 chiliadum.''
912 1109 1046 1163 Quod
1077 1109 1142 1149 ita
1172 1108 1246 1156 sit,
1273 1106 1524 1147 illustretur
1549 1119 1628 1158 per
1658 1103 1771 1145 hoc:

285 1189 422 1217 unum
453 1175 699 1228 jucundum
735 1171 984 1214 affefflonis
1020 1171 1119 1212 sisti
1155 1175 1310 1224 potest
1347 1182 1425 1222 per
1460 1167 1610 1221 plures
1650 1167 1774 1208 ideas

284 1238 594 1291 cogitationis,
627 1243 675 1278 et
705 1236 899 1289 exprimi
930 1248 1009 1288 per
1039 1234 1162 1274 varia
1197 1233 1242 1273 in
1279 1230 1486 1285 loquela;
1528 1229 1773 1283 jucundum

284 1298 532 1341 affectionis
557 1305 628 1340 est
654 1298 774 1353 quod
799 1303 989 1338 vocatur
1013 1296 1211 1345 bonum;
1243 1307 1296 1335 ac
1328 1294 1456 1334 ideae
1482 1293 1772 1345 cogitationis

285 1368 333 1403 et
357 1362 480 1403 varia
505 1362 550 1402 in
577 1360 770 1414 loquela,
798 1373 912 1413 quae
938 1372 998 1400 ex
1019 1357 1218 1411 jucundo
1243 1370 1321 1396 seu
1353 1355 1474 1396 bono
1504 1354 1583 1395 illo
1615 1367 1772 1407 proce-

285 1424 414 1473 dunt,
437 1430 542 1465 sunt
564 1437 678 1478 quae
700 1428 921 1463 vocantur
941 1434 1073 1471 vera3
1106 1418 1312 1460 similiter
1328 1432 1376 1459 se
1398 1417 1538 1458 habet
1561 1430 1662 1457 cum
1686 1430 1773 1457 uno

284 1485 536 1527 voluntatis
567 1485 624 1526 ad
655 1484 801 1526 multa
830 1481 1091 1525 intellectus
1122 1481 1229 1535 ejus,
1263 1487 1310 1522 et
1342 1494 1519 1534 quoque
1551 1492 1652 1520 cum
1684 1492 1773 1519 uno

284 1549 450 1589 amoris
471 1548 527 1588 ad
551 1547 696 1588 multa
716 1546 1020 1600 exprimentia
1042 1544 1168 1585 illum
1187 1558 1197 1594 ;
1228 1543 1332 1584 inde
1355 1556 1533 1596 quoque
1558 1549 1629 1583 est
1652 1542 1772 1595 quod

287 1609 550 1651 “multum”
580 1616 629 1651 et
662 1607 980 1650 “multitudo''
1005 1608 1050 1647 in
1081 1606 1238 1647 Verbo
1269 1605 1445 1646 dicatur
1475 1604 1531 1645 de
1563 1605 1694 1652 veris,
1721 1618 1772 1645 ac

287 1671 571 1725 “magnum'’
592 1678 641 1713 et
665 1670 972 1724 “magnitudo
983 1666 1003 1684 ⁵¹
1025 1669 1081 1710 de
1106 1668 1242 1716 bono,
1267 1680 1483 1720 magnum
1509 1668 1630 1708 enim
1654 1667 1699 1707 in
1725 1680 1772 1708 se

285 1734 430 1775 multa
453 1735 686 1775 continet:
729 1733 810 1774 sed
850 1732 962 1773 haec
1004 1729 1126 1778 dicta
1166 1736 1271 1771 sunt
1312 1729 1400 1770 illis
1440 1730 1514 1783 qui
1559 1729 1773 1770 illustrari

284 1802 476 1850 possunt
500 1810 580 1850 per
604 1795 832 1849 exempla,
856 1801 906 1836 ut
931 1795 1081 1835 sciant
1106 1792 1334 1834 undenam
1359 1798 1429 1833 est
1456 1792 1576 1845 quod
1605 1791 1771 1832 “chili-

283 1858 425 1902 ades’'
455 1857 713 1912 significent
750 1871 892 1911 aeque
923 1855 1266 1898 innumerabilia
1301 1868 1353 1897 ac
1388 1854 1694 1907 “myriades‚”
1724 1861 1772 1895 at

283 1935 423 1975 usque
454 1921 574 1975 quod
602 1919 896 1973 “myriades’'
922 1920 1130 1960 dicantur
1159 1917 1216 1959 de
1247 1918 1377 1965 veris,
1405 1923 1452 1958 et
1487 1916 1742 1961 “chiliades
1754 1916 1773 1931 '⁹

282 1983 340 2024 de
366 1983 509 2024 bonis.

365 2044 450 2098 [ἰὴ]
492 2043 630 2097 Quod
659 2043 706 2084 hi
734 2043 908 2084 numeri
932 2043 1045 2084 talia
1073 2041 1345 2095 significent,
1372 2047 1585 2082 constare
1615 2047 1773 2094 potest

282 2119 310 2147 a
333 2105 625 2159 sequentibus
650 2104 720 2145 his
746 2104 856 2146 locis
873 2103 1083 2157 z--Apud
1110 2103 1287 2151 Mosen,

353 2191 374 2205 ‘⁴
386 2193 632 2234 Primogenito
643 2193 745 2225 bovis
762 2192 840 2233 ejus
856 2193 972 2224 honor
985 2192 1046 2229 illi,
1062 2197 1097 2224 et
1116 2201 1251 2223 cornua
1263 2191 1505 2223 monocerotis
1522 2201 1655 2222 cornua
1671 2190 1748 2231 ejus
1765 2201 1772 2228 ;

455 2237 511 2269 his
528 2237 679 2278 populos
696 2237 800 2268 feriet
816 2247 888 2268 una
903 2237 950 2268 ad
967 2236 1056 2268 fines
1073 2243 1199 2274 terrae,
1219 2241 1254 2267 et
1278 2236 1314 2266 hi
1331 2235 1511 2276 myriades
1530 2235 1714 2276 Ephraimi
1738 2241 1772 2267 et

454 2281 491 2312 hi
508 2281 677 2313 chiliades
695 2279 942 2312 Menascheh”
960 2279 1095 2320 (Deutr.
1111 2279 1233 2312 xxxiii.
1257 2279 1328 2319 17):

281 2357 394 2398 haec
420 2354 542 2398 dicta
566 2362 671 2397 sunt
697 2356 754 2397 de
777 2356 992 2409 Josepho,
1016 2369 1095 2410 per
1116 2368 1249 2409 quem
1276 2356 1319 2396 in
1346 2369 1482 2396 sensu
1507 2368 1770 2408 repraesen-

281 2419 430 2463 tativo
460 2418 738 2472 significatur
769 2417 989 2459 Dominus
1020 2418 1169 2471 quoad
1202 2418 1414 2458 Divinum
1446 2417 1691 2471 spirituale,
1724 2424 1770 2458 et

281 2479 433 2533 quoad
463 2491 655 2532 regnum
681 2479 828 2532 Ipsius
857 2478 1094 2532 spirituale
1125 2489 1283 2527 (videatur
1297 2498 1328 2519 n,
1341 2490 1431 2526 3969.
1444 2489 1636 2526 3971‚4669.
1649 2489 1771 2528 6417);

281 2553 361 2593 per
382 2540 511 2580 binos
533 2538 625 2592 ejus
648 2538 764 2580 filios
787 2539 1152 2593 “Ephraimum''
1174 2545 1221 2580 et
1246 2543 1271 2559 ‘⁶
1286 2539 1605 2587 Menaschen,'’
1631 2539 1770 2592 signi-

281 2601 473 2643 ficantur
507 2601 613 2642 bina
648 2601 766 2642 illius
802 2602 944 2655 regni,
982 2614 1145 2655 nempe
1182 2599 1492 2642 intellectuale
1532 2614 1687 2642 verum
1724 2608 1770 2642 et

280 2663 585 2705 voluntarium
602 2664 784 2713 bonum,
801 2677 879 2717 per
896 2667 920 2684 “
934 2663 1228 2717 Ephraimum
1242 2663 1261 2678 ”
1278 2662 1586 2705 intellectuale
1600 2676 1768 2710 verum,

280 2732 328 2767 et
360 2739 439 2780 per
466 2725 823 2767 “Menaschen'’
851 2725 1155 2767 voluntarium
1186 2726 1380 2776 bonum;
1413 2726 1516 2766 inde
1548 2732 1619 2766 est
1651 2726 1771 2779 quod

283 2788 459 2829 dicatur
486 2788 750 2841 “myriades
781 2787 1049 2842 Ephraimi'’
1074 2794 1121 2829 et
1151 2787 1407 2829 “chiliades
1439 2787 1718 2828 Menascheh
1736 2787 1770 2828 :'’

281 2851 385 2889 (quod
406 2851 459 2880 illa
478 2859 536 2888 per
550 2850 814 2888 ⁴·Ephrajmu1n·'
837 2855 869 2880 et
889 2850 1146 2880 “Menaschen''
1168 2851 1392 2888 significentur,
1415 2851 1559 2879 videatur
1580 2851 1611 2878 in
1633 2850 1772 2879 Arcanis

284 2900 477 2935 Caelestibus,
493 2909 524 2930 n.
539 2901 629 2938 3969.
644 2907 733 2938 5351,
749 2907 838 2938 5353,
853 2907 943 2938 5354,
958 2901 1048 2935 6222.
1063 2899 1185 2938 [¹16234,
1200 2901 1291 2938 6238,
1306 2901 1396 2936 6267,
1411 2901 1524 2937 6296;)
1558 2889 1665 2942 quid
1691 2902 1771 2942 per

283 2950 673 3003 “primogenitum
703 2950 830 2991 bovis
845 2950 864 2966 ’‘
895 2957 942 2992 et
979 2964 1058 3004 per
1091 2953 1308 2996 “cornua
1333 2949 1670 2990 monocerotis”
1709 2949 1768 2991 ibi

256 3038 257 3041 =
280 3011 572 3066 significatur,
595 3012 803 3072 videatur
826 3026 959 3066 supra
986 3011 1048 3067 (n.
1074 3011 1272 3066 316[d]).
1336 3011 1473 3065 Apud
1501 3012 1739 3062 Davidem,
