2060 3476
295 343 378 386 330
705 341 1038 374 APOCALYPs1s
1068 339 1368 374 EXPLICATA.

290 454 379 492 3969,
396 461 484 492 5354,
500 454 589 489 6222,
605 453 694 492 6234,
709 454 798 491 6238,
814 453 903 490 6267,
918 453 1007 491 6296.
1051 453 1148 490 Quod
1168 462 1225 491 per
1246 455 1263 468 ‘⁴
1275 450 1422 490 lignum''
1444 449 1636 489 significetur
1653 449 1775 480 bonum

290 507 415 541 amoris,
431 516 461 536 n.
477 507 547 544 643,
562 515 651 544 3720,
668 506 771 546 8354.)
829 495 970 549 Apud
993 494 1200 544 Esaiam,

359 582 463 615 “Hic
487 583 589 621 dicet,
616 582 775 625 Jehovae
800 582 898 623 Eg03
926 588 961 614 et
986 582 1050 614 Ille
1073 582 1215 614 vocabit
1239 581 1283 613 Se
1308 581 1454 612 nomine
1477 579 1622 622 Jacoh33
1653 584 1688 611 et
1713 578 1777 610 Ille

464 627 592 658 scribet
615 636 724 658 manu
740 636 805 658 sua
819 626 997 668 Jehovae:
1023 632 1058 658 et
1074 625 1220 657 nomine
1246 624 1388 656 Israelis
1412 622 1681 664 cognominabit
1703 621 1748 654 Se
1758 620 1777 633 ”

463 670 559 710 (xliv.
579 669 610 710 5)
623 681 630 702 :

290 757 400 798 haec
427 753 642 798 'dicuntur
673 757 728 799 de
761 757 958 798 Domino
989 770 1040 797 ac
1074 756 1129 797 de
1162 755 1326 796 Divino
1359 754 1573 795 Humano
1605 752 1775 806 Ipsius;

289 834 368 873 per
395 820 681 874 “Jacobum'’
707 826 753 862 et
784 834 862 874 per
891 818 1182 867 “Israelem,’'
1209 818 1282 859 ubi
1311 817 1367 858 de
1399 817 1609 865 Domino,
1638 815 1776 873 signi-

288 882 447 925 ficatur
470 883 731 924 Humanum
755 884 898 937 Ipsius
916 897 925 933 ;
958 882 1078 936 quod
1100 882 1238 923 etiam
1264 881 1308 922 id
1335 881 1392 922 sit
1412 878 1618 934 Jehovah
1641 877 1775 920 intel-

289 946 442 1000 ligitur
472 960 550 1000 per
581 947 701 1000 quod
736 946 908 994 “dicet,
935 945 1137 998 Jehovae
1169 944 1311 998 Ego,'’
1343 950 1389 985 et
1420 942 1539 998 quod
1573 941 1777 983 “scribet

288 1020 424 1048 manu
455 1021 534 1048 Sua
562 1006 804 1060 Jehovae.”
876 1017 988 1055 (Quod
1006 1017 1039 1046 in
1057 1025 1207 1054 supremo
1226 1025 1321 1045 sensu
1341 1013 1358 1024 ¹¹
1371 1015 1497 1045 Israel''
1518 1019 1550 1044 et
1564 1011 1723 1055 “Jacob''
1739 1012 1778 1043 sit

289 1071 457 1106 Dominus,
473 1071 618 1100 videatur
632 1080 662 1100 n.
677 1070 768 1108 4286,
783 1077 873 1108 4570,
888 1070 992 1109 6424.)
1050 1058 1191 1112 Apud
1215 1059 1480 1107 Jeremz'am,

357 1150 379 1163 “
390 1148 478 1189 Spes
494 1147 637 1180 Israelis
651 1147 824 1189 Jehovah,
841 1157 967 1180 omnes
980 1147 1219 1188 relinquentes
1237 1146 1297 1178 Me
1314 1146 1505 1187 pudefient,
1522 1151 1557 1177 et
1573 1144 1781 1176 recedenter*

462 1202 483 1223 a
508 1191 568 1223 Me
593 1191 629 1222 in
646 1197 741 1222 terra
757 1191 966 1230 scribentur,
987 1191 1067 1232 quia
1083 1191 1314 1222 deseruerunt
1338 1190 1474 1221 fontem
1494 1198 1665 1230 aquarum
1681 1188 1780 1220 viva·-

463 1245 540 1266 rum
557 1234 752 1277 Jehovam;
777 1244 865 1268 sana
881 1244 948 1272 me,
968 1234 1141 1276 Jehovah,
1161 1240 1199 1266 ut
1215 1233 1348 1265 saner''
1365 1233 1462 1273 (xvii.
1482 1241 1532 1272 13,
1554 1232 1625 1273 14);

290 1324 372 1364 “in
395 1330 514 1365 terra
536 1323 667 1364 scribi
682 1323 701 1338 ”
719 1329 789 1364 est
807 1323 1098 1364 condemnari
1120 1328 1305 1376 propter
1323 1328 1494 1362 statum
1512 1321 1647 1369 vitae,
1666 1334 1772 1374 quo-

289 1386 409 1425 niam
431 1398 509 1438 per
529 1389 554 1405 “
568 1384 769 1425 terram”
786 1383 1068 1437 significatur
1086 1384 1354 1424 damnatum
1373 1394 1531 1431 (videatur
1542 1402 1572 1422 n.
1586 1401 1675 1430 2327,
1688 1394 1767 1430 7418

287 1455 394 1493 8306).
454 1444 566 1485 Inde
584 1450 715 1497 patet
732 1444 838 1498 quid
857 1443 1136 1497 significatur
1153 1457 1232 1497 per
1249 1442 1370 1497 quod
1389 1442 1612 1483 Dominus
1630 1442 1775 1495 digito

288 1506 515 1559 scripserit
541 1506 585 1546 in
613 1512 746 1554 terra,
774 1506 893 1559 apud
919 1505 1204 1554 Jolzannem:

352 1597 587 1629 Adducebant
604 1597 745 1629 Scribae
762 1602 797 1628 et
815 1596 998 1628 Pharisaei
1014 1596 1059 1628 ad
1082 1595 1205 1638 Jesum
1223 1596 1259 1627 in
1277 1594 1411 1636 templo
1428 1594 1612 1626 mulierem
1630 1594 1666 1625 in
1683 1593 1765 1625 adul

462 1641 551 1672 terio
565 1641 822 1689 deprehensam
837 1649 844 1678 ;
869 1640 1045 1677 dixerunt,
1061 1641 1083 1654 ‘⁸
1096 1639 1195 1671 Haec
1208 1639 1336 1670 mulier
1348 1638 1571 1679 deprehensa
1584 1643 1637 1669 est
1651 1637 1687 1668 in
1701 1637 1774 1677 ipso

461 1683 557 1716 faeto
570 1683 600 1716 :‘’
636 1684 886 1725 quaesiverunt
915 1693 1000 1715 num
1028 1683 1222 1714 secundum
1255 1683 1371 1722 legem
1405 1681 1518 1713 Mosis
1550 1681 1776 1722 lapidaretur.

465 1728 600 1769 “Jesus
617 1728 807 1759 incurvans
825 1727 869 1759 Se
885 1727 1052 1759 deorsum
1070 1727 1180 1766 digito
1197 1726 1373 1758 scribebat
1397 1725 1433 1757 in
1455 1732 1549 1757 terra
1552 1749 1644 1762 .....
1652 1731 1688 1756 et
1704 1734 1779 1756 sur-

461 1781 550 1812 gens
574 1771 672 1807 dixit.
694 1771 763 1814 Qui
787 1777 944 1802 vestrum
969 1770 1138 1802 immunis
1162 1776 1216 1802 est
1240 1779 1262 1801 a
1288 1775 1434 1810 peccato
1462 1769 1615 1810 primum
1640 1768 1676 1799 in
1700 1777 1779 1799 eam

461 1815 568 1856 jaciat
591 1814 765 1855 lapidem:
791 1820 826 1845 et
850 1823 970 1846 rursus
995 1815 1186 1845 incurvans
1210 1813 1254 1845 Se
1279 1813 1455 1845 scribebat
1479 1813 1515 1844 in
1533 1811 1662 1844 terra.''
1710 1811 1778 1843 His

461 1858 592 1890 auditis
608 1868 700 1897 unus
720 1864 801 1898 post
818 1858 925 1889 aliurn
943 1857 1062 1895 exivit,
1083 1863 1118 1889 et
1134 1855 1324 1889 derelictus
1341 1862 1396 1888 est
1412 1856 1509 1888 solus
1525 1855 1629 1898 Jesus
1653 1860 1689 1887 et
1705 1864 1780 1886 mu-

461 1902 536 1939 lier,
549 1901 604 1933 eui
614 1901 713 1938 dixit,
723 1902 744 1916 ‘⁴
757 1901 826 1933 Ubi
838 1907 920 1933 sunt
931 1901 980 1932 tui
992 1901 1239 1933 accusatores?
1257 1910 1364 1931 nemo
1375 1906 1409 1931 te
1420 1898 1707 1931 condemnavit?.
1722 1923 1730 1930 .
1743 1923 1751 1931 .
1765 1922 1773 1931 .

461 1952 496 1977 et
512 1945 610 1984 dixit,
631 1945 729 1977 Vade
747 1951 782 1977 et
798 1955 843 1976 ne
860 1945 1026 1985 deinceps
1044 1943 1178 1985 pecca''
1195 1943 1281 1984 (viii.
1299 1943 1416 1984 2-11);

286 2048 366 2088 per
390 2033 511 2088 quod
538 2033 759 2074 Dominus
777 2033 1054 2086 “scripserit
1081 2033 1124 2072 in
1147 2031 1306 2081 terra,’'
1332 2030 1476 2086 simile
1502 2029 1779 2085 significatur

286 2097 406 2151 quod
443 2110 575 2150 supra
607 2091 725 2150 apud
757 2096 1018 2144 Jeremz'am,
1049 2095 1377 2136 “Recedentes
1413 2108 1439 2135 a
1476 2093 1551 2136 Me
1582 2094 1627 2135 in
1659 2099 1779 2147 terra

287 2159 577 2208 scribentur,”
615 2172 778 2212 nempe
815 2158 935 2212 quod
975 2172 1116 2212 aeque
1157 2158 1360 2198 damnati
1400 2162 1553 2198 essent
1594 2162 1780 2210 propter

286 2221 532 2272 adulteria;
560 2236 694 2275 quare
713 2222 829 2262 dixit
851 2220 977 2274 “Qui
995 2227 1194 2262 vestrum
1213 2221 1422 2261 immunis
1445 2226 1515 2261 est
1538 2233 1564 2260 a
1585 2225 1778 2274 peccato

287 2285 477 2339 primum
495 2286 538 2325 in
557 2298 657 2325 eam
671 2284 809 2337 jaciat
828 2283 1065 2338 lapidem.”
1125 2282 1259 2336 Quod
1279 2283 1499 2324 Dominus
1517 2283 1584 2324 bis
1602 2283 1778 2336 “scrip-

287 2350 395 2391 serit
420 2349 464 2390 in
487 2355 606 2389 terra
620 2348 638 2363 '’
660 2349 704 2389 in
727 2347 915 2401 templo,
940 2346 1223 2400 significabat
1245 2347 1586 2387 damnationem
1608 2359 1776 2394 eorum,

287 2413 347 2454 ob
372 2407 595 2453 adulteria
625 2411 669 2451 in
696 2410 914 2464 spirituali
940 2423 1100 2452 sensu:
1134 2423 1238 2450 nam
1266 2409 1448 2451 Scribae
1474 2416 1520 2450 et
1553 2409 1779 2450 Pharisaei

287 2481 418 2516 erant
444 2475 517 2528 qui
546 2473 859 2515 adulterarunt
891 2473 1011 2514 bona
1036 2479 1083 2514 et
1114 2472 1464 2514 falsificaverunt
1490 2486 1597 2514 vera
1621 2472 1775 2520 Verbi,

286 2538 351 2579 ita
376 2537 622 2588 ecclesiae;
655 2543 701 2577 et
726 2536 1016 2577 “adulteria''
1041 2537 1085 2576 in
1111 2535 1331 2590 spirituali
1357 2549 1490 2576 sensu
1516 2541 1621 2576 sunt
1647 2534 1774 2576 adul·
1817 2583 1819 2586 Ι

287 2601 538 2642 terationes
573 2600 681 2640 boni
716 2605 763 2640 et
799 2599 1135 2640 falsificationes
1166 2600 1258 2640 veri
1300 2598 1524 2653 (videatur
1554 2612 1700 2652 supra,
1733 2611 1775 2639 n.

294 2675 385 2716 141,
414 2661 540 2717 161);
572 2676 707 2716 quare
733 2663 872 2703 etiam
898 2675 1011 2716 gens
1036 2662 1114 2703 illa
1139 2676 1165 2703 a
1190 2662 1389 2703 Domino
1414 2667 1602 2703 vocatur

586 2758 718 2790 “Gens
734 2758 896 2790 adultera
911 2764 946 2790 et
963 2757 1168 2799 peccatrix''
1185 2757 1310 2799 (Marc.
1327 2757 1402 2790 viii.
1416 2757 1482 2798 38).

371 2866 476 2910 223
484 2854 579 2910 [a].
618 2855 704 2895 “Et
728 2868 871 2895 nomn
900 2854 1076 2896 civitatis
1102 2854 1179 2895 Dei
1200 2854 1292 2902 mei,
1317 2854 1451 2895 Νονιο
1475 2853 1778 2908 nist-mmm

290 2929 396 2970 quae
419 2915 631 2956 descendit
655 2928 678 2955 e
708 2916 825 2955 caelo
848 2928 873 2954 α
902 2915 984 2955 B'eo
1011 2914 1335 2968 meo.''-Qi10d
1363 2913 1584 2967 significet
1608 2913 1775 2954 doari-

290 2992 394 3025 nam
417 2991 552 3019 novae
570 2976 767 3018 ecclesiae
791 2990 902 3030 quae
924 2982 992 3017 est
1013 2976 1059 3017 in
1084 2975 1228 3026 caelis,
1252 2982 1435 3017 constat
1461 2989 1520 3016 ex
1546 2974 1772 3029 significa-
