2060 3476
302 344 387 388 274
714 343 1050 381 ‚APOCALYPSIS
1082 343 1381 376 EXPLICATA.

300 462 562 507 aeternum;
596 469 700 497 nam
726 455 870 510 qualis
901 463 971 498 est
1003 463 1151 499 status
1176 457 1298 499 vitae
1327 455 1566 498 anteactae
1597 457 1791 500 hominis

301 533 440 572 usque
471 519 527 560 ad
561 518 710 569 finem,
745 520 850 560 talis
882 526 1037 561 manet
1068 520 1207 562 homo
1237 522 1282 561 in
1313 526 1562 561 aeternum.
1638 520 1793 563 Simile

300 581 409 622 dicit
442 581 663 622 Dominus
695 582 862 635 passim
888 583 1007 636 apud
1040 582 1388 636 Evangelistas:
1423 582 1542 636 apud
1567 582 1793 625 Matthae-

298 657 385 693 um,

368 734 389 747 ‘⁴
404 732 486 764 Non
500 733 596 765 scitis
608 743 677 775 qua
689 733 777 765 hora
792 733 968 765 Dominus
982 739 1100 765 vester
1111 740 1280 765 venturus
1293 739 1348 765 est
1361 743 1383 771 ;.
1399 758 1406 766 .
1420 759 1428 766 .
1443 743 1523 766 ‚vos
1537 739 1652 765 estote
1665 733 1791 775 parati,

474 777 556 817 quia
572 787 641 817 qua
656 777 745 808 hora
761 787 834 808 non
852 778 994 818 putatis,
1017 778 1124 809 Filius
1141 777 1297 809 hominis
1314 777 1462 809 veniet”
1479 777 1586 817 (xxiv.
1602 785 1656 816 42,
1673 777 1749 817 44);

368 821 390 834 ⁴·
401 820 531 852 Veniet
550 820 732 904 ‘D'or(nin·us
750 821 843 905 segvi
867 821 904 852 in
921 821 978 852 die
995 831 1065 863 quo
1082 831 1154 852 non
1173 819 1367 861 exspectat,
1388 826 1423 852 et
1439 821 1476 852 in
1492 821 1582 852 hora
1597 831 1702 862 quam
1721 830 1793 852 non

474 870 575 896 nowt
634 875 729 897 xxw.
749 873 790 903 5ο
815 874 822 903 ;

297 953 345 987 et
372 947 490 1000 apud
516 947 724 996 eundem,

367 1023 553 1064 “Vigilate
570 1034 667 1064 ergo,
688 1025 770 1065 quia
787 1035 859 1055 non
878 1025 1029 1056 novistis
1046 1025 1151 1063 diem,
1173 1035 1286 1066 neque
1310 1025 1447 1063 horam,
1468 1034 1537 1066 qua
1554 1023 1662 1056 Filius
1678 1024 1793 1056 homi-

473 1068 528 1099 nis
546 1074 717 1100 venturus
734 1075 789 1100 est
799 1067 816 1080 '³
833 1068 929 1108 (xxv.
949 1068 1013 1108 13).

298 1154 539 1196 Sciendum
573 1162 643 1197 est
676 1156 795 1210 quod
828 1155 966 1197 homo
998 1163 1180 1198 maneat
1212 1157 1256 1198 in
1285 1163 1520 1198 aeternum
1546 1156 1689 1211 qualis
1720 1162 1790 1197 est

297 1219 446 1272 quoad
479 1225 626 1260 totam
659 1233 786 1260 suam
811 1220 953 1260 vitam
980 1234 1118 1274 usque
1150 1220 1207 1260 ad
1238 1219 1386 1269 finem,
1415 1226 1461 1261 et
1494 1233 1673 1274 prorsus
1700 1232 1791 1260 non

297 1282 440 1336 qualis
473 1289 542 1323 est
575 1283 618 1322 in
651 1282 761 1323 hora
793 1284 978 1334 mortis;
1011 1284 1323 1336 resipiscentia
1354 1289 1461 1324 tunc
1494 1283 1611 1337 apud
1644 1281 1789 1323 malos

297 1344 406 1386 nihil
433 1345 553 1394 facit,
582 1345 661 1386 sed
688 1345 806 1399 apud
833 1345 977 1386 bonos
1004 1345 1256 1387 confirmat.

376 1413 589 1468 195[a].'
619 1425 725 1463 [Vers.
746 1425 790 1463 4.]
822 1418 846 1437 ¹¹
859 1414 992 1455 Habes
1010 1428 1149 1467 pauca
1175 1414 1334 1455 nomina
1363 1414 1485 1456 etiam
1512 1414 1552 1455 in
1581 1414 1791 1460 sardibus,

297 1487 403 1527 quae
423 1487 500 1514 non
519 1474 831 1528 inquinaverunt
850 1474 1087 1515 vestimenta
1107 1475 1418 1528 sua.''-—Quod
1440 1474 1662 1528 significet
1687 1474 1790 1515 illos

296 1535 376 1588 qui
406 1542 547 1588 agunt
581 1536 721 1576 vitam
757 1535 968 1577 moralem
1002 1550 1058 1576 ex
1091 1536 1261 1589 origine
1291 1536 1533 1589 spirituali,
1562 1542 1648 1590 per
1676 1535 1796 1589 quod

295 1598 557 1651 cognitiones
579 1598 678 1639 veri
694 1605 736 1639 et
757 1598 858 1639 boni
874 1613 930 1639 ex
957 1599 1095 1640 Verbo
1116 1599 1337 1652 applicent
1358 1599 1509 1640 usibus
1531 1612 1637 1640 suae
1656 1598 1787 1648 vitae,

296 1668 479 1702 constat
507 1675 565 1702 ex
593 1661 923 1715 significatione
953 1662 1225 1711 “nominis,”
1251 1662 1371 1716 quod
1397 1663 1455 1703 sit
1482 1661 1613 1716 quale
1640 1667 1789 1702 status

296 1725 417 1766 vitae
439 1725 634 1765 hominis
660 1724 736 1778 (de
758 1739 845 1779 qua
868 1739 1014 1779 supra,
1040 1739 1080 1766 n.
1106 1724 1202 1779 148)
1223 1739 1231 1776 ;
1266 1725 1336 1766 hic
1360 1726 1512 1779 itaque
1538 1725 1790 1766 “nomina'’

295 1787 552 1840 significant
580 1788 785 1829 homines
808 1789 881 1841 qui
908 1788 1024 1829 tales
1051 1787 1182 1829 sunt:
1216 1803 1275 1829 ex
1302 1787 1631 1841 significatione
1657 1787 1788 1829 “Ec-

295 1850 458 1891 clesiae
491 1851 534 1891 in
567 1849 821 1899 Sardibus,’'
847 1851 967 1904 quod
1000 1852 1088 1892 sint
1118 1852 1191 1905 qui
1222 1852 1364 1892 vitam
1396 1850 1614 1891 moralem
1646 1857 1788 1904 agunt

295 1914 373 1954 sed
407 1927 496 1954 non
529 1913 824 1968 spiritualem,
853 1915 955 1968 quia
987 1915 1110 1968 parvi
1143 1915 1347 1968 pendunt
1380 1914 1665 1966 cognitiones
1695 1914 1788 1954 veri

294 1983 340 2017 et
367 1977 472 2017 boni
499 1991 558 2017 ex
586 1977 741 2018 Verbo
771 1976 846 2030 (de
869 1991 955 2031 qua
982 1978 1121 2018 etiam
1148 1991 1294 2030 supra,
1320 1990 1360 2017 n.
1391 1975 1502 2029 148[,
1533 1975 1681 2030 182])‚·
1715 1976 1787 2017 hic

294 2046 446 2080 autem
470 2040 787 2093 intelliguntur
804 2040 867 2081 illi
885 2042 958 2094 qui
981 2040 1199 2081 moralem
1216 2041 1357 2080 vitam
1375 2045 1517 2092 agunt
1537 2053 1595 2080 ex
1613 2040 1786 2092 origine

294 2103 528 2157 spirituali,
554 2117 657 2144 nam
685 2104 860 2152 dicitur,
889 2104 999 2157 “qui
1026 2116 1116 2144 non
1143 2103 1488 2156 inquinaverunt
1510 2103 1787 2143 vestimenta

293 2181 373 2207 sua
389 2166 424 2207 :¹’
450 2173 495 2207 et
520 2181 578 2207 ex
601 2165 930 2219 significatione
952 2165 1407 2214 “vestimentorum”
1425 2165 1544 2218 quod
1567 2166 1659 2205 sint
1681 2179 1787 2206 vera

293 2229 542 2270 scientifica
568 2236 614 2270 et
640 2230 925 2282 cognitiones
952 2243 1066 2282 quae
1092 2229 1136 2269 in
1163 2228 1357 2269 naturali
1386 2228 1567 2269 homine
1598 2226 1673 2281 (de
1699 2241 1787 2281 qua

293 2292 512 2346 sequitur)
532 2306 540 2332 :
574 2293 678 2332 inde
704 2306 782 2346 per
808 2295 936 2332 “non
963 2292 1193 2345 inquinare
1215 2292 1491 2332 vestimenta
1514 2290 1624 2331 sua’'
1646 2291 1785 2343 signi-

292 2355 452 2396 ficatur
483 2369 573 2396 non
605 2356 754 2395 vivere
786 2355 968 2395 moralis
1006 2355 1144 2395 homo
1180 2361 1365 2408 propter
1396 2368 1443 2395 se
1475 2360 1522 2395 et
1554 2354 1784 2401 mundum,

292 2418 412 2472 quod
441 2425 511 2459 est
539 2418 684 2458 solum
717 2425 902 2471 propter
927 2432 1088 2471 corpus
1115 2424 1160 2458 et
1188 2417 1280 2470 ejus
1306 2419 1461 2466 vitam,
1490 2417 1569 2458 sed
1602 2423 1786 2470 propter

293 2481 538 2522 Dominum
565 2487 610 2521 et
638 2481 826 2529 caelum,
851 2481 970 2534 quod
998 2487 1068 2522 est
1095 2487 1279 2534 propter
1305 2481 1500 2520 animam
1527 2485 1573 2520 et
1600 2479 1692 2532 ejus
1718 2480 1783 2519 vi-

293 2551 401 2585 tam.
463 2544 575 2584 Inde
607 2550 735 2597 patet
767 2545 887 2597 quod
919 2558 997 2597 per
1031 2543 1226 2584 “Habes
1259 2557 1401 2596 pauca
1433 2544 1614 2584 nomina
1645 2543 1782 2583 etiam

291 2609 335 2648 in
359 2606 572 2648 Sardibus
590 2621 704 2660 quae
727 2620 817 2647 non
839 2608 1186 2660 inquinaverunt
1207 2607 1484 2646 vestimenta
1506 2603 1625 2654 sua,'’
1643 2603 1783 2658 signs-

292 2670 483 2711 ficentur
508 2670 571 2711 illi
603 2671 676 2723 qui
708 2670 825 2710 tales
857 2677 906 2711 ut
938 2676 1079 2723 agant
1106 2671 1247 2710 vitam
1279 2668 1497 2709 moralem
1525 2682 1584 2709 ex
1612 2668 1782 2720 origine

292 2732 527 2787 spirituali,
556 2746 635 2786 per
659 2733 779 2786 quod
806 2734 1092 2785 cognitiones
1118 2733 1211 2772 veri
1238 2738 1284 2772 et
1311 2732 1417 2772 boni
1443 2745 1501 2772 ex
1524 2730 1679 2771 Verbo
1704 2743 1783 2783 ap-

291 2797 462 2850 plicent
494 2809 600 2836 suae
631 2796 765 2836 vitae.
828 2794 917 2836 Sed
943 2796 1046 2848 quia
1077 2795 1206 2848 pauci
1237 2795 1384 2835 sciunt
1410 2794 1515 2847 quid
1545 2794 1602 2834 sit
1633 2793 1783 2833 vivere

291 2859 509 2900 moralem
535 2859 676 2898 vitam
705 2872 763 2898 ex
796 2859 968 2911 origine
995 2857 1228 2910 spirituali,
1257 2863 1303 2898 et
1330 2857 1435 2910 quid
1467 2857 1524 2897 sit
1555 2855 1782 2909 applicare

290 2923 575 2975 cognitiones
597 2922 689 2961 veri
715 2927 761 2961 et
788 2921 893 2961 boni
920 2935 979 2961 ex
1002 2920 1156 2961 Verbo
1179 2920 1329 2960 usibus
1355 2933 1461 2960 suae
1483 2920 1617 2966 vitae,
1642 2931 1779 2971 quare

290 2986 476 3026 dicetur.
540 2984 692 3025 Homo
718 2985 827 3024 vivit
857 2983 1075 3024 moralem
1101 2984 1242 3023 vitam
1273 2996 1333 3024 ex
1360 2983 1530 3035 origine
1558 2980 1779 3035 spirituali
