2060 3476
297 364 384 405 444
714 359 1047 392 APOCALYPSIS
1079 358 1380 392 EXPLICATA.

298 473 418 528 apud
442 473 648 523 Esaiam,

368 565 390 578 ¹⁸
401 563 457 595 Sic
472 563 562 646 ἒίἰῗιὶῐ
577 562 752 647 Je6l30vah,
769 562 838 604 Qui
854 562 935 595 dedi
953 563 989 594 in
1007 562 1095 594 mari
1108 562 1215 600 viam,
1232 568 1267 593 et
1284 561 1319 592 in
1337 561 1438 602 aquis
1455 560 1582 593 validis
1599 559 1792 593 semitam''

485 617 509 638 x
524 617 572 639 ιιι.
591 615 606 638 1
656 617 663 639 :

299 702 418 759 quod
436 715 515 756 per
533 706 558 722 “
572 715 692 743 mare
704 701 724 717 ”
741 702 811 743 hic
831 715 919 742 non
938 701 1219 754 intelligatur
1236 713 1371 750 mare,
1390 713 1472 741 nec
1492 714 1570 754 per
1588 703 1614 721 ‘⁴
1626 713 1763 754 aquas
1774 700 1793 716 '¹

298 765 614 818 intelligantur
644 779 799 819 aquae,
827 771 969 819 patet,
997 765 1100 818 quia
1131 764 1291 806 dicitur
1322 764 1441 818 quod
1472 764 1531 805 ibi
1558 763 1792 816 “Jehovae

299 828 371 869 via
395 834 442 869 et
473 829 635 869 semita
651 828 685 879 ;''
716 842 852 882 quare
883 841 962 882 per
989 826 1180 868 “mare’'
1206 833 1252 868 et
1284 840 1362 880 per
1389 830 1564 881 “aquas
1576 826 1595 842 ”
1625 826 1792 868 intelli-

298 897 466 947 guntur
487 890 597 932 talia
621 891 665 932 in
687 891 844 945 quibus
870 897 939 932 est
960 890 1165 943 Jehovah
1187 903 1265 931 seu
1291 890 1526 939 Dominus,
1550 903 1662 944 quae
1687 896 1791 931 sunt

300 954 586 1007 cognitiones
605 955 696 995 veri
718 955 762 994 in
785 954 1011 995 communi
1030 967 1089 994 ex
1107 952 1276 1002 Verbo,
1297 959 1342 994 et
1360 967 1466 994 vera
1487 953 1545 993 ibi
1563 966 1572 1004 ;
1602 956 1761 994 “mare
1773 952 1792 968 ''

299 1024 404 1059 sunt
427 1017 530 1058 illae
552 1018 851 1076 cognitiones,
875 1023 920 1058 et
944 1020 1124 1070 “aquae
1137 1015 1156 1031 ''
1170 1023 1275 1058 sunt
1289 1029 1420 1057 vera:
1448 1016 1731 1069 cognitiones
1745 1023 1792 1058 et

300 1095 406 1123 vera
431 1082 474 1122 in
501 1095 556 1122 eo
582 1080 803 1129 differunt,
831 1079 951 1134 quod
980 1080 1265 1133 cognitiones
1291 1080 1380 1121 sint
1406 1078 1621 1120 naturalis
1646 1079 1791 1120 homi-

302 1145 381 1193 nis,
410 1150 456 1186 et
482 1157 587 1186 vera
613 1142 866 1198 spiritualis.
927 1142 1065 1197 Apud
1090 1142 1351 1192 Jeremiam,

370 1246 392 1259 ‘⁸
404 1244 493 1276 Ecce
519 1243 595 1284 Ego
618 1244 762 1284 litigans
786 1243 886 1275 litem
903 1249 1012 1282 tuam,
1032 1248 1068 1275 et
1083 1243 1231 1274 ulciscar
1247 1243 1419 1275 ultionem
1437 1249 1545 1282 tuam,
1564 1249 1602 1275 ut
1618 1243 1792 1275 exsiccem

474 1298 572 1319 mare
584 1287 601 1299 ”
622 1287 774 1325 Babelis,
798 1288 820 1302 ⁴‘
831 1293 866 1319 et
882 1287 1072 1318 arefaciam
1090 1287 1342 1327 scaturiginem
1360 1287 1437 1327 ejus
1451 1298 1474 1319 :.
1490 1311 1496 1319 .
1511 1311 1518 1319 .
1533 1287 1715 1319 ‚ascendet
1736 1296 1794 1318 su-

475 1341 538 1372 per
557 1331 725 1363 Babelem
743 1341 853 1369 mare,
873 1330 1099 1363 multitudine
1123 1329 1293 1362 fluctuum
1310 1340 1455 1362 suorum
1473 1328 1614 1362 obtecta
1630 1329 1724 1362 erit”
1741 1330 1789 1371 (li.

475 1375 528 1415 36.
545 1374 622 1415 42);

301 1484 379 1525 per
411 1470 697 1512 “Babelem”
728 1470 1042 1524 intelliguntur
1073 1471 1146 1524 qui
1178 1470 1414 1524 profanant
1446 1470 1589 1522 bona3
1632 1473 1792 1511 “mare

303 1534 513 1575 Babelis''
539 1540 644 1575 sunt
676 1534 942 1575 traditiones
968 1547 1135 1582 eorum,
1163 1547 1277 1587 quae
1303 1539 1407 1574 sunt
1438 1533 1793 1574 adulterationes

299 1598 406 1639 boni
443 1611 502 1639 ex
534 1597 716 1648 Verbo3
761 1595 988 1638 “fluctus”
1028 1603 1132 1638 sunt
1173 1596 1285 1638 falsa
1325 1610 1505 1648 eorum;
1547 1595 1793 1638 destructio

300 1673 453 1702 eorum
480 1661 660 1714 quando
686 1660 893 1702 ultimum
914 1659 1129 1714 judicium
1156 1660 1422 1701 describitur
1443 1673 1521 1714 per
1542 1659 1619 1701 illa
1643 1659 1792 1700 verba.

301 1723 439 1777 Apud
465 1723 674 1773 eundem,

369 1819 561 1861 “Populus
578 1820 727 1851 veniens
744 1829 766 1851 a
782 1820 1037 1860 septentrione,
1057 1826 1092 1851 et
1107 1829 1197 1860 gens
1214 1829 1356 1860 magna.
1376 1825 1411 1851 et
1427 1829 1528 1860 reges
1546 1819 1647 1851 multi
1664 1818 1794 1850 excita-

475 1865 605 1895 buntur
621 1874 642 1895 a
666 1864 835 1895 lateribus
859 1870 973 1895 terrae
989 1873 1011 1900 2.
1027 1888 1034 1895 .
1048 1888 1055 1895 .
1071 1873 1157 1895 .vox
1181 1873 1303 1895 eorum
1325 1863 1415 1895 sicut
1432 1872 1528 1894 mare
1546 1862 1790 1899 tumultuatur,

474 1914 509 1939 et
526 1917 633 1948 super
649 1907 748 1949 equis
765 1906 954 1948 equitant”
970 1907 1006 1947 (l.
1026 1904 1114 1949 [41‚]
1132 1906 1209 1947 42);

302 2005 530 2059 “populus
548 2006 732 2046 veniens
754 2019 780 2046 a
802 2004 1143 2058 septentrione’'
1161 2010 1264 2046 sunt
1282 2004 1356 2058 qui
1376 2004 1420 2045 in
1442 2003 1562 2044 falsis
1580 2017 1639 2044 ex
1657 2003 1790 2053 m'alo,

302 2073 453 2121 “gens
489 2081 656 2122 magna
667 2067 687 2084 ”
723 2074 827 2109 sunt
856 2067 996 2116 mala,
1030 2074 1076 2108 et
1116 2071 1283 2120 “reges
1319 2066 1448 2107 multi
1459 2066 1478 2082 ”
1514 2072 1618 2107 sunt
1655 2066 1792 2117 falsa;

302 2131 484 2172 “latera
520 2137 666 2171 terrae
679 2130 698 2146 ''
734 2137 839 2172 sunt
877 2144 990 2184 quae
1028 2137 1161 2171 extra
1196 2130 1433 2171 ecclesiam
1470 2135 1516 2170 et
1553 2143 1667 2183 quae
1702 2143 1792 2170 non

300 2200 405 2234 sunt
423 2193 656 2242 ecclesiae,
678 2197 702 2213 “
716 2199 835 2234 terra
845 2193 865 2208 ''
883 2194 1002 2234 enim
1021 2199 1090 2234 est
1107 2192 1296 2234 ecclesia
1313 2206 1323 2243 ;
1357 2196 1484 2232 “vox
1504 2205 1655 2233 eorum
1679 2193 1794 2234 sicut

301 2269 422 2298 mare
445 2255 781 2305 tumultuatur‚'’
800 2262 870 2297 est
892 2256 1051 2296 falsum
1074 2270 1098 2296 e
1121 2255 1313 2296 naturali
1334 2255 1515 2296 homine
1537 2268 1584 2296 se
1607 2254 1794 2296 efferens

301 2326 460 2361 contra
477 2332 629 2360 verum
652 2318 868 2360 ecclesiae
886 2333 895 2369 ;
931 2319 1069 2372 “equi
1091 2332 1222 2372 super
1243 2318 1401 2371 quibus
1423 2317 1668 2371 equitant,’'
1689 2325 1794 2359 sunt

300 2383 534 2424 ratiocinia
559 2396 619 2423 ex
644 2382 828 2423 fallaciis
855 2395 1078 2423 sensuum.
1139 2381 1276 2435 Apud
1303 2381 1510 2429 eundem,

369 2478 564 2521 “Jehovah
582 2479 671 2510 dans
689 2479 802 2510 solem
820 2479 857 2510 in
874 2479 988 2511 lucem
1006 2478 1088 2516 diei,
1104 2483 1238 2510 statuta
1252 2478 1358 2509 lunae
1375 2482 1411 2509 et
1426 2476 1608 2508 stellarum
1626 2477 1661 2508 in
1680 2477 1794 2509 lucem

475 2521 602 2561 noctis,
620 2532 853 2554 commovens
867 2532 964 2554 mare
981 2528 1020 2554 ut
1036 2522 1296 2554 tumultuentur
1309 2519 1436 2552 fluctus
1449 2519 1527 2561 ejus
1539 2519 1557 2532 ”
1574 2519 1683 2560 (xxxi.
1703 2520 1778 2561 35);

299 2634 378 2674 per
406 2620 586 2662 “solem
597 2620 617 2636 ”
642 2634 701 2662 ex
729 2634 817 2674 quo
845 2620 963 2661 “lux
989 2619 1114 2669 diei,”
1136 2618 1413 2672 significatur
1437 2618 1603 2659 bonum
1630 2619 1793 2659 amoris

299 2683 508 2724 caelestis
530 2697 590 2724 ex
612 2698 700 2737 quo
722 2684 952 2737 perceptio
974 2683 1066 2724 veri
1084 2697 1093 2733 ;
1125 2696 1204 2736 per
1227 2685 1439 2722 “statuta
1459 2680 1591 2721 lunae
1614 2687 1659 2722 et
1682 2682 1792 2722 stel-

299 2748 442 2788 larum
455 2746 474 2763 ''
500 2761 558 2788 ex
585 2747 743 2801 quibus
771 2746 888 2788 “lux
914 2744 1097 2795 nostis?
1121 2745 1429 2799 significantur
1453 2758 1558 2785 vera
1583 2758 1641 2785 ex
1671 2745 1792 2786 bono

299 2809 530 2862 spirituali,
564 2815 610 2850 et
642 2823 700 2850 ex
734 2810 1082 2862 cognitionibus,
1109 2822 1136 2849 a
1166 2809 1323 2862 quibus
1354 2807 1682 2860 intelligentia;
1714 2821 1793 2860 per

301 2876 327 2892 ‘¹
342 2885 463 2913 mare
475 2871 494 2887 ’'
516 2872 635 2925 quod
658 2879 982 2920 commovetur,
1006 2878 1052 2912 et
1074 2885 1153 2925 per
1171 2869 1397 2912 “fluctus’'
1419 2871 1491 2923 qui
1513 2869 1791 2910 tumultuan—

299 2942 384 2981 tur,
422 2934 732 2987 significantur
772 2935 1027 2975 communia
1066 2935 1158 2975 veri
1198 2935 1243 2974 in
1279 2933 1471 2975 naturali
1511 2933 1706 2981 homine,
1744 2940 1790 2973 et

300 2997 558 3039 scientifica.
620 2997 758 3052 Apud
782 2997 985 3048 Esaiam,
