2060 3476
269 345 327 377 20
681 341 1012 375 APOCALYPSIS
1043 340 1342 374 EXPLICATA.

268 457 345 498 illa
386 456 627 511 percipere,
665 455 782 496 velle
823 460 869 496 et
907 454 1078 506 sacere3
1124 454 1228 496 inde
1267 460 1336 495 est
1373 453 1494 508 quod
1533 454 1753 507 “propin-

269 520 436 574 quum”
466 521 511 561 in
543 519 697 560 Verbo
723 517 945 572 significet
981 518 1281 571 praesentiam
1318 523 1364 558 et
1397 515 1755 570 conjunctionem

271 593 429 631 (videatur
448 602 480 624 n.
502 599 591 630 5911,
614 594 703 630 9378,
725 600 814 630 9997,
838 590 963 629 10001).
1025 579 1126 622 Hoc
1162 580 1457 634 propinquum
1493 579 1756 620 describitur

270 645 335 686 ita
359 645 477 698 apud
502 644 768 693 Jolzannem,

339 743 476 786 “Jesus
493 743 587 780 dicit,
604 742 672 784 Qui
689 748 785 774 amat
806 741 865 774 Me
882 742 1028 774 verbum
1046 751 1164 774 meum
1181 747 1311 780 servat,
1326 747 1362 774 et
1381 741 1488 773 Pater
1503 750 1604 773 meus
1620 741 1757 772 amabit

445 787 563 870 {231va
567 787 670 869 ²{ef-ad
688 787 786 818 illum
803 786 999 824 veniemus,
1019 791 1054 817 et
1071 786 1295 817 mansionem
1312 785 1407 826 apud
1430 785 1530 817 illum
1553 784 1724 816 faciemus
1737 783 1756 797 '⁶

520 854 528 863 ⁸
613 854 620 869 Ι

273 929 319 964 et
347 923 464 977 apud
490 923 696 972 eundem,

342 1019 449 1051 “Vos
466 1019 682 1060 cognoscitis
693 1018 711 1031 ”
731 1019 951 1051 Paracletum
969 1018 1136 1060 Spiritum
1153 1018 1324 1055 veritatis.
1347 1018 1462 1060 “quia
1484 1016 1578 1058 apud
1593 1026 1660 1049 vos
1683 1026 1760 1049 ma·

448 1069 520 1101 net,
540 1069 576 1095 et
592 1064 628 1095 in
647 1063 748 1095 vobis
765 1062 859 1095 erit’'
876 1063 961 1103 (xiv,
984 1063 1058 1103 17);
1762 1078 1764 1081 -

275 1161 532 1203 Paracletus
561 1160 788 1215 [Spiritus]
824 1161 1027 1202 veritatis
1059 1166 1127 1202 est
1160 1160 1369 1201 Divinum
1396 1159 1566 1200 Verum
1598 1172 1754 1213 proce-

275 1224 390 1265 dens
415 1238 441 1265 a
467 1225 690 1276 Domino;
724 1238 859 1278 quare
885 1224 1045 1265 dicitur
1070 1224 1190 1278 quod
1219 1223 1339 1264 “erit
1365 1223 1408 1263 in
1435 1222 1598 1263 vobis.”

359 1384 444 1430 1¹7.
484 1374 832 1429 Explicationes
863 1374 1100 1428 proximae
1130 1388 1209 1415 seu
1237 1386 1501 1415 communes
1526 1372 1762 1414 verborum

275 1438 644 1493 praecedentium
666 1438 947 1492 apparebunt
969 1438 1085 1478 sicut
1108 1451 1303 1492 sparsae,
1322 1438 1424 1491 quia
1446 1450 1537 1478 non
1559 1436 1764 1490 prolatae

275 1503 320 1543 in
346 1502 562 1543 continua
587 1502 714 1550 serie,
741 1501 861 1555 quod
892 1500 942 1542 fit
973 1501 1079 1545 dum
1108 1500 1438 1554 unumquodvis
1463 1501 1651 1541 seorsim
1681 1514 1764 1541 ex-

276 1566 471 1620 ponitur,
504 1571 551 1606 et
582 1565 731 1606 sensui
769 1564 962 1613 litterae,
996 1564 1069 1618 qui
1106 1563 1218 1605 alius
1249 1569 1334 1613 est,
1368 1577 1525 1605 sensus
1561 1564 1765 1604 internus

276 1628 538 1669 immediate
567 1628 860 1676 submittitur,
889 1632 935 1668 et
967 1626 1297 1680 unumquodvis
1328 1624 1558 1679 spectatur
1583 1639 1765 1679 separa-

277 1692 385 1732 tim:
419 1696 467 1732 at
493 1704 641 1745 usque·
658 1703 750 1731 non
774 1691 840 1731 ita
870 1689 919 1730 fit
945 1689 1002 1730 ab
1027 1689 1216 1742 angelis,
1245 1690 1318 1743 qui
1350 1690 1393 1729 in
1425 1703 1560 1730 sensu
1587 1690 1766 1730 interno

277 1759 409 1804 sunt;
442 1753 488 1794 hi
513 1767 604 1794 non
626 1753 783 1794 vident
809 1765 991 1794 sensum
1017 1752 1212 1801 litterae,
1237 1765 1320 1793 nec
1347 1753 1495 1793 sciunt
1518 1752 1685 1806 aliquid
1711 1752 1767 1794 de

276 1815 370 1865 illo,
394 1817 474 1857 sed
496 1817 633 1857 modo
655 1828 835 1857 sensum
857 1816 1110 1866 internum;
1142 1828 1275 1869 quem
1298 1816 1400 1869 quia
1422 1815 1579 1856 vident
1601 1816 1645 1856 in
1668 1814 1767 1856 luce

278 1879 406 1928 caeli,
434 1893 535 1921 eum
561 1879 718 1920 vident
748 1879 793 1919 in
825 1877 905 1919 tali
936 1878 1064 1928 serie,
1092 1884 1139 1919 et
1165 1879 1210 1919 in
1241 1878 1323 1919 tali
1354 1891 1490 1928 nexu,
1518 1884 1564 1919 et
1591 1891 1767 1932 quoque

278 1945 323 1984 in
349 1943 430 1985 tali
457 1943 599 1996 copia,
627 1948 674 1983 et
699 1942 803 1982 inde
829 1941 874 1982 in
900 1940 981 1982 tali
1007 1941 1243 1995 sapientia,
1271 1947 1320 1982 ut
1347 1953 1438 1981 non
1464 1941 1659 1994 exprimi
1684 1941 1767 1981 hu-

280 2007 424 2048 manis
449 2006 635 2046 vocibus
664 2011 710 2046 et
736 2004 938 2045 describi
959 2005 1116 2057 possit.
1179 2004 1315 2044 Ideae
1346 2003 1626 2056 angelorum,
1653 2016 1768 2057 quae

280 2075 386 2111 sunt
421 2068 690 2123 spirituales,
723 2067 862 2108 etiam
894 2066 1085 2107 mirabili
1121 2066 1257 2108 modo
1288 2066 1569 2120 conjungunt
1601 2067 1767 2117 omnia,

280 2138 328 2173 et
350 2131 742 2185 comprehendunt
765 2129 892 2184 plura
912 2142 1046 2183 quam
1072 2129 1210 2170 homo
1236 2135 1390 2183 potest
1412 2128 1561 2182 quoad
1583 2129 1768 2172 millesi-

283 2208 405 2236 mam
436 2200 613 2249 partem
639 2194 728 2234 suis
754 2193 878 2242 ideis,
906 2206 1020 2246 quae
1045 2198 1150 2233 sunt
1176 2191 1420 2242 naturales,
1448 2190 1691 2246 complecti
1721 2198 1768 2235 et

281 2258 416 2300 effari.

908 2414 1045 2438 νεικεῦς
1067 2406 1143 2446 4-6.

362 2480 450 2523 18.
487 2493 659 2521 ‘'dohannes
677 2494 788 2526 septem
802 2491 938 2520 Eccleslls
952 2498 1026 2526 quae
1040 2491 1070 2518 ln
1084 2491 1154 2518 Λεία
1164 2498 1174 2518 .·
1193 2490 1293 2518 Gratla
1308 2490 1388 2518 υοὺίε
1405 2492 1436 2518 et
1452 2498 1512 2523 pax
1526 2490 1564 2518 ab
1578 2491 1642 2524 Ipso
1657 2491 1707 2525 qul
1724 2493 1771 2519 ent

281 2535 312 2560 et
329 2534 378 2567 qui
394 2534 456 2566 fult
473 2535 505 2561 et
521 2534 570 2567 qui
588 2535 746 2564 venturus,-
771 2534 802 2559 et
818 2540 837 2559 a
854 2534 967 2564 septem
984 2531 1148 2564 spirltlbus.
1167 2531 1217 2565 qul
1236 2532 1307 2558 sunt
1325 2531 1355 2558 ln
1373 2533 1529 2563 conspectu
1546 2531 1645 2558 thronl
1665 2532 1769 2564 ‘pelue-

282 2574 301 2600 Ε
304 2576 317 2600 t
331 2582 349 2600 a
363 2574 434 2600 «lesu
449 2573 572 2605 Chri-sto,
587 2574 651 2606 lpse
668 2573 759 2600 Testls
768 2572 877 2605 fidelle.
894 2572 959 2604 lpse
973 2571 1183 2604 Prtmoqenitus
1198 2578 1235 2598 ex
1249 2571 1379 2602 mortula,
1393 2572 1424 2597 et
1441 2570 1506 2602 lpse
1520 2571 1658 2603 Princeps
1673 2578 1771 2604 requm

281 2616 399 2646 terraef
417 2614 529 2641 amanti
541 2621 602 2645 nos,
617 2615 647 2640 et
661 2613 772 2639 lavant!
784 2619 836 2639 nos
851 2619 869 2638 α
883 2611 1014 2644 peecatls
1026 2611 1136 2638 nostris
1148 2611 1178 2637 Ιη
1192 2610 1334 2643 sanquine
1345 2617 1406 2637 suo.
1443 2610 1464 2636 Ε
1465 2612 1478 2637 t
1489 2610 1567 2643 fecl't
1578 2618 1631 2637 nos
1643 2618 1728 2644 reyes
1740 2612 1771 2638 et

284 2656 451 2683 sacerdotes
466 2654 522 2681 Deo
535 2655 567 2680 et
580 2653 662 2680 Patr!
675 2660 746 2684 two,-
765 2652 825 2685 ΙρεΙ
838 2652 930 2685 gloria
944 2653 975 2678 et
988 2651 1075 2678 robur
1089 2651 1119 2677 1'n
1133 2651 1251 2677 naec-ula
1265 2651 1444 2677 saeculorum
1452 2658 1464 2682 ,-
1487 2650 1605 2677 «munst

305 2759 338 2790 4.
372 2748 605 2785 “dohannes,”
623 2746 785 2788 significat
804 2746 994 2778 Dominum
1011 2745 1124 2787 quoad
1137 2744 1328 2776 dodrinam
1341 2740 1401 2787 '[n.
1422 2743 1503 2786 19];
1537 2746 1691 2787 “septem
1709 2743 1769 2777 Εσ-

461 2791 618 2830 clesil's‚''
637 2791 798 2833 significat
821 2791 870 2821 ad
889 2800 999 2821 omnes
1021 2790 1094 2820 illos
1115 2789 1176 2830 qui
1197 2788 1234 2820 in
1250 2789 1340 2820 veris
1361 2799 1403 2819 ex
1418 2788 1509 2826 bono,
1524 2799 1580 2820 seu
1597 2788 1715 2830 infide
1728 2798 1771 2819 ex

460 2837 623 2868 charitate
635 2840 717 2867 sunt
733 2835 784 2878 [n.
799 2834 857 2877 20]
871 2845 881 2873 3
907 2833 960 2867 “sn
977 2832 1096 2870 ᾹεῘα,”
1111 2831 1271 2874 significat
1289 2833 1360 2864 illos
1370 2832 1432 2874 qui
1445 2833 1484 2863 in
1500 2833 1570 2863 luce
1585 2832 1769 2873 intelligen-

461 2881 528 2912 tiae
542 2885 624 2912 sunt
641 2880 691 2923 [n.
707 2879 766 2921 21]
781 2890 789 2910 :
816 2877 954 2911 “Gt-atla
973 2877 1066 2911 vobis
1082 2879 1119 2910 et
1132 2877 1239 2920 pax,''
1256 2876 1418 2917 significat
1430 2877 1627 2918 jucundum
1643 2876 1720 2907 veri
1729 2879 1771 2917 ,et

462 2925 542 2956 boni
559 2925 610 2967 [n.
628 2924 688 2966 22]
702 2934 711 2961 ;
737 2922 806 2956 “ab
823 2922 899 2966 Ipso
915 2921 975 2965 qui
988 2924 1044 2955 est
1058 2923 1095 2954 et
1107 2920 1166 2964 qm'
1181 2919 1247 2954 fuit
1262 2923 1297 2953 et
1311 2919 1371 2964 qm'
1387 2920 1591 2957 venturus,''
1609 2918 1769 2961 significat

461 2969 502 3001 ab
518 2969 590 3011 Ipso
606 2969 666 3011 qui
680 2972 725 2999 est
735 2978 830 2999 omne
841 2968 879 2998 in
891 2966 1042 2998 omnibus
1053 2966 1136 2997 caeli
1149 2969 1179 2996 et
1192 2965 1337 2996 ecclesiae
1348 2964 1389 2996 ab
1401 2969 1532 2996 aeterno
1546 2964 1583 2996 in
1599 2968 1769 2996 aeternum
