2060 3476
342 350 424 402 366
751 358 1083 392 APOCALYPSIS
1115 360 1413 394 EXPLICATA.

417 469 631 524 239[a].
670 470 756 511 “ft
789 483 945 512 caecus
976 475 1022 512 et
1048 471 1411 525 nudus.¹'—Quod
1451 472 1671 526 significet
1705 475 1825 528 quod

338 531 430 571 sint
453 532 616 584 absque
645 531 861 573 intellefft’u
886 533 993 582 veri,
1020 539 1062 574 et
1090 532 1253 587 absque
1282 533 1499 574 intelleau
1528 540 1570 574 et
1598 535 1819 577 voluntate

338 593 448 642 boni,
477 600 656 635 constat
688 608 745 635 ex
773 590 1098 648 significatione
1126 595 1323 644 “caeci,'’
1349 597 1467 649 quod
1499 597 1587 637 sint
1613 598 1685 650 q‘ui
1715 599 1841 639 abs-'

337 670 421 710 que
453 655 686 698 intelleEtu
710 658 802 698 veri
831 656 906 711 (de
937 672 1024 711 qua
1055 658 1273 712 sequitur)
1297 672 1305 708 ;
1338 665 1383 699 et
1410 672 1468 699 ex
1492 659 1817 712 significatione

339 723 362 738 “
381 718 525 766 nudi,”
557 719 675 772 quod
707 720 796 760 sint
827 721 900 773 qui
931 721 1098 773 absque
1129 720 1365 762 volun-tate
1396 721 1515 769 boni,
1548 722 1611 762 ita
1641 735 1817 776 quoque

336 782 502 835 absque
528 781 760 823 intellectu
791 782 882 835 ejus
912 781 987 835 (de
1018 796 1104 836 qua
1130 783 1266 823 etiam
1298 782 1530 837 sequitur).
1591 783 1724 836 Quod
1755 785 1816 826 illi

335 844 406 897 qui
438 845 481 885 in
513 843 716 885 doctrina
747 845 802 885 de
834 845 930 885 sola
955 845 1042 886 fide
1073 852 1118 886 et
1151 845 1213 885 de·
1233 844 1553 898 justificatione
1584 860 1662 900 per
1692 846 1814 888 illam

335 913 451 955 sunt,
485 908 652 960 absque
693 906 925 948 intellectu
957 908 1048 948 veri
1086 909 1189 956 sint,
1223 914 1430 949 constare
1471 915 1623 961 potest
1655 916 1725 950 ex'
1745 924 1813 960 eo,

334 970 451 1022 quod
474 969 571 1010 sola
592 969 700 1010 fides
719 984 795 1010 seu
818 970 927 1010 fides
950 971 1119 1024 absque
1142 970 1362 1011 charitate
1384 984 1474 1011 non
1496 971 1600 1012 alibi
1622 973 1815 1014 resideat

333 1045 464 1085 quarn
482 1033 525 1072 in
537 1033 762 1081 memoria,
779 1046 830 1088 ac
850 1046 939 1073 non
955 1032 1119 1087 aliquid
1138 1032 1228 1086 ejus
1246 1034 1288 1073 in
1303 1032 1536 1074 intellectu
1554 1048 1563 1084 ;
1590 1048 1813 1089 quaprop-

335 1101 400 1134 ter
415 1095 550 1134 etiam
573 1101 806 1136 removent
828 1093 1108 1136 intellectum
1131 1109 1156 1136 a
1178 1095 1308 1136 rebus
1329 1094 1445 1145 fidei,
1469 1096 1672 1137 dicentes
1694 1099 1812 1151 quod

332 1157 555 1197 credenda
587 1158 689 1206 sint,
717 1164 763 1198 et
795 1158 916 1211 quod
947 1156 1196 1199 intellectui
1229 1157 1336 1198 nihil
1368 1158 1429 1199 rei
1461 1159 1517 1199 sit
1550 1172 1649 1200 cum
1681 1161 1812 1201 rebus

333 1218 457 1260 fidei:
491 1221 553 1261 ita
571 1220 717 1261 dicere
734 1227 922 1274 possunt
941 1221 1147 1275 quicquid
1169 1221 1341 1270 volunt,
1366 1222 1457 1261 sive
1480 1221 1592 1262 foret
1616 1223 1813 1265 maxime

330 1281 502 1331 falsum,
531 1283 666 1324 modo
693 1284 837 1324 sciant
863 1284 1034 1325 adferre
1061 1284 1116 1324 ad
1149 1283 1535 1325 confirmationem
1562 1284 1726 1339 aliquid
1753 1300 1811 1327 ex

331 1358 462 1385 sensu
495 1345 673 1387 litterae
705 1346 859 1395 Verbi,
893 1346 1014 1399 cujus
1055 1360 1235 1387 sensum
1267 1346 1542 1400 spiritualem
1574 1347 1807 1400 ignorant:

330 1409 372 1448 in
399 1422 486 1461 quo
512 1407 625 1450 latet
651 1408 816 1463 aliquid
844 1410 985 1450 simile
1011 1415 1187 1450 statuto
1219 1409 1563 1459 Pontificiorum,
1591 1411 1710 1464 quod
1742 1418 1811 1453 est

331 1477 378 1511 ut
405 1485 561 1512 omnes
593 1473 821 1525 pendeant
853 1487 911 1513 ex
946 1487 1021 1513 ore
1053 1486 1220 1522 eorum,
1248 1473 1571 1526 persuadentes
1597 1475 1658 1515 sic
1691 1476 1810 1528 quod

330 1534 390 1574 illi
418 1535 562 1575 sciant
594 1541 639 1575 et
665 1535 863 1583 videant,
889 1548 988 1575 cum
1022 1542 1174 1576 tamen
1206 1535 1316 1576 nihil
1342 1535 1522 1576 vident:
1557 1537 1630 1590 qui
1661 1538 1811 1592 itaque

330 1610 417 1637 non
440 1597 608 1646 vident,
632 1597 716 1638 hoc
744 1604 828 1647 est,
852 1597 1113 1652 intelligunt
1140 1598 1217 1638 illa
1239 1612 1351 1652 quae
1374 1598 1577 1647 credunt,
1602 1598 1666 1640 illi
1689 1601 1810 1642 caeci

328 1666 443 1700 sunt.
506 1660 616 1700 Inde
639 1674 815 1715 quoque
838 1667 921 1710 est,
945 1661 1064 1714 quod
1091 1674 1169 1714 per
1190 1660 1267 1701 illa
1292 1674 1405 1714 quae
1428 1660 1529 1702 fidei
1551 1668 1694 1711 erunt,
1719 1676 1809 1704 non

328 1723 499 1775 possint
526 1722 736 1776 perficere
762 1724 928 1774 vitam;
962 1737 1065 1764 narn
1091 1724 1162 1764 via
1187 1723 1243 1764 ad
1267 1724 1406 1764 vitam
1429 1723 1621 1765 hominis
1647 1731 1716 1766 est
1741 1726 1808 1766 in-

327 1783 560 1836 telle&us;
593 1799 682 1827 non
708 1800 785 1840 per
801 1786 933 1826 aliam
956 1787 1072 1826 viam
1095 1786 1232 1827 homo
1255 1785 1303 1827 fit
1327 1786 1578 1840 spiritualis.
1639 1786 1808 1830 Omnes

326 1850 398 1904 qui
429 1850 472 1890 in
510 1849 636 1890 caelo
668 1855 771 1890 sunt
803 1849 959 1890 vident
990 1863 1096 1890 vera
1132 1848 1381 1899 intellectu,
1414 1856 1460 1891 et
1497 1851 1558 1891 sic
1590 1851 1808 1904 recipiunt

326 1912 427 1964 illa;
460 1926 573 1966 quae
599 1918 749 1953 autem
781 1925 871 1953 non
897 1912 1052 1953 vident
1084 1911 1332 1961 intellectu,
1361 1926 1451 1953 non
1482 1913 1728 1966 recipiunt3
1761 1922 1807 1956 et

325 1982 431 2017 tunc
459 1977 493 2016 si
520 1976 615 2030 quis
642 1975 698 2016 ad
730 1974 831 2016 illos
857 1974 979 2024 dicit,
1004 1975 1123 2029 quod
1154 1975 1264 2016 fides
1295 1976 1503 2016 habenda
1534 1977 1592 2017 sit
1624 1978 1806 2018 tametsi

324 2053 414 2080 non
447 2038 602 2079 vident
634 2052 712 2079 seu
742 2037 1019 2091 intelligunt,
1052 2052 1100 2078 se
1136 2045 1360 2087 avertunt,
1394 2038 1612 2088 dicentes,
1647 2038 1806 2093 “Quid

324 2102 438 2143 hoc?
470 2101 588 2155 quod
614 2101 744 2142 video
771 2115 847 2141 seu
873 2100 1079 2153 intelligo
1106 2100 1190 2141 hoc
1218 2101 1367 2150 credo,
1391 2101 1510 2154 quod
1537 2107 1688 2142 autem
1715 2116 1805 2144 non

323 2166 454 2206 video
491 2179 568 2205 seu
599 2163 818 2216 intelligo,
851 2164 936 2204 hoc
968 2177 1058 2204 non
1091 2164 1271 2204 credere
1303 2177 1512 2217 possum;
1554 2164 1669 2205 forte
1701 2173 1806 2207 sunt

322 2227 433 2268 falsa
458 2240 572 2280 quae
598 2227 833 2267 destruunt
860 2227 998 2266 vitam
1026 2225 1340 2279 spiritualem.'’
1400 2225 1533 2279 Quod
1565 2227 1627 2267 illi
1659 2228 1731 2281 qui
1761 2229 1806 2269 in

322 2288 526 2331 doctrina
557 2290 612 2330 de
648 2289 745 2329 sola
776 2288 862 2329 fide
894 2295 939 2330 et
977 2289 1032 2329 de
1065 2288 1386 2347 justificatione
1423 2303 1501 2342 per
1531 2289 1654 2330 illam
1686 2298 1804 2340 sunt,

321 2354 489 2406 absque
525 2350 760 2393 intelle&u
797 2352 902 2392 boni
940 2352 1042 2405 quia
1078 2352 1248 2405 absque
1284 2351 1521 2393 voluntate
1557 2353 1663 2394 boni
1700 2354 1804 2403 sint,

321 2423 531 2457 constare
553 2421 704 2468 potest
727 2429 785 2456 ex
809 2429 877 2464 eo,
901 2415 1019 2468 quod
1043 2428 1220 2468 prorsus
1243 2414 1350 2455 nihil
1372 2415 1429 2456 de
1452 2415 1672 2456 charitate
1698 2429 1805 2470 erga

321 2479 573 2531 proximum
606 2479 764 2526 sciant,
793 2477 979 2530 proinde
1006 2477 1113 2518 nihil
1145 2477 1200 2518 de
1231 2478 1377 2528 bono;
1410 2491 1543 2519 omne
1574 2479 1692 2519 enim
1723 2479 1804 2520 bo-

321 2554 425 2581 num
458 2540 685 2594 spirituale
718 2546 787 2581 est
819 2554 877 2580 ex
910 2540 1132 2581 charitate
1163 2546 1209 2581 et
1241 2540 1347 2581 nihil
1379 2541 1547 2594 absque
1579 2555 1656 2582 ea:
1695 2555 1803 2595 qua-

319 2610 503 2657 propter
542 2604 615 2657 qui
661 2610 872 2656 separant
912 2602 1046 2644 fidem
1087 2617 1114 2643 a
1158 2603 1393 2652 charitate,
1436 2603 1637 2645 dicentes
1682 2605 1802 2661 quod

319 2667 514 2707 charitas
540 2666 648 2707 nihil
675 2667 732 2706 ad
758 2666 949 2706 salutem
975 2666 1122 2715 saciat,
1149 2665 1229 2706 sed
1260 2665 1357 2706 sola
1381 2665 1505 2714 fides,
1532 2666 1595 2707 illi
1621 2680 1799 2720 prorsus

317 2729 532 2782 ignorant
564 2729 668 2782 quid
704 2729 887 2777 bonum,
920 2729 1023 2782 quia
1059 2729 1270 2781 ignorant
1302 2728 1407 2782 quid
1439 2725 1659 2780 charitas;
1701 2742 1820 2770 cum>

318 2799 472 2833 tamen
497 2791 663 2832 bonum
690 2790 918 2844 spirituale
944 2797 989 2831 et
1021 2790 1112 2844 ejus
1138 2789 1326 2840 affectio,
1354 2804 1468 2844 quae
1499 2791 1693 2832 charitas
1718 2805 1797 2832 vo-

318 2861 457 2903 catur,
481 2860 550 2895 est
572 2854 667 2907 ipsa
688 2855 779 2894 vita
802 2853 1041 2907 spiritualis
1063 2854 1268 2903 hominis,
1288 2860 1333 2894 et
1356 2853 1465 2894 fides
1487 2853 1609 2894 nulla
1630 2854 1798 2907 absque

316 2917 417 2958 illa:
459 2917 563 2957 inde
594 2923 721 2970 patet
753 2916 871 2970 quod
903 2917 991 2958 sint
1023 2917 1190 2970 absque
1218 2915 1453 2973 ¹intellectu
1485 2916 1602 2957 boni.
1666 2915 1796 2969 Quod

315 2980 399 3021 hoc
426 2980 591 3021 exinde
622 2980 692 3029 sit,
720 2981 821 3034 quia
852 2980 1019 3034 absque
1046 2979 1282 3021 voluntate
1313 2980 1417 3020 boni
1449 2985 1566 3029 sunt,
1594 2985 1662 3020 est
1695 2980 1796 3033 quia
