2060 3476
300 372 383 414 340
717 369 1047 403 APOCALYPSIS
1078 369 1377 402 EXPLICATA.

298 482 506 523 Domini:
541 496 676 536 quare
702 483 841 524 etiam
872 482 916 524 in
941 482 1159 524 Dodrz'na
1183 482 1337 524 Novae
1360 481 1692 536 Hz‘erosohtmae
1716 481 1783 523 ul-

298 546 412 586 timo
438 546 614 594 dicitur,
658 573 663 584 .

368 632 516 680 “Quod
535 634 700 669 Trinum
720 634 759 669 in
780 634 955 670 Domino
973 630 1035 675 sit,
1054 645 1196 679 nempe
1223 634 1350 679 ipsum
1374 633 1574 674 Divinum,
1595 633 1784 670 Divinum

299 679 541 723 Humanum,
561 688 601 716 et
629 681 816 716 Divinum
845 682 1073 727 procedens,
1092 689 1153 716 est
1171 691 1358 715 arcanum
1377 691 1399 716 e
1414 681 1536 721 caelo,
1555 688 1595 716 et
1619 692 1690 727 pro
1709 681 1785 716 illis

296 727 363 773 qui
383 728 421 761 in
441 727 577 763 saneta
597 727 876 774 Hierosolyma
893 728 1040 763 erunt'’
1060 729 1113 773 (n.
1134 736 1199 772 297
1221 727 1301 772 ibi).

297 819 431 873 Quod
458 821 542 862 hoc
570 822 627 862 sit
653 824 856 862 “nomen
881 821 1062 862 Domini
1084 820 1290 870 novum‚‘’
1313 827 1524 862 constare
1546 827 1701 875 potest
1719 831 1783 862 vex

295 898 364 932 eo,
388 884 509 937 quod
535 898 626 925 non
653 886 771 938 prius
793 886 837 925 in
859 884 1052 925 ecclesia
1073 885 1277 937 agnitum
1300 884 1443 926 fuerit.
1505 883 1624 937 Quid
1651 897 1784 939 porro

295 959 374 999 per
393 950 594 988 “nomen
606 947 845 1000 Jehovae,'’
863 951 888 968 “
901 947 1123 996 Domini,‘’
1137 953 1184 988 et
1201 947 1342 1000 “Jesu
1357 946 1524 988 Christi
1535 947 1554 962 '’
1569 948 1613 988 in
1628 947 1784 989 Verbo

295 1009 577 1062 intelligitur,
605 1011 811 1051 videatur
837 1024 969 1063 supra
997 1009 1059 1064 (n.
1086 1010 1153 1058 26,
1187 1021 1277 1058 102,
1311 1019 1400 1063 135,
1434 1010 1558 1064 148);
1591 1016 1638 1051 et
1664 1011 1783 1064 quod

294 1072 578 1125 intelligatur
612 1073 824 1114 Divinum
864 1073 1123 1113 Humanum
1163 1073 1345 1113 Domini
1385 1071 1446 1126 (n.
1479 1073 1533 1114 26
1570 1079 1615 1114 et
1658 1072 1781 1127 102):

294 1135 413 1188 quod
437 1136 522 1176 hoc
546 1150 624 1190 per
649 1140 852 1177 “nomen
873 1136 1104 1189 Jehovae''
1122 1135 1418 1189 intelligatur,
1439 1143 1508 1179 est
1531 1149 1665 1177 causa
1682 1138 1785 1190 quia

298 1199 531 1240 “nomen”
557 1201 601 1240 in
629 1199 784 1241 Verbo
811 1199 1035 1252 significat
1062 1199 1194 1253 quale
1221 1205 1369 1240 status
1395 1206 1441 1240 et
1468 1200 1530 1240 rei
1559 1198 1785 1253 (videatur

294 1274 440 1315 supra,
469 1275 510 1302 n.
543 1262 667 1317 148);
701 1269 747 1304 et
776 1262 908 1317 quale
940 1262 1152 1303 Divinum
1185 1276 1263 1316 per
1294 1263 1414 1316 quod
1447 1263 1599 1303 omnia
1630 1269 1783 1303 creata

294 1331 399 1366 sunt
426 1332 472 1367 et
498 1325 610 1367 fiunt
635 1327 679 1367 in
707 1326 844 1367 caelis
871 1332 917 1367 et
944 1327 987 1366 in
1014 1326 1158 1374 terris,
1183 1331 1253 1366 est
1282 1325 1494 1366 Divinum
1523 1325 1783 1366 Humanum

295 1388 492 1439 Domini,
520 1391 635 1431 sicut
664 1390 802 1431 etiam
829 1390 992 1430 dicitur
1017 1389 1135 1443 apud
1161 1389 1427 1438 Jolzannem,

362 1477 438 1510 “In
462 1478 637 1554 &incipio
661 1484 736 1511 erat
753 1479 920 1528 Verbum,
941 1484 976 1510 et
991 1478 1148 1519 Verbum
1166 1483 1242 1553 egit
1263 1478 1358 1518 apud
1382 1477 1509 1516 Deum,
1529 1484 1564 1509 et
1590 1478 1686 1509 Deus
1689 1483 1787 1552 6{erat

467 1523 624 1598 esetss'ih‘i‘i
636 1528 989 1607 &4013221‘31325‘35
1001 1521 1350 1606 .¹?.⁵e¹²t¹¹¹m{1³ndi¹15¹},2{'
1359 1521 1694 1605 ιῗςίῗῗὲᾎξοεὲῗ.
1706 1589 1713 1596 .
1725 1531 1784 1597 ῩΪἾ

469 1609 514 1641 Et
530 1609 686 1641 Verbum
704 1609 798 1641 Caro
815 1608 948 1641 factum
965 1615 1030 1647 est,
1047 1616 1082 1640 et
1097 1609 1272 1640 habitavit
1288 1609 1380 1640 inter
1397 1618 1474 1646 nos,
1491 1614 1526 1640 et
1542 1608 1695 1640 vidimus
1711 1608 1786 1648 glo-

467 1653 568 1729 ἶὲῗὲῐξ,
584 1653 712 1737 {ipim}
732 1653 884 1737 18ὲοὶἰὲιῖῐῇ
908 1659 946 1685 ut
965 1653 1149 1693 Unigeniti
1173 1662 1195 1684 a
1220 1652 1336 1691 Patre,
1356 1652 1483 1693 plenus
1506 1652 1622 1692 gratia
1644 1657 1680 1683 et
1696 1651 1786 1703 veri-

613 1722 619 1729 ·
657 1713 680 1719 -
705 1722 712 1735 ν
774 1722 781 1735 ι
867 1722 873 1736 5

293 1800 351 1827 ex
375 1786 442 1827 his
465 1792 673 1827 constare
696 1792 849 1839 potest
872 1785 990 1826 unde
1007 1792 1077 1826 est
1095 1785 1214 1839 quod
1238 1798 1316 1838 per
1336 1788 1359 1805 “
1374 1798 1539 1825 nornen
1555 1782 1785 1837 Jehovae'’

292 1846 572 1902 intelligatur
599 1849 810 1889 Divinum
838 1849 1099 1889 Humanum
1126 1848 1321 1889 Domini.
1384 1847 1516 1901 Quod
1543 1847 1627 1888 hoc
1650 1846 1784 1887 intel-

294 1911 459 1954 lectum
483 1914 540 1954 sit
566 1913 611 1953 in
634 1912 789 1953 Verbo
815 1926 893 1966 per
917 1915 1120 1952 “nomen
1141 1911 1379 1965 Jehovae,”
1402 1910 1658 1951 manifestat
1682 1909 1784 1963 Ipse

293 1976 512 2017 Dominus
538 1976 655 2029 apud
682 1975 949 2024 Jolmnnem,

354 2064 458 2106 Jesus
476 2065 574 2103 dixit,
598 2065 620 2079 “
637 2064 742 2096 Pater
758 2064 918 2104 glorifica
935 2074 1066 2095 nomen
1086 2070 1206 2101 tuum;
1231 2069 1266 2095 et
1283 2062 1381 2094 venit
1397 2072 1467 2094 vox
1489 2072 1508 2094 e
1532 2062 1631 2094 caelo
1647 2062 1781 2098 dicens.

468 2108 512 2139 Et
528 2108 723 2148 glorificavi
740 2114 775 2139 et
793 2118 913 2139 rursus
930 2108 1138 2148 glorificabo
1149 2107 1166 2119 ¹’
1183 2107 1255 2147 (xii.
1274 2108 1328 2147 28)
1342 2116 1348 2144 ;

294 2196 581 2250 “glorificare
594 2196 612 2211 '’
639 2203 708 2237 est
736 2196 947 2236 Divinum
973 2196 1143 2237 facere:
1177 2202 1223 2236 et
1249 2195 1366 2249 apud
1393 2195 1599 2244 eundem,

355 2286 460 2329 Jesus
473 2286 573 2324 dixit,
594 2287 616 2300 “
628 2285 858 2317 Manifestavi
873 2291 971 2317 tuum
986 2295 1117 2316 nomen
1131 2285 1336 2316 hominibus
1350 2294 1373 2322 ;.
1389 2310 1396 2316 .
1410 2309 1416 2316 .
1433 2290 1482 2317 ‚et
1496 2290 1620 2316 notum
1634 2284 1701 2316 feci
1717 2283 1786 2315 illis

466 2339 598 2361 nornen
615 2335 725 2368 tuum,
746 2335 782 2361 et
798 2335 922 2361 notum
939 2328 1097 2360 faciam’¹
1115 2329 1211 2369 (xvii.
1230 2327 1296 2370 [6,]
1317 2329 1382 2369 26).

370 2434 494 2478 225.
527 2434 632 2473 [Vm.
656 2435 717 2473 13-]
750 2424 946 2464 “Habetis
967 2436 1108 2463 aut-em
1130 2423 1271 2463 audiat
1289 2422 1384 2476 quid
1404 2421 1575 2474 Spiritus
1599 2421 1698 2461 dicit
1716 2434 1787 2461 ec-

246 2493 252 2502 ¹
292 2484 666 2537 clesiis.''—Quod
696 2483 919 2536 significet
944 2483 1063 2537 quod
1087 2483 1166 2536 qui
1194 2482 1414 2535 intelligit
1436 2481 1652 2522 auscultet
1675 2481 1790 2534 quid

290 2546 502 2587 Divinum
535 2546 694 2587 Verum
717 2546 956 2598 procedens
981 2560 1010 2586 a
1034 2544 1220 2585 Domino
1245 2544 1363 2584 docet
1386 2550 1428 2584 et
1451 2543 1560 2584 dicit
1589 2542 1684 2583 illis
1709 2542 1790 2596 qui

290 2609 346 2650 ab
370 2609 545 2649 ecclesia
565 2609 716 2661 Ipsius
742 2615 858 2657 sunt,
887 2614 1068 2649 constat
1095 2622 1154 2649 ex
1180 2607 1266 2648 illis
1292 2620 1406 2661 quae
1433 2619 1564 2659 supra
1593 2605 1654 2660 (n.
1684 2604 1780 2659 108)

290 2670 410 2714 dicta
436 2679 555 2721 sunt,
583 2672 655 2712 ubi
683 2671 855 2712 similia.

472 2812 491 2819 .-

902 2837 1039 2861 vmzsus
1058 2837 1173 2869 14-22.

369 2901 495 2942 226.
534 2914 595 2941 “ft
606 2914 711 2947 Anqeto
724 2915 871 2941 Ecclesiae
884 2915 1098 2941 Laodlcenslum
1113 2914 1210 2941 scribe
1219 2922 1229 2940 :
1247 2913 1323 2940 Haec
1337 2913 1409 2940 diclt
1423 2913 1518 2944 Amen,
1537 2912 1628 2940 Testls
1637 2911 1739 2945 fidelis
1753 2913 1785 2939 et

290 2962 383 2986 verus,
399 2955 572 2987 Principium
591 2955 700 2988 opifici!
717 2955 774 2981 Del.
811 2955 882 2982 Νουι·
898 2957 950 2981 tua
967 2962 1064 2987 opera,
1081 2955 1156 2988 quod
1172 2961 1225 2981 nec
1240 2954 1370 2987 frlqldus
1387 2954 1432 2980 εῘε
1450 2960 1502 2980 nec
1520 2953 1652 2984 calidu⁸,·
1671 2952 1782 2979 utinam

285 2992 415 3025 frlqldus
429 3000 514 3019 esses
528 2994 580 3019 aut
594 2993 715 3019 calidus.
752 2993 851 3026 ltaque
866 2994 934 3026 quia
950 2993 1065 3025 tepidus
1080 3000 1121 3024 ee,
1138 2994 1168 3019 et
1182 2999 1234 3018 neo
1249 2991 1378 3025 frigidus
1394 2998 1447 3018 nec
1461 2991 1583 3022 calidus,
1598 2990 1730 3023 futurum
1752 2991 1783 3016 te

289 3037 415 3058 evomam
430 3038 466 3058 ex
481 3038 530 3058 ore
545 3038 614 3058 meo.
653 3031 729 3064 Quod
743 3031 825 3058 dlcas
838 3032 912 3064 quod
927 3031 1007 3058 dlves
1021 3031 1076 3058 alm
1091 3033 1121 3057 et
1136 3031 1337 3063 locupletatus.
1352 3031 1383 3057 et
1398 3030 1503 3056 nulllus
1517 3036 1590 3061 opus
1606 3029 1738 3059 habeam,
1753 3030 1784 3055 et
