2060 3476
267 350 347 393 134
679 348 1014 381 APOCALYPSIS
1045 349 1345 384 EXPLICATA.
1391 338 1396 344 ¹

331 461 410 494 “In
435 461 553 493 medio
577 461 715 502 plateae
739 466 775 493 et
798 461 894 493 fluvii
925 460 1101 498 (exeuntis
1125 472 1144 494 e
1169 463 1299 494 throno
1326 462 1392 494 Dei
1416 469 1452 494 et
1475 462 1597 504 Agni).
1615 462 1698 496 hinc
1720 471 1756 496 et

436 506 519 537 hine
535 506 641 537 arbor
657 506 751 537 vitae
768 505 903 537 faciens
920 504 1055 538 frudius
1072 506 1256 538 duodecim
1271 506 1288 517 ''
1305 506 1402 547 (xxii.
1421 504 1487 548 [1‚]
1507 506 1559 545 2);

292 600 308 636 t
333 594 553 635 “arbores
577 593 807 647 Jehovae”
833 594 951 648 apud
979 594 1214 644 Davidem,

331 683 575 767 “Satur-antigii
596 684 742 715 arbores
765 683 935 725 Jehovae,
955 688 990 716 et
1014 683 1108 716 cedri
1133 683 1258 716 Libani
1275 693 1363 725 quas
1388 682 1590 725 plantavit”
1607 682 1754 724 (Psalm.

435 737 503 759 civ,
523 736 536 759 1
590 738 597 759 ;

261 814 365 855 inde
405 828 582 868 quoque
627 820 754 868 patet
794 814 914 868 quod
959 829 1037 869 per
1076 815 1320 856 “arborem
1361 815 1482 855 vitae
1522 814 1567 854 in
1608 814 1757 856 medio

262 878 487 931 paradisi”
509 878 791 931 intelligatur
807 879 953 919 omnis
974 878 1107 920 arbor
1128 879 1200 927 ibi,
1220 878 1305 919 hoc
1329 884 1413 927 est,
1433 878 1579 918 omnis
1603 877 1755 926 homo,

261 942 305 982 in
329 941 449 994 cujus
472 942 635 990 medio,
659 941 744 982 hoc
768 947 852 990 est,
875 941 919 982 in
942 955 1029 995 quo
1051 948 1120 983 est
1144 941 1377 982 Dominus.
1439 940 1514 981 Ex
1537 941 1605 982 his
1628 947 1674 982 et
1696 955 1756 982 ex

261 1004 349 1045 illis
370 1018 484 1058 quae
506 1005 550 1046 in
577 1005 879 1058 praecedente
904 1005 1094 1046 articulo
1120 1011 1305 1046 ostensa
1331 1010 1450 1053 sunt,
1474 1004 1575 1045 sciri
1602 1010 1756 1058 potest

262 1068 367 1122 quid
404 1067 682 1121 significatur
717 1081 795 1121 per
825 1067 946 1121 quod
983 1067 1204 1109 Dominus
1241 1067 1426 1108 daturus
1463 1068 1520 1108 sit
1557 1067 1757 1109 vincenti

264 1131 436 1172 “edere
462 1131 518 1172 de
543 1131 701 1172 arbore
726 1132 847 1172 vitae
873 1144 985 1185 quae
1010 1131 1054 1172 in
1081 1131 1229 1172 medio
1256 1130 1449 1185 paradisi
1475 1129 1596 1171 Dei.”

876 1301 1013 1326 VERSUS
1037 1294 1133 1326 8—11.

341 1371 458 1404 111.
495 1375 557 1403 “ft
567 1375 673 1409 Anaelo
685 1375 832 1403 fecte-stae
844 1375 1065 1410 Smyrnaeorum
1078 1375 1175 1403 scribe
1183 1383 1194 1402 ,-
1212 1375 1290 1403 Ηαοσ
1302 1376 1376 1403 dlolt
1389 1375 1503 1402 Primus
1515 1377 1548 1402 et
1563 1375 1694 1407 Ultlmue.
1709 1375 1759 1409 qul

258 1413 322 1447 fult
335 1417 466 1443 mortuus
480 1418 511 1443 et
525 1416 604 1443 υΙυΙτ,
641 1416 710 1443 Novi
721 1418 773 1443 tua
785 1423 882 1449 ορονα,
897 1418 928 1443 et
939 1416 1124 1450 afflictionem
1137 1418 1168 1443 et
1181 1418 1397 1449 paupertatem.
1411 1416 1494 1443 dlues
1508 1416 1563 1442 sed
1576 1423 1618 1448 ee,
1633 1417 1665 1443 et
1679 1416 1758 1444 blae-

260 1453 402 1484 phemiam
417 1454 570 1480 dlcentlum
584 1454 710 1481 «ludaeos
725 1461 791 1481 esse
809 1461 842 1481 ee
860 1455 891 1481 et
904 1461 959 1480 non
974 1452 1050 1485 'eunt'
1066 1454 1120 1481 sed
1136 1461 1283 1487 synaqoya
1298 1455 1430 1481 satanae.
1467 1453 1544 1480 mml
1561 1453 1666 1480 timeas
1684 1461 1758 1487 quae

259 1490 379 1523 futurus
394 1498 426 1518 es
444 1491 508 1524 pat!
515 1500 526 1523 ,-
551 1499 616 1518 ecoe
631 1491 762 1524 futurum
781 1493 814 1518 ut
826 1492 961 1525 consto-lat
975 1499 1011 1518 ex
1027 1491 1107 1518 vobis
1125 1491 1256 1518 dlabolus
1273 1491 1303 1518 Ιη
1321 1491 1489 1523 ουσΐοαΙαιη,
1504 1492 1538 1518 ut
1553 1491 1710 1523 tentemlnl,
1727 1493 1757 1519 et

261 1529 404 1556 habebitis
419 1529 600 1563 affilatlonem
615 1529 715 1556 diebus
730 1530 825 1556 decem
835 1537 844 1555 :
868 1531 931 1556 esto
944 1529 1043 1562 fidells
1058 1536 1150 1562 usque
1164 1529 1203 1555 ad
1217 1530 1346 1560 mortem,
1361 1530 1395 1556 et*
1406 1529 1480 1555 dabo
1495 1529 1551 1555 tlh!
1564 1535 1698 1556 coronam
1714 1529 1758 1556 υΙ-

261 1569 336 1631 ‘aaa
357 1567 471 1594 nubens
485 1574 585 1594 aurem
599 1567 702 1594 audiat
720 1567 789 1600 qum
806 1567 934 1599 splrltus
949 1567 1023 1594 dlolt
1037 1567 1171 1594 eooleellc
1178 1574 1190 1599 ,·
1216 1566 1334 1593 vincens
1349 1573 1404 1593 non
1418 1567 1552 1593 laedetur
1565 1574 1584 1594 a
1599 1568 1692 1594 morte
1706 1573 1757 1594 ee-

261 1612 315 1632 cun
336 1606 386 1632 a.''

306 1694 338 1727 8.
373 1694 435 1728 “ft
456 1693 580 1738 Anyelo
603 1693 776 1728 Ecclesiae
795 1692 1058 1736 Smyrnaeorum
1079 1692 1220 1730 scribe,”
1244 1694 1409 1736 significat
1432 1695 1482 1726 ad
1501 1695 1759 1727 recordationem

439 1740 507 1771 illis
523 1740 617 1770 intra
633 1740 810 1777 ecclesiam,
827 1740 888 1781 qui
902 1740 1024 1771 volunt
1046 1740 1230 1781 intelligere
1250 1739 1401 1778 Verbum,
1417 1744 1449 1770 et
1470 1740 1621 1771 nondum
1639 1740 1758 1771 intelli-

432 1788 533 1825 gunt,
543 1788 575 1815 et
585 1784 663 1814 inde
666 1788 796 1825 parum
809 1784 920 1815 adhuc
932 1784 969 1815 in
983 1784 1222 1825 cognitionibus
1236 1784 1313 1815 veri
1323 1789 1353 1815 et
1362 1784 1442 1815 boni
1450 1788 1540 1822 sunt,
1553 1794 1636 1826 quas
1647 1789 1758 1815 tamen

438 1829 531 1859 corde
546 1828 736 1859 desiderant
753 1827 803 1870 [n.
825 1827 924 1870 112];
952 1827 1063 1861 “Haec
1079 1827 1162 1860 dicit
1184 1827 1321 1861 Primus
1337 1829 1375 1860 et
1396 1827 1578 1865 Ultimus,''
1597 1827 1759 1869 significat

438 1873 628 1904 Dominum
644 1872 705 1914 qui
726 1872 840 1903 onmia
860 1883 901 1904 ex
924 1872 1058 1904 Divino
1082 1872 1244 1903 Humano
1261 1883 1302 1903 ex
1317 1872 1445 1913 primis
1459 1877 1525 1914 per
1538 1872 1660 1903 ultima
1677 1872 1760 1914 regit

442 1917 494 1960 [n.
517 1916 616 1959 113];
643 1916 725 1960 “qui
747 1915 815 1950 tuit
831 1918 988 1950 mortuus
1009 1919 1046 1950 et
1066 1915 1187 1953 virit,''
1206 1915 1372 1958 significat
1391 1917 1482 1958 quod
1500 1917 1650 1958 rejeaus,
1665 1921 1697 1947 et
1709 1920 1757 1948 ta-

439 1972 513 1992 men
530 1961 570 1992 ab
587 1961 659 2002 Ipso
675 1962 748 1992 vita
764 1966 899 1992 aeterna
920 1961 972 2004 [n.
993 1969 1067 2000 114,
1088 1959 1182 2003 115].

299 2036 338 2069 -9.
372 2025 479 2059 “Nori
493 2028 552 2059 tua
565 2026 710 2068 opem.''
723 2024 885 2068 significat
898 2037 1042 2057 amorem
1061 2025 1112 2068 [n.
1130 2034 1143 2056 1
1153 2024 1230 2067 16];
1258 2027 1314 2058 “et
1328 2024 1584 2063 amitttIonem,''
1597 2024 1760 2066 significat

437 2071 640 2102 anxietatem
662 2081 704 2101 ex
726 2071 885 2102 desiderio
901 2070 1113 2112 cognoscendi
1127 2080 1209 2101 vera
1231 2069 1282 2112 [n.
1304 2069 1402 2111 117];
1431 2071 1488 2102 “et
1505 2071 1756 2112 paupertatem,

439 2114 537 2148 dives
553 2114 618 2147 sed
637 2114 716 2152 es,''
735 2114 900 2155 significat
916 2115 1120 2155 agnitionem
1137 2114 1227 2156 quod
1247 2114 1341 2145 nihil
1360 2124 1402 2144 ex
1416 2124 1448 2145 se
1461 2114 1571 2145 sciant
1587 2114 1638 2156 [n.
1659 2112 1754 2156 118];

440 2161 497 2192 “et
518 2158 761 2202 blasphemiam
778 2157 960 2191 dicentium
976 2158 1131 2191 ‘ludaeos
1156 2167 1237 2191 esse
1253 2167 1294 2191 se
1311 2159 1348 2190 et
1368 2167 1433 2191 non
1456 2158 1580 2195 sunt,''
1597 2157 1760 2199 significat

438 2203 660 2235 investionem
673 2203 714 2234 ab
730 2203 798 2234 illis
810 2203 872 2244 qui
878 2207 1007 2244 putant
1019 2214 1051 2234 se
1063 2203 1100 2233 in
1114 2202 1358 2244 cognitionibus
1370 2202 1449 2233 boni
1462 2207 1494 2233 et
1507 2202 1584 2233 veri
1594 2212 1666 2240 esse,
1679 2202 1760 2243 quia

439 2248 563 2279 habent
583 2247 733 2284 Verbum,
746 2251 777 2278 et
790 2251 901 2278 tamen
914 2257 983 2278 non
995 2251 1077 2278 sunt
1095 2246 1146 2289 [n.
1164 2254 1176 2277 1
1187 2245 1265 2288 19];
1292 2245 1380 2279 “sed
1393 2255 1569 2289 synagoga
1585 2235 1760 2284 susanae?

436 2291 600 2333 significat
615 2292 805 2323 doc‘trinam
821 2292 972 2322 omnium
979 2292 1152 2334 falsorum
1168 2291 1262 2332 apud
1275 2290 1347 2322 illos
1366 2290 1417 2333 [n.
1439 2290 1529 2334 120].

288 2364 339 2389 10.
372 2356 441 2390 “Me
457 2356 580 2390 timeas
595 2365 683 2399 quae
708 2357 848 2389 tuturus
871 2365 910 2389 es
930 2355 1044 2398 patl,''
1063 2354 1228 2396 significat
1244 2355 1298 2386 Ne
1312 2355 1446 2386 doleant
1460 2355 1551 2397 quod
1563 2355 1643 2386 tales
1652 2360 1760 2396 perse-

439 2405 595 2443 quantur
607 2411 662 2431 vos
681 2399 732 2443 [n.
754 2399 849 2449 121];
876 2404 978 2433 “ecce
1003 2401 1166 2437 futurum,
1186 2401 1224 2432 ut
1239 2398 1399 2442 conjiciat
1421 2409 1463 2432 ex
1484 2398 1579 2432 robis
1603 2398 1761 2433 diabolus

439 2444 474 2478 Ῐη
491 2443 722 2481 custoditxm,''
741 2443 902 2485 significat
918 2445 1007 2486 quod
1026 2444 1088 2485 qui
1109 2444 1147 2475 in
1162 2444 1267 2485 falsis
1290 2455 1331 2474 ex
1355 2444 1443 2474 malo
1465 2448 1555 2481 sunt,
1573 2443 1764 2485 aggressicri

439 2489 618 2531 deprivare
633 2489 705 2520 illos
716 2489 811 2519 omni
823 2499 900 2520 vero
916 2499 957 2519 ex
977 2488 1074 2519 Verbo
1093 2488 1144 2530 [τι.
1162 2487 1262 2529 122];
1290 2490 1349 2520 “ut
1365 2486 1580 2525 tentemini,'¹
1596 2486 1762 2529 significat

440 2534 519 2565 inde
539 2533 780 2564 incrementum
796 2533 952 2564 desiderii
971 2532 1049 2564 veri
1074 2532 1127 2575 [n.
1148 2531 1249 2574 123];
1277 2534 1335 2564 “et
1355 2531 1525 2565 habebitis
1541 2531 1761 2565 affiictionem

441 2577 561 2611 diebus
584 2577 742 2614 decem,''
758 2576 923 2618 significat
939 2575 1029 2618 Quod
1049 2577 1216 2618 infestatio
1231 2580 1263 2607 et
1283 2576 1362 2607 inde
1376 2577 1514 2607 tentatio
1530 2577 1700 2612 duratura
1718 2577 1764 2608 sit

441 2622 555 2663 aliquo
577 2626 717 2663 tempore
736 2621 787 2663 [n.
808 2620 907 2663 124];
935 2623 1031 2654 “esto
1055 2620 1165 2654 fideii&
1190 2629 1300 2663 usque
1322 2619 1370 2653 ad
1391 2620 1577 2658 mortem,''
1595 2619 1761 2661 signifieat

432 2666 706 2709 permanentiam
723 2666 760 2696 in
777 2666 867 2696 veris
883 2665 1048 2707 adfinem
1070 2665 1121 2708 [n.
1143 2664 1222 2706 125]
1233 2676 1242 2702 ;
1269 2667 1327 2697 “et
1341 2663 1427 2698 dabo
1447 2663 1510 2697 tibi
1530 2673 1690 2697 coronam
1710 2663 1759 2698 ri-

442 2711 539 2748 tae,''
557 2709 719 2752 significat
734 2709 931 2750 sapientiam
947 2714 978 2740 et
992 2709 1070 2741 inde
1075 2709 1273 2751 felicitatem
1289 2713 1460 2740 aeternam
1481 2709 1532 2752 [n.
1554 2707 1648 2751 126].

290 2783 341 2808 11.
375 2773 530 2808 “liabens
549 2783 668 2807 aurem
685 2772 805 2806 audiat
824 2772 907 2816 quid
929 2771 1077 2815 Spiritus
1094 2770 1178 2805 dicit
1199 2771 1399 2810 ecclesiis‚''
1418 2771 1583 2814 significat
1599 2773 1690 2814 quod
1701 2773 1762 2814 qui

442 2818 601 2859 intelligit
615 2818 776 2849 auscultet
790 2817 876 2859 quid
887 2817 1063 2848 Divinum
1091 2816 1210 2847 Verum
1225 2837 1227 2839 -
1227 2817 1405 2858 procedens
1420 2827 1442 2847 a
1458 2816 1608 2848 Domino
1623 2817 1712 2847 docet
1732 2822 1763 2849 et

443 2863 525 2895 dicit
535 2862 602 2893 illis
614 2862 674 2904 qui
684 2862 724 2892 ab
736 2862 866 2892 ecclesia
882 2861 991 2902 Ipsius
1002 2865 1083 2892 sunt
1097 2861 1146 2903 [n.
1165 2860 1264 2903 127];
1292 2863 1349 2893 “et
1366 2860 1505 2893 vlncens
1520 2869 1587 2899 non
1604 2859 1760 2893 laedetur

442 2917 465 2940 α
480 2908 589 2939 morte
605 2905 796 2943 secunda‚''
813 2904 977 2946 significat
992 2906 1081 2947 quod
1092 2905 1153 2946 qui
1166 2909 1345 2946 permanet
1359 2905 1397 2936 in
1416 2905 1571 2946 genuina
1587 2904 1761 2947 affectione

442 2951 520 2983 veri
532 2951 691 2993 adfinem
708 2950 798 2981 vitae
812 2960 892 2981 suae
914 2949 951 2980 in
969 2950 1100 2986 mundo,
1122 2949 1159 2980 in
1176 2959 1302 2980 novum
1320 2949 1447 2980 caelum
1463 2952 1628 2980 venturus
1644 2948 1690 2979 sit
1706 2947 1756 2991 [n.

447 2994 541 3038 128].
