2060 3476
609 357 715 392 cAP.
740 358 825 399 111.,
849 357 988 390 VERs.
1018 357 1187 389 12.—N.
1212 358 1306 400 224.
1373 352 1377 357 '
1623 358 1705 400 339

278 476 300 489 ‘⁴
314 474 576 506 Paterfamilias
589 473 796 514 indignatus
813 473 902 504 dixit
917 482 1035 509 servo,
1055 472 1124 504 Abi
1142 471 1241 503 ocius
1265 471 1300 502 in
1319 471 1455 512 plateas
1480 477 1515 502 et
1532 471 1629 502 vicos
1646 481 1703 502 ur-

381 519 448 557 bis,
465 528 504 550 ac
518 527 702 559 pauperes,
719 527 878 554 mancos,
895 517 1041 548 claudos
1055 523 1090 547 et
1101 525 1226 547 caecos
1238 515 1400 546 introduc
1417 515 1486 546 huc
1497 514 1516 526 ''
1529 514 1613 554 (xiv.
1629 515 1703 555 21);

208 614 330 668 quod
356 613 571 654 “abirent
593 613 638 654 in
659 612 838 666 plateas
860 618 906 652 et
928 612 1052 652 vicos
1075 611 1194 652 urbis
1207 610 1226 625 ''
1245 609 1470 663 significat
1493 610 1613 663 quod
1635 610 1703 651 in-

209 677 439 730 quirerent
462 677 536 717 ubi
562 681 667 716 sunt
690 676 763 729 qui
785 675 1006 728 recipiunt
1029 687 1135 714 vera
1157 672 1389 714 doctrinae
1410 687 1419 723 ;
1455 672 1673 726 “plateae
1685 671 1704 687 ”

209 741 329 780 enim
361 738 407 780 et
437 739 590 780 “vici''
620 745 724 780 sunt
756 752 862 779 vera
893 736 1126 778 doctrinae
1156 737 1225 790 (ut
1257 735 1426 790 supra),
1455 742 1501 776 et
1531 735 1705 776 “urbs'’

209 810 279 851 est
311 802 546 854 doctrina;
586 801 886 856 “pauperes,”
920 800 1146 849 “manci,”
1181 799 1397 841 “claudi‘’
1429 805 1476 840 et
1512 798 1705 840 “caeci”

210 866 467 919 significant
495 866 598 907 illos
624 866 698 920 qui
729 878 820 906 non
851 865 896 905 in
922 865 1038 905 veris
1064 870 1110 905 et
1143 864 1272 904 bonis
1304 869 1424 911 sunt,
1452 863 1532 904 sed
1566 876 1705 916 usque

210 928 475 968 desiderant
500 927 592 968 illa.
652 937 806 976 (Quinam
819 937 851 965 in
863 937 968 974 specie
980 936 1196 974 significantur
1207 944 1265 973 per
1277 932 1294 943 ‘¹
1305 934 1492 972 pauperes,’'
1507 935 1637 972 quinam
1650 943 1707 971 per

210 993 227 1002 ¹¹
238 988 399 1023 mancos,'’
417 991 434 1003 ‘¹
445 987 607 1023 claudos,''
624 992 655 1017 et
667 991 683 1002 “
696 987 839 1021 caecos‚’'
852 987 996 1016 videatur
1011 996 1050 1016 ex
1065 987 1204 1016 Arcanis
1220 986 1406 1015 Caelestibus
1421 986 1453 1014 in
1469 985 1628 1015 Doc‘lrina
1644 986 1709 1014 No·

210 1048 268 1067 vae
283 1039 526 1076 Hierosolymae,
541 1047 573 1068 n.
591 1038 673 1077 107.)
731 1027 872 1080 Apud
897 1026 1109 1075 eundem,

282 1124 404 1156 Homo
428 1123 558 1155 nobilis
581 1123 705 1155 abiens
729 1128 767 1154 ut
783 1122 959 1162 acciperet
976 1122 1042 1153 sibi
1059 1131 1208 1162 regnum
1214 1146 1306 1159 .....
1314 1121 1411 1152 dedit
1427 1121 1540 1152 servis
1558 1120 1630 1152 suis
1648 1120 1708 1151 de-

389 1177 466 1200 cern
485 1167 600 1198 minas
617 1167 663 1198 ad
680 1166 937 1206 negotiandum
953 1175 959 1203 ;
991 1175 1071 1197 cum
1088 1165 1192 1196 rediit
1208 1165 1327 1196 vocari
1343 1164 1449 1205 jussit
1466 1163 1708 1196 servos.·‘Ac-

389 1212 496 1243 cessit
513 1211 649 1251 primus
666 1210 788 1242 dicens
793 1235 886 1247 ,,,,,
897 1209 999 1240 Mina
1021 1215 1082 1240 tua
1106 1209 1240 1240 lucrata
1263 1215 1317 1240 est
1341 1209 1463 1239 decem
1482 1208 1622 1239 minas:
1652 1207 1708 1238 cui

389 1255 490 1292 dixit,
508 1254 609 1286 Bone
626 1264 740 1291 serve,
757 1254 839 1294 quia
855 1263 961 1294 super
978 1253 1128 1284 minimo
1152 1252 1266 1284 fidelis
1289 1252 1398 1290 fuisti,
1418 1252 1565 1283 habebis
1590 1258 1709 1292 potes-

388 1305 498 1330 tatem
523 1308 629 1339 super
652 1298 774 1329 decem
800 1298 917 1329 urbes.
969 1296 1055 1328 Mox
1072 1297 1170 1328 venit
1187 1296 1364 1327 secundus
1382 1296 1516 1333 dicens,
1538 1295 1705 1332 Domine,

388 1342 486 1374 mina
509 1347 570 1373 tua
592 1341 676 1373 fecit
701 1341 856 1382 quinque
880 1341 1016 1372 minas:
1050 1340 1105 1371 cui
1129 1340 1228 1377 dixit,
1256 1339 1311 1371 Tu
1335 1349 1475 1380 quoque
1499 1345 1577 1371 esto
1603 1348 1710 1379 super

385 1386 541 1427 quinque
557 1386 663 1418 urbes
677 1384 695 1396 ’'
713 1384 796 1425 (xiX.
816 1393 932 1425 12-19,
952 1383 1064 1425 seq.);

211 1494 290 1534 per
326 1479 438 1520 haec
476 1479 521 1519 in
558 1492 692 1519 sensu
730 1477 950 1531 spirituali
987 1476 1115 1530 plura
1147 1475 1461 1529 significantur
1492 1488 1626 1529 quam
1659 1481 1708 1515 ut

212 1543 366 1597 paucis
391 1542 562 1596 exponi
587 1542 758 1595 possit;
792 1540 938 1581 solum
960 1540 1081 1594 quod
1108 1554 1186 1594 per
1211 1539 1381 1580 “urbes
1395 1538 1413 1553 ”
1436 1539 1495 1580 ibi
1522 1552 1613 1579 non
1640 1539 1707 1578 in-

212 1606 481 1659 telligantur
502 1605 648 1654 urbes,
673 1605 752 1645 sed
779 1602 1046 1645 doftrinalia
1072 1604 1164 1644 veri
1191 1609 1237 1644 et
1264 1603 1384 1650 boni,
1409 1608 1455 1643 et
1483 1616 1561 1656 per
1590 1602 1708 1642 “ha-

211 1670 317 1711 bere
354 1675 636 1723 potestatem
674 1682 806 1721 super
843 1666 974 1708 illas”
1011 1666 1282 1720 intelligitur
1319 1665 1626 1719 intelligentia
1662 1671 1708 1706 et

212 1724 449 1787 s'apientia,
482 1746 561 1786 per
595 1731 830 1772 “decem’'
863 1731 1020 1779 multa,
1055 1737 1100 1771 et
1134 1744 1212 1784 per
1246 1731 1479 1783 “quinque
1495 1729 1514 1744 ’⁷
1546 1728 1707 1782 aliqua.

213 1797 325 1834 (Quod
341 1799 357 1810 ‘¹
370 1795 508 1825 decem''
526 1795 557 1824 in
572 1795 681 1824 Verbo
696 1794 872 1832 significent
887 1794 1033 1827 multum,
1049 1794 1193 1822 videatur
1207 1802 1238 1822 n.
1257 1795 1344 1830 1988,
1357 1801 1447 1830 3107,
1459 1792 1549 1829 4638,
1562 1799 1658 1828 9757;
1681 1796 1711 1820 et

173 1876 179 1877 ff
211 1853 300 1890 quod
313 1849 657 1889 “quinque''aliquid,
671 1860 702 1880 n.
715 1851 804 1888 4638,
818 1850 923 1888 9604.)
981 1838 1057 1879 Ex
1080 1838 1148 1878 his
1171 1850 1289 1878 nunc
1313 1843 1528 1878 constare
1551 1842 1709 1889 potest

211 1904 333 1958 quod
365 1917 444 1957 per
473 1906 678 1943 “nornen
705 1902 904 1942 civitatis
931 1900 1015 1941 Dei
1043 1901 1145 1948 mei,
1171 1899 1330 1940 Novae
1358 1897 1709 1950 Hierosolymae

211 1981 326 2021 quae
358 1966 595 2008 descendit
628 1979 652 2006 e
682 1964 810 2006 caelo
837 1978 863 2004 a
895 1964 995 2004 Deo
1027 1963 1169 2010 me0,’'
1196 1961 1473 2015 significetur
1505 1959 1711 2001 doctrina

213 2028 377 2069 Novae
409 2027 664 2075 Ecclesiae,
691 2040 807 2080 quae
838 2031 909 2066 est
940 2026 984 2065 in
1016 2025 1171 2065 caelis.
1231 2035 1338 2073 (Quae
1357 2033 1504 2062 dodkrina
1522 2033 1616 2061 etiam
1637 2034 1712 2062 data

212 2095 258 2119 est
283 2090 314 2118 in
336 2089 487 2127 peculiari
509 2088 664 2126 opusculo
685 2097 768 2125 quae
789 2087 969 2116 inscribitur
989 2087 1040 2115 De
1058 2087 1151 2115 Nova
1172 2086 1393 2123 Hierosolyma
1414 2087 1446 2113 et
1465 2084 1532 2122 ejus
1551 2084 1711 2112 Doc'trina

219 2137 377 2175 Caelesti.)

291 2198 416 2242 224.
450 2187 536 2227 “Et
569 2199 712 2226 nomen
749 2198 879 2225 meum
916 2182 1293 2236 novum”—Quod
1333 2181 1559 2235 significet
1597 2180 1716 2234 quod

211 2249 344 2290 etiam
360 2248 565 2302 agnituri
575 2248 789 2288 Divinum
807 2246 1062 2287 Humanum
1078 2244 1272 2294 Domini,
1289 2249 1473 2285 constat
1492 2257 1551 2284 ex
1571 2244 1710 2296 signi-

212 2313 425 2353 ficatione
447 2311 678 2352 “scribere
701 2325 833 2364 super
854 2309 980 2350 illum
1003 2322 1170 2349 nomen
1192 2321 1341 2348 meum
1365 2305 1573 2355 novum,‘'
1591 2306 1711 2360 quod

213 2377 271 2417 sit
303 2376 424 2430 quod
455 2375 651 2428 agnituri
685 2374 897 2414 Divinum
932 2373 1194 2413 Humanum
1229 2371 1439 2411 Domini:
1479 2370 1713 2410 “scribere

213 2454 345 2494 super
369 2438 527 2480 illum”
555 2444 625 2479 est
652 2437 924 2491 implantare
950 2438 1071 2477 vitae
1102 2435 1328 2488 (videatur
1354 2448 1502 2487 supra,
1527 2447 1568 2473 n.
1593 2433 1711 2487 222),

212 2503 284 2544 hic
308 2502 578 2556 implantare
600 2500 702 2541 fidei
725 2515 784 2541 ex
807 2500 1048 2547 charitate,
1073 2500 1176 2552 quia
1198 2498 1255 2538 de
1282 2497 1359 2538 illa
1385 2497 1472 2538 fide
1499 2498 1544 2537 in
1569 2497 1710 2549 scrip-

213 2568 272 2607 tis
301 2566 358 2607 ad
386 2564 621 2618 Angelum
650 2563 779 2616 hujus
806 2562 1043 2603 Ecclesiae
1070 2562 1219 2614 agitur
1244 2560 1471 2614 (videatur
1497 2573 1645 2613 supra,
1671 2572 1712 2598 n.

212 2629 342 2683 203);
377 2636 423 2670 et
449 2627 719 2681 implantare
751 2626 815 2667 illi
846 2626 949 2667 fidei
981 2632 1051 2667 est
1083 2638 1333 2678 agnoscere
1365 2624 1514 2665 corde.
1578 2622 1712 2675 Quod

215 2698 420 2734 “nomen
453 2692 635 2732 Domini
668 2689 866 2731 novum”
900 2691 958 2730 sit
997 2689 1209 2729 Divinum
1249 2684 1512 2728 Humanum
1551 2686 1711 2739 Ipsius,

212 2764 282 2798 est
309 2757 412 2810 quia
437 2756 481 2795 in
514 2754 627 2795 libro
655 2754 742 2794 hoc
771 2752 1058 2806 prophetico,
1086 2752 1159 2805 qui
1185 2750 1484 2804 Apocalypsis
1509 2755 1712 2796 vocatur,

211 2821 361 2873 agitur
387 2819 443 2859 de
476 2818 562 2858 illis
589 2818 662 2871 qui
693 2818 736 2857 in
771 2816 904 2856 Nova
937 2815 1260 2867 Hierosolyma
1289 2820 1436 2861 erunt,
1465 2819 1511 2853 et
1539 2813 1594 2853 de
1626 2811 1713 2851 illis

211 2884 285 2937 qui
311 2896 401 2923 non
429 2887 573 2929 erunt,
602 2894 653 2921 ac
681 2893 771 2921 non
798 2879 853 2920 de
881 2879 1148 2920 successivis
1175 2878 1371 2918 statibus
1399 2876 1635 2923 ecclesiae,
1664 2880 1713 2914 ut

211 2946 409 2986 creditur
437 2943 663 2997 (videatur
689 2957 835 2996 supra,
861 2956 902 2983 n.
930 2941 1002 2996 5);
1040 2955 1091 2982 ac
1119 2941 1182 2981 illi
1209 2941 1280 2994 qui
1311 2941 1355 2981 in
1383 2940 1515 2980 Nova
1544 2938 1711 2979 Hiero-

211 3008 388 3062 solyma
425 3013 570 3056 erunt,
609 3019 767 3047 omnes
804 3006 999 3059 agnituri
1037 3011 1140 3046 sunt
1183 3004 1396 3044 Divinum
1444 3002 1709 3042 Humanum
