2060 3476
692 394 798 427 CAP.
821 395 907 436 111.,
931 394 1069 428 VERs.
1091 395 1238 440 7.-Ν,
1264 386 1358 428 206.
1694 399 1773 442 303

276 505 516 549 charitatis
546 513 662 557 sunt,
695 514 738 548 et
767 507 1022 549 removendi
1046 522 1069 548 e
1102 508 1218 549 caelo
1247 522 1394 549 omnes
1429 508 1510 562 qui
1540 523 1623 550 non
1653 517 1770 558 sunt,

277 576 462 611 constat
496 585 557 612 ex
583 570 915 624 significatione
944 572 1154 625 “aperire
1186 578 1233 613 et
1266 585 1401 613 nemo
1433 571 1645 621 claudit,’'
1671 585 1772 614 curn

278 632 334 673 de
367 633 728 688 Domino„quod
761 634 818 675 sit
849 634 1157 675 intromittere
1188 635 1232 675 in
1265 634 1440 675 caelum
1475 634 1551 688 (de
1583 649 1670 689 qua
1701 650 1771 677 se-

277 695 462 750 quitur),
496 703 542 738 et
579 711 639 738 ex
676 696 1006 751 significatione
1045 697 1296 739 “claudere
1332 704 1379 739 et
1416 712 1551 739 nemo
1587 699 1772 753 aperit,''

277 760 397 813 quod
424 761 482 801 sit
508 774 740 801 removere
765 775 790 801 e
815 760 970 812 caelo;
1003 761 1124 815 quod
1156 761 1266 802 illud
1298 762 1356 802 sit
1388 762 1695 803 intromittere
1727 763 1770 803 in

277 822 467 872 caelum,
491 830 538 864 et
563 823 649 865 hoc
677 824 734 864 sit
761 836 994 864 removere
1021 838 1044 864 e
1067 823 1210 871 caelo,
1238 830 1309 865 est
1335 826 1438 878 quia
1465 824 1588 865 solus
1612 825 1770 866 Domi-

277 899 359 926 nus
391 887 535 940 aperit
562 886 737 927 caelum
766 886 852 927 illis
878 887 951 941 qui
983 888 1378 938 intromittuntur;
1411 887 1563 937 homo,
1589 889 1771 941 spiritus

277 954 324 989 et
356 948 546 1002 angelus
578 963 637 990 ex
670 963 717 991 se
749 963 840 990 non
872 950 916 991 id
948 956 1140 1004 possunt
1167 950 1326 991 facere.
1395 949 1638 1004 Quomodo
1669 964 1770 992 cum

224 1049 227 1052 .
277 1012 362 1053 hoc
387 1026 434 1053 se
456 1011 611 1062 habet,
636 1013 789 1066 paucis
812 1013 988 1054 dicetur
1005 1012 1274 1066 z—Quando
1292 1014 1430 1055 homo
1453 1020 1557 1068 post
1575 1021 1770 1055 mortem

276 1076 319 1115 in
349 1089 404 1116 eo
430 1082 555 1116 statu
581 1082 650 1117 est
677 1082 725 1116 ut
757 1077 901 1130 possit
928 1077 1173 1118 intromitti
1203 1078 1248 1118 in
1280 1077 1470 1126 caelum,
1499 1084 1607 1118 tunc
1640 1084 1769 1131 patet

277 1138 339 1180 illi
371 1139 443 1179 via
474 1153 588 1192 quae
620 1139 744 1180 ducit
781 1139 838 1180 ad
874 1141 1146 1181 societatem
1178 1140 1426 1182 caelestem
1463 1142 1507 1181 in
1539 1154 1627 1195 qua
1658 1141 1770 1190 erit;

276 1202 395 1255 prius
417 1215 551 1256 quam
573 1203 618 1243 in
640 1216 695 1243 eo
717 1208 841 1243 statu
864 1209 949 1252 est,
974 1216 1064 1244 non
1087 1209 1216 1256 patet
1240 1204 1278 1244 ei
1301 1205 1373 1244 via
1395 1203 1499 1245 illuc
1519 1218 1527 1255 ;
1561 1204 1673 1245 haec
1697 1205 1770 1245 via

275 1266 475 1318 aperitur
499 1265 540 1306 ei
570 1279 596 1305 a
627 1265 726 1306 solo
758 1265 983 1316 Domino;
1017 1265 1122 1307 talis
1154 1273 1223 1307 est
1250 1268 1389 1308 cuivis
1417 1266 1692 1308 introdu&io
1723 1274 1770 1309 et

275 1328 553 1369 intromissio
589 1329 645 1368 in.
671 1328 860 1370 caelum.
937 1328 1153 1370 Similiter
1189 1329 1239 1371 fit
1282 1344 1383 1371 cum
1424 1330 1608 1372 homine
1648 1330 1770 1372 malo
1826 1375 1828 1377 ,

275 1396 379 1444 post
411 1397 631 1432 mortem:
674 1393 710 1433 is
742 1392 924 1446 quando
961 1394 1005 1433 in
1037 1407 1092 1433 eo
1123 1399 1249 1434 statu
1281 1400 1351 1434 est
1383 1400 1433 1435 ut
1470 1395 1514 1435 in
1550 1394 1770 1448 infernum

274 1455 415 1495 iturus
438 1456 510 1504 sit,
535 1461 664 1509 patet
691 1457 730 1497 ei
752 1457 824 1496 via
846 1470 960 1510 quae
982 1456 1106 1497 ducit
1129 1457 1186 1497 ad
1208 1457 1473 1498 infernalem
1497 1459 1768 1499 societatem

274 1519 318 1558 in
351 1533 438 1572 qua
463 1520 575 1570 erit3
609 1520 728 1573 prius
761 1533 895 1573 quam
927 1520 971 1559 in
1004 1533 1058 1560 eo
1085 1525 1209 1560 statu
1235 1526 1321 1569 est,
1350 1534 1440 1561 non
1472 1527 1601 1574 patet
1634 1521 1673 1561 ei
1698 1522 1771 1561 via

274 1581 393 1622 illuc.
457 1581 603 1623 Causa
634 1588 720 1631 est,
753 1583 856 1636 quia
887 1583 986 1623 viae
1018 1583 1062 1623 in
1095 1583 1315 1636 spirituali
1347 1579 1517 1624 murido
1548 1590 1769 1638 apparent

274 1645 413 1685 cuivis
440 1645 687 1687 secundum
719 1646 1023 1686 intentionem
1056 1647 1351 1699 cogitationis
1378 1646 1485 1699 ejus,
1514 1648 1578 1688 ita
1609 1652 1768 1688 sec‘un-

274 1708 380 1748 dum
407 1707 690 1749 affectionem
721 1723 835 1762 quae
861 1710 1025 1751 amoris
1052 1709 1171 1762 ejus;
1205 1717 1482 1764 quapropter
1507 1724 1609 1751 cum
1641 1711 1769 1764 spiri-

274 1779 347 1813 tus
387 1771 595 1812 redactus
635 1778 705 1813 est
746 1772 803 1813 ad
844 1786 1045 1813 amorem
1086 1786 1214 1813 suum
1256 1780 1543 1826 regnantem,
1583 1775 1770 1828 quisque

273 1836 392 1876 enim
423 1835 643 1888 redigitur
673 1835 730 1876 ad
770 1835 910 1884 illum,
945 1843 1051 1877 tunc
1084 1842 1246 1889 patent
1277 1838 1377 1878 viae
1409 1837 1465 1877 ad
1499 1838 1769 1878 societatem

273 1898 346 1939 ubi
372 1897 464 1951 ejus
496 1911 623 1938 amor
652 1904 843 1951 regnat;
877 1899 981 1939 inde
1013 1905 1196 1940 constat
1229 1899 1348 1953 quod
1380 1900 1475 1953 ipse
1508 1913 1634 1940 amor
1661 1914 1769 1954 ape-

272 1962 383 2002 riat:
418 1967 465 2002 et
497 1962 600 2015 quia
631 1962 778 2001 omnis
810 1975 937 2002 amor
962 1962 1068 2003 boni
1100 1968 1146 2003 et
1172 1963 1265 2003 veri
1297 1968 1367 2003 est
1399 1976 1424 2002 a
1457 1962 1669 2012 Domino,
1698 1977 1770 2004 se-

272 2026 421 2078 quitur
446 2025 566 2078 quod
593 2024 715 2065 solus
743 2025 965 2065 Dominus
991 2026 1164 2079 aperiat
1192 2026 1287 2066 vias
1314 2025 1401 2066 illis
1434 2027 1507 2079 qui
1538 2027 1768 2067 intromit-

272 2094 429 2128 tuntur
450 2089 494 2128 in
517 2087 692 2129 caelum
710 2102 719 2138 ;
752 2089 949 2129 vicissim
968 2095 1136 2137 autem,
1157 2089 1260 2142 quia
1283 2090 1429 2129 omnis
1447 2102 1574 2130 amor
1591 2089 1699 2130 mali
1722 2096 1768 2131 et

270 2150 368 2191 falsi
405 2157 476 2192 est
516 2165 542 2191 a
577 2151 677 2192 solo
714 2151 897 2192 homine
935 2165 1013 2192 seu
1054 2152 1228 2205 spiritu,
1267 2153 1471 2205 sequitur
1511 2152 1633 2206 quod
1673 2153 1768 2206 ipse

271 2212 455 2265 spiritus
480 2213 656 2265 aperiat
687 2213 772 2253 sibi
796 2213 917 2253 viam
943 2213 1000 2253 ad
1031 2213 1270 2253 infernum.
1331 2224 1411 2261 (Sed
1424 2224 1486 2252 hoc
1498 2224 1611 2253 melius
1626 2229 1771 2260 constare

270 2278 374 2310 potest
388 2282 427 2302 ex
442 2274 575 2303 articulo
590 2274 623 2302 in
637 2283 734 2311 opere
756 2275 808 2303 De
826 2275 918 2304 Caelo
939 2277 968 2303 et
991 2275 1129 2313 Inferna,
1146 2284 1176 2303 n.
1193 2282 1343 2311 545-550.
1361 2275 1415 2303 ubi
1437 2279 1598 2303 ostensum
1615 2280 1662 2304 est
1682 2276 1772 2312 quod

272 2320 430 2349 Dominus
443 2321 604 2350 neminem
619 2322 650 2350 in
667 2321 830 2351 Infernum
846 2322 980 2359 dejiciat,
996 2322 1053 2351 sed
1067 2322 1156 2358 quod
1171 2322 1237 2359 ipse
1251 2322 1378 2359 spiritus
1393 2326 1501 2351 semet.
1531 2322 1630 2358 Quod
1643 2323 1724 2351 Viae
1738 2323 1770 2351 in

270 2368 392 2396 mundo
414 2368 565 2405 spirituali
587 2368 649 2397 sint
669 2369 768 2398 cuivis
790 2370 966 2398 secundum
990 2369 1198 2398 intentionem
1220 2369 1420 2406 cogitationis
1435 2370 1512 2406 ejus,
1527 2369 1571 2398 ita
1591 2371 1769 2399 secundum

269 2417 471 2446 affedtionem
487 2426 570 2455 quae
585 2419 701 2447 amoris
715 2419 792 2456 ejus,
808 2419 953 2448 videatur
967 2419 998 2447 in
1014 2420 1129 2448 eodem
1145 2428 1251 2456 opere,
1267 2428 1298 2448 n.
1315 2428 1384 2456 479,
1401 2420 1486 2456 590.)
1535 2408 1672 2461 Quod
1698 2410 1767 2449 in-

270 2468 393 2509 ferna
423 2470 606 2518 attinet,
640 2469 717 2510 illa
748 2471 899 2510 omnia
931 2476 1036 2510 sunt
1070 2469 1237 2518 clausa,
1272 2476 1319 2511 et
1356 2464 1576 2523 nusquam
1608 2471 1768 2524 aperiri

269 2538 460 2584 possunt
487 2532 571 2572 nisi
597 2546 657 2573 ex
683 2533 978 2586 permissione
1002 2533 1214 2584 Domini3
1247 2533 1401 2574 clausa
1424 2539 1529 2574 sunt
1552 2548 1611 2574 ex
1638 2533 1768 2574 malis

269 2601 316 2636 et
348 2594 470 2635 falsis
502 2609 615 2648 quae
647 2596 751 2636 inde
777 2597 992 2637 continue
1022 2603 1246 2637 conantur
1277 2610 1525 2650 erumpere,
1560 2603 1606 2638 et
1638 2597 1767 2638 dam-

270 2671 375 2698 num
415 2658 574 2699 inferre
612 2658 700 2699 illis
737 2660 810 2712 qui
852 2660 897 2700 in
939 2659 1070 2700 bonis
1114 2666 1161 2701 et
1199 2660 1317 2701 veris
1353 2666 1458 2701 sunt
1502 2674 1528 2701 a
1569 2660 1768 2701 Domino

269 2731 325 2767 (de
344 2739 409 2768 qua
427 2739 461 2759 re
480 2731 575 2759 etiam
591 2731 737 2760 videatur
750 2731 782 2760 in
802 2740 899 2769 opere
923 2732 974 2760 De
996 2732 1087 2761 Caelo
1106 2736 1136 2761 et
1155 2734 1291 2773 Inferna,
1306 2741 1337 2761 n.
1354 2734 1520 2771 584—592).
1590 2721 1667 2762 EX
1698 2722 1767 2762 his

269 2795 385 2822 nunc
413 2788 596 2823 constat
619 2782 848 2836 quomodo
874 2781 938 2831 fit,
963 2789 1010 2823 et
1037 2783 1141 2824 inde
1163 2784 1393 2837 quomodo
1414 2783 1765 2837 intelligendum

268 2851 353 2894 est,
381 2845 502 2899 quod
532 2844 743 2886 “habens
772 2844 947 2886 clavem
975 2845 1163 2887 Davidis
1189 2847 1363 2900 aperiat
1396 2853 1442 2887 et
1475 2860 1610 2887 nemo
1643 2846 1766 2887 clau-

267 2908 350 2957 dit,
377 2921 429 2949 ac
462 2907 646 2949 claudat
678 2915 725 2949 et
758 2921 892 2949 nemo
917 2909 1103 2963 aperit.''
1165 2909 1300 2962 Quod
1331 2911 1559 2963 aperiatur
1586 2909 1762 2950 caelum

267 2970 355 3011 illis
385 2971 459 3025 qui
489 2972 534 3011 in
565 2971 652 3012 fide
683 2971 921 3013 charitatis
953 2978 1072 3021 sunt,
1103 2978 1149 3013 et
1181 2972 1419 3014 claudatur
1449 2973 1536 3013 illis
1568 2973 1641 3026 qui
1669 2985 1762 3013 non

269 3040 386 3083 sunt,
415 3040 484 3075 est
517 3035 619 3088 quia
644 3034 700 3075 de
732 3034 818 3075 illis
850 3034 921 3076 hic
953 3036 1104 3089 agitur
1132 3034 1360 3089 (videatur
1386 3049 1535 3089 supra,
1564 3049 1606 3076 n.
1634 3034 1758 3089 203),
