2060 3476
696 377 803 410 CAP.
827 376 886 417 v.,
910 375 1048 407 VERs.
1075 375 1219 418 3.-—N.
1246 364 1419 419 304[g].
1722 372 1808 418 531,

310 491 427 541 illos,
450 491 554 532 ideo
575 489 738 535 dicitur
757 492 783 509 “
799 488 907 530 Feci
933 493 1116 536 terram,
1140 487 1372 528 hominem
1399 492 1445 527 et
1472 485 1666 527 bestiam
1689 499 1803 539 quae

310 568 443 608 super
463 553 660 595 faciebus
681 558 842 602 terrae,
866 558 913 592 et
935 551 995 592 do
1016 564 1118 591 eam
1139 550 1214 604 qui
1238 548 1386 591 rectus
1412 550 1456 590 in
1479 548 1620 590 oculis
1643 549 1753 589 meis
1769 547 1803 588 :'’

310 617 431 671 quod
455 617 579 658 Deus
596 629 688 657 non
705 615 784 657 det
802 621 969 656 terram
988 613 1134 655 solum
1150 613 1238 654 illis
1255 613 1330 667 qui
1350 611 1460 654 recti
1478 618 1582 652 sunt
1600 612 1644 652 in
1662 611 1804 652 oculis

312 681 471 733 Ipsius,
499 679 580 721 sed
606 679 745 720 etiam
769 677 858 719 illis
889 677 963 731 qui
989 690 1080 718 non
1105 674 1216 718 recti
1242 682 1362 725 sunt,
1391 681 1551 716 notum
1578 680 1674 725 est;
1712 687 1803 714 non

309 750 464 793 autem
495 742 736 784 ecclesiam
767 741 851 782 nisi
880 741 968 782 illis
1003 740 1078 795 qui
1113 737 1249 790 reem
1285 736 1527 780 “metum‘’
1576 735 1802 788 significat

309 819 463 847 verum
495 811 542 847 et
568 805 661 858 ejus
686 802 986 846 affectionem.

393 866 478 921 [9.]
521 866 662 920 Apud
686 866 895 914 Esaiam,

320 992 323 994 ,
378 957 400 970 “
411 955 510 987 Caeli
527 956 617 987 sicut
634 955 754 987 fumus
770 961 998 993 evanescent,
1018 961 1054 986 et
1077 961 1172 987 terra
1188 954 1279 987 sicut
1296 954 1407 986 vestis
1424 959 1634 990 veterascet,
1654 959 1689 984 et
1705 951 1804 983 habi-

483 1005 617 1031 tatores
633 999 724 1031 sicut
740 1000 790 1031 ita
806 999 1004 1030 morientur
1015 998 1032 1010 ''
1050 998 1098 1038 (li.
1115 998 1170 1039 6);

311 1085 336 1103 ‘⁴
349 1082 462 1123 caeli
473 1081 493 1098 ”
507 1082 582 1136 qui
598 1088 890 1131 evanescent,
906 1088 953 1123 et
974 1085 998 1101 “
1012 1088 1132 1123 terra
1143 1080 1163 1096 ”
1180 1094 1295 1135 quae
1312 1081 1428 1121 sicut
1445 1079 1585 1121 vestis
1599 1085 1803 1120 veteras—

309 1151 383 1187 cet
397 1145 655 1196 significant
671 1144 911 1186 ecclesiam
928 1159 938 1196 ;
970 1144 1082 1185 haec
1099 1144 1353 1184 successive
1371 1142 1536 1184 labitur
1550 1148 1596 1183 et
1615 1141 1804 1182 tandem

309 1208 556 1257 desolatur,
584 1221 675 1249 non
707 1214 862 1249 autem
893 1207 1070 1248 caelum
1097 1205 1373 1261 aspectabile
1399 1212 1445 1247 et
1478 1212 1598 1247 terra
1622 1204 1803 1245 habita-

308 1271 409 1312 bilis
426 1285 436 1323 3
468 1285 605 1325 quare
631 1271 806 1320 dicitur,
833 1273 917 1312 “et
946 1270 1231 1311 habitatores
1263 1270 1378 1311 sicut
1410 1270 1476 1310 ita
1506 1269 1754 1310 morientur
1769 1268 1804 1320 ;”

312 1335 462 1376 “mori
473 1334 492 1349 ’'
509 1333 735 1388 significat
757 1333 1050 1389 spiritualiter
1072 1333 1197 1374 mori.
1249 1331 1403 1374 Simile
1425 1331 1704 1386 significatur
1726 1345 1805 1386 per
1830 1328 1834 1335 ’

309 1397 429 1452 quod

377 1484 399 1497 ¹¹
411 1482 509 1514 Caeli
523 1488 558 1515 et
571 1489 665 1515 terra
673 1483 877 1515 transibunt
887 1482 906 1494 ''
917 1481 1061 1522 (Matth.
1075 1481 1169 1513 xxiv.
1182 1489 1222 1521 35
1238 1491 1245 1519 ;
1265 1481 1378 1513 Marc.
1391 1480 1509 1520 xiii.31
1525 1490 1532 1517 ;
1552 1480 1636 1513 Luc.
1649 1481 1719 1512 xvi.
1736 1479 1800 1521 17).

310 1560 362 1601 In
384 1560 669 1614 Apocalypsi,

377 1638 400 1650 ⁴⁴
410 1636 572 1679 Quatuor
584 1636 703 1677 angeli
716 1642 853 1668 stantes
866 1645 974 1676 super
987 1641 1137 1676 quatuor
1149 1634 1290 1675 angulis
1304 1639 1430 1671 terrae,
1445 1633 1640 1665 retinentes
1654 1639 1805 1674 quatuor

482 1687 610 1712 ventos
626 1687 753 1718 terrae,
772 1686 811 1711 ut
828 1690 901 1711 non
918 1679 1020 1711 flaret
1036 1685 1164 1710 ventus
1181 1688 1289 1719 super
1305 1677 1465 1709 terram”
1483 1676 1556 1717 (vii.
1571 1674 1636 1715 [¹]1‚
1651 1676 1683 1717 2)
1697 1686 1704 1714 ;

309 1778 387 1817 per
401 1767 621 1817 “quatuor
635 1762 828 1816 angulos
842 1761 1029 1811 terrae,‘’
1043 1767 1090 1803 et
1109 1775 1187 1815 per
1203 1764 1426 1814 “quatuor
1439 1765 1603 1800 ventos
1618 1757 1804 1807 terrae‚'’

309 1826 619 1880 significantur
650 1826 802 1866 omnia
831 1838 938 1866 vera
968 1831 1015 1866 et
1052 1824 1172 1865 bona
1203 1823 1424 1865 ecclesiae
1454 1823 1499 1863 in
1531 1821 1802 1876 complexu;

308 1889 469 1930 similia
491 1890 611 1930 enim
632 1903 711 1943 per
731 1888 834 1929 illos
856 1887 1168 1941 significantur
1189 1900 1303 1941 quae
1327 1899 1406 1940 per
1427 1892 1621 1940 quatuor
1642 1885 1803 1939 plagas

309 1950 425 1991 caeli
442 1961 540 1999 (quae
551 1962 640 1999 quod
654 1961 832 1998 significent
846 1960 909 1995 illa,
921 1960 1068 1989 videatur
1078 1959 1111 1988 in
1124 1968 1222 1997 opere
1235 1959 1285 1988 De
1300 1959 1390 1988 Caelo
1401 1962 1432 1987 et
1445 1958 1584 1997 Inferna,
1596 1957 1646 1986 De
1654 1958 1807 1995 Quatuor

310 2015 413 2052 Plagis
431 2014 463 2043 in
483 2015 592 2049 Caelo,
607 2023 639 2044 n.
657 2014 810 2052 141-153)
827 2017 837 2054 ;
871 2006 896 2023 “
909 2003 1107 2043 retinere
1119 2001 1139 2016 ‘’
1165 2001 1269 2042 illos
1300 2000 1528 2054 significat
1558 2000 1680 2053 quod
1711 2013 1803 2040 non

307 2066 495 2107 influant
519 2067 622 2120 quia
646 2079 738 2106 non
764 2065 1066 2118 recipiuntur;
1098 2077 1234 2117 quare
1257 2062 1421 2103 dicitur
1445 2065 1532 2102 “ut
1558 2075 1650 2102 non
1675 2061 1803 2102 flaret

307 2135 472 2170 ventus
489 2140 621 2183 super
634 2128 841 2171 terram.’'
883 2127 1099 2169 Similiter
1116 2130 1140 2146 “
1154 2133 1275 2168 terra
1286 2125 1304 2141 ”
1320 2124 1547 2177 significat
1562 2124 1803 2176 ecclesiam

309 2192 414 2234 alibi
439 2193 484 2233 in
509 2191 787 2245 Apocalypsi

373 2282 438 2322 (Ut
453 2291 529 2322 cap.
542 2291 576 2314 x.
592 2290 622 2319 2,
639 2289 668 2321 5,
682 2281 713 2318 6,
729 2282 768 2318 8;
801 2291 877 2321 cap.
891 2280 952 2312 xii.
969 2280 1030 2318 16;
1061 2289 1136 2320 cap.
1151 2279 1224 2311 xiii.
1242 2287 1302 2318 13;
1333 2287 1410 2319 cap.
1424 2278 1495 2310 xvi.
1510 2285 1541 2316 2,
1560 2286 1620 2316 14;
1653 2287 1729 2318 cap.
1743 2287 1802 2309 xx,

485 2326 516 2364 8,
530 2335 561 2366 9,
578 2334 614 2356 11
631 2335 638 2365 ;
663 2335 738 2366 cap.
753 2325 823 2357 xxi.
840 2324 883 2365 1),
901 2341 906 2345 -

310 2416 489 2464 praeter
515 2408 669 2450 multis
695 2408 792 2449 aliis
818 2408 862 2448 in
889 2407 1000 2448 locis
1026 2407 1069 2447 in
1096 2406 1266 2452 Verbo,
1295 2419 1409 2460 quae
1440 2410 1626 2458 propter
1651 2403 1804 2444 multi-

310 2475 514 2516 tudinem
533 2486 624 2513 non
646 2472 943 2513 adducuntur.
1006 2469 1122 2523 Quia
1142 2473 1167 2489 “
1181 2468 1332 2510 terra”
1351 2467 1638 2519 significabat
1656 2467 1804 2508 eccle-

310 2539 437 2587 siam,
453 2543 500 2578 et
513 2536 731 2590 imprimis
748 2539 773 2555 ‘⁴
786 2534 928 2576 Terra
942 2532 1168 2581 Canaan‚”
1182 2532 1394 2586 quoniam
1409 2532 1468 2572 ibi
1483 2537 1581 2572 erat
1596 2530 1803 2578 ecclesia,

308 2609 356 2644 et
379 2602 481 2656 quia
506 2600 700 2642 ecclesia
721 2613 834 2653 quae
856 2598 915 2639 ibi
940 2604 1037 2638 erat
1060 2596 1254 2638 ecclesia
1274 2595 1678 2649 repraesentativa,
1702 2594 1805 2634 ideo

309 2666 461 2707 omnia
486 2678 600 2718 quae
631 2663 691 2704 ibi
722 2667 852 2703 erant
883 2659 1304 2714 repraesentabant,
1332 2664 1378 2699 et
1410 2671 1525 2711 quae
1557 2657 1614 2698 ad
1645 2656 1748 2697 illos
1779 2670 1806 2696 a

309 2728 509 2769 Domino
540 2724 661 2767 dicta
695 2731 801 2766 sunt
838 2723 1157 2777 significabant
1193 2720 1442 2775 spiritualia
1477 2734 1555 2762 seu
1590 2719 1807 2760 interiora

309 2791 542 2840 ecclesiae,
559 2796 606 2831 et
623 2789 709 2830 hoc
728 2802 867 2842 usque
885 2787 942 2828 ad
960 2788 1103 2840 ipsam
1122 2791 1289 2826 terram
1307 2790 1353 2826 et
1371 2784 1429 2825 ad
1446 2783 1539 2837 ejus
1557 2779 1776 2836 producta
1792 2795 1803 2833 ;

308 2861 442 2911 prout
468 2854 580 2895 haec
607 2852 726 2906 apud
753 2852 941 2892 Mosen:

374 2944 410 2976 Si
434 2944 604 2975 observes
628 2946 828 2983 praecepta,
848 2939 1058 2982 “Jehovah.
1073 2963 1081 2970 .
1095 2963 1103 2971 .
1117 2936 1302 2971 ducturus
1326 2943 1361 2969 te
1386 2937 1422 2968 in
1447 2942 1578 2968 terram
1602 2936 1747 2973 bonam,
1767 2934 1804 2966 in

481 2992 612 3018 terram
636 2985 826 3017 fluviorum
849 2993 973 3025 aquae,
993 2983 1159 3020 fontium,
1179 2983 1392 3022 abyssorum
1417 2979 1622 3012 exeuntium
1647 2988 1692 3010 ex
1711 2979 1804 3009 valle

482 3036 518 3063 et
541 3035 684 3069 monte;
708 3034 839 3061 terram
863 3028 980 3066 tritici,
998 3026 1135 3064 hordei,
1156 3026 1250 3061 vitis.
1269 3023 1647 3064 ficus,‚malogranati;
1672 3028 1802 3053 terram
