2060 3476
0 3153 9 3197 vr„
9 3086 13 3092 ,
0 3012 9 3064 ww,
0 2975 5 2984 -v
0 2889 6 2951 ,ιι-

667 362 798 405 ,εΑΡ.
819 362 880 405 v.,
903 361 1042 396 VERS.
1070 361 1213 395 1.—N.
1236 363 1330 406 299.
1663 361 1745 405 509

249 476 292 519 in
319 476 605 530 Apocalypsi,

314 553 502 594 Accipient
518 550 759 585 characterem
778 552 915 584 bestiae
935 552 1005 583 “in
1025 561 1135 584 manu
1153 551 1278 583 dextra
1295 556 1357 583 aut
1375 550 1411 582 in
1431 548 1638 582 frontibus''
1655 548 1742 589 (xiii.

426 597 488 636 16;
512 606 589 638 cap.
603 596 674 629 xiv.
687 596 733 638 9).

251 675 386 730 Quod
421 677 663 727 “dextra,'’
695 690 796 718 cum
828 676 885 718 de
916 675 1060 724 malis,
1095 676 1319 729 significet
1355 674 1516 716 falsum
1549 687 1601 715 ac
1639 673 1745 715 inde

250 739 646 781 ratiocinationem
672 746 719 781 et
745 752 945 793 pugnam
971 745 1132 780 contra
1157 751 1328 787 verum,
1356 744 1426 778 est
1453 738 1556 791 quia
1581 735 1745 790 plagae

250 802 369 855 apud
390 801 493 843 illos
511 803 584 856 qui
606 803 651 843 in
673 802 794 843 malo
816 808 921 843 sunt
944 802 1182 855 oppositae
1200 806 1305 841 sunt
1329 800 1475 854 plagis
1494 813 1608 853 quae
1626 799 1745 852 apud

249 864 352 905 illos
387 865 462 918 qui
497 865 543 905 in
578 864 700 911 bono
735 870 868 915 sunt3
916 870 962 905 et
1002 865 1064 905 sic
1101 863 1159 904 ad
1199 876 1353 904 eorum
1391 863 1604 903 dextram
1640 868 1746 902 sunt

248 940 357 968 vera
386 927 431 967 in
457 926 599 967 densa
624 926 832 980 caligine,
861 927 941 967 sed
972 926 1085 968 falsa
1110 926 1225 967 sicut
1257 926 1302 966 in
1329 925 1531 965 maximo
1563 923 1744 965 lumine.

250 987 364 1026 (Quod
377 989 491 1026 plagae
505 989 537 1017 in
552 989 675 1018 mundo
687 989 839 1026 spirituali
854 989 913 1017 illis
924 988 979 1026 qui
994 989 1026 1017 in
1042 989 1126 1017 malo
1141 992 1215 1017 sunt
1226 987 1390 1025 oppositae
1405 987 1466 1016 sint
1480 986 1580 1024 plagis
1592 995 1674 1023 quae
1689 986 1748 1014 illis

249 1034 346 1071 quiin
356 1034 444 1063 bono
454 1038 538 1068 sunt,
546 1034 709 1063 videatur
701 1043 733 1063 m
745 1042 841 1071 opere
853 1034 904 1063 De
918 1034 1010 1063 Caelo
1021 1037 1051 1062 et
1062 1034 1405 1072 Inserno‚n.151152
1428 1030 1746 1068 causa,n.122.123.)

328 1092 463 1136 299.
508 1083 692 1123 “Librum
703 1083 902 1151 5emv'pi‘mn
916 1082 1025 1123 intus
1045 1086 1089 1123 et
1106 1096 1131 1122 α
1147 1081 1293 1135 tot-qo!
1295 1079 1500 1133 '—Quod
1518 1078 1746 1148 significet

250 1149 418 1185 statum
442 1143 562 1184 vzta'e
590 1157 781 1184 omnzum
811 1157 857 1183 m
886 1142 1000 1184 caelo
1024 1149 1068 1184 et
1095 1142 1141 1183 in
1166 1148 1303 1191 terra,
1329 1155 1375 1182 ιη
1400 1155 1612 1182 commum
1636 1147 1679 1181 et
1702 1154 1748 1180 m

244 1205 528 1259 particulam,
546 1212 730 1247 constat
745 1220 804 1247 ex
819 1204 1337 1259 significatione‘⁴libri,'’
1351 1204 1450 1245 hic‘
1459 1203 1571 1244 11br1
1585 1202 1748 1252 vitae,

250 1269 370 1322 quod
403 1270 461 1310 sit
488 1269 607 1323 quod
639 1283 665 1309 a
697 1268 895 1309 Domino
926 1269 1191 1322 inscriptum
1218 1281 1296 1308 seu
1327 1266 1650 1320 implantatum
1677 1271 1747 1306 est

250 1331 445 1372 hominis
472 1332 658 1385 spiritui,
686 1331 772 1374 hoc
800 1337 885 1379 est,
914 1330 1039 1371 cordi
1068 1336 1114 1371 et
1141 1331 1332 1385 animae,
1361 1343 1439 1370 seu
1465 1328 1585 1382 quod
1611 1328 1745 1376 idem,

250 1394 371 1448 quod
400 1394 493 1447 ejus
519 1395 660 1435 amori
691 1400 738 1435 et
769 1393 872 1434 fidei
907 1392 983 1447 (de
1010 1407 1097 1447 qua
1123 1406 1270 1446 supra,
1300 1406 1341 1432 n.
1375 1390 1500 1446 199);
1534 1391 1638 1431 inde
1670 1404 1749 1444 per

253 1456 484 1505 f‘librum”
510 1456 581 1497 hic
609 1455 888 1510 significatur
914 1461 1062 1496 status
1088 1455 1209 1496 vitae
1236 1455 1435 1495 omnium
1468 1455 1511 1494 in
1541 1453 1669 1494 caelo
1701 1459 1748 1494 et

250 1520 296 1560 in
321 1525 456 1568 terra,
484 1525 530 1560 et
557 1533 636 1573 per
661 1517 948 1572 “scriptum'’
973 1516 1253 1571 significatur
1278 1517 1398 1571 quod
1424 1515 1748 1570 implantatum

251 1588 322 1623 est
362 1596 388 1623 a
429 1581 653 1633 Domin03
704 1579 844 1635 (quod
868 1584 910 1638 '⁴‘
926 1579 1154 1621 scribere.''
1195 1578 1419 1633 significet
1460 1577 1747 1632 implantare,

251 1644 459 1685 videatur
484 1644 623 1685 etiam
647 1657 802 1697 supra,
831 1656 873 1684 n.
902 1653 981 1684 222
999 1641 1031 1697 ;)
1059 1649 1106 1684 et
1137 1656 1196 1683 ex
1229 1641 1560 1695 significatione
1589 1641 1749 1681 “intus

252 1713 300 1748 et
326 1721 352 1747 a
377 1705 551 1760 tergo,''
577 1706 698 1760 quod
731 1707 788 1747 sit
815 1705 935 1759 quod
967 1711 1038 1746 est
1065 1705 1188 1746 cordi
1220 1710 1266 1745 et
1299 1705 1477 1744 animae
1503 1717 1582 1744 seu
1608 1703 1750 1743 amori

252 1775 299 1810 et
325 1768 454 1810 fidei:
489 1781 616 1809 amor
642 1769 761 1808 enim
787 1773 858 1808 est
890 1768 1011 1808 intus
1042 1767 1161 1820 apud
1193 1766 1423 1807 hominem
1454 1772 1499 1806 et
1527 1766 1748 1819 spiritum,

252 1832 356 1885 quia
386 1831 492 1872 facit
520 1830 613 1884 ejus
638 1831 808 1880 vitam3
841 1829 952 1871 fides
978 1836 1146 1878 autem,
1174 1830 1256 1869 nisi
1288 1830 1332 1869 in
1365 1828 1457 1881 ejus
1489 1841 1643 1868 amore
1675 1829 1748 1875 sit,

253 1907 344 1934 non
366 1900 436 1935 est
459 1894 580 1934 intus
603 1893 721 1947 apud
748 1892 888 1941 illum,
913 1891 1125 1945 sed-post
1148 1905 1227 1932 seu
1252 1905 1278 1931 a
1305 1897 1463 1943 tergo;
1497 1889 1608 1930 fides
1631 1891 1750 1931 enim

252 1970 367 2010 quae
389 1956 500 1997 fides
526 1969 707 2009 prorsus
730 1968 866 1995 unum
892 1954 998 1995 facit
1022 1967 1123 1995 cum
1146 1967 1313 2002 amore,
1338 1966 1443 1993 nam
1466 1952 1585 2006 quod
1612 1952 1751 1993 homo

253 2025 378 2060 amat
401 2019 487 2060 hoc
510 2018 614 2059 fidei
636 2017 730 2071 ejus
752 2024 837 2066 est,
861 2017 981 2071 quod
1004 2022 1158 2057 autem
1181 2030 1271 2056 non
1294 2021 1418 2056 amat
1442 2028 1532 2056 non
1555 2022 1625 2056 est
1648 2014 1751 2055 fidei

253 2081 346 2135 ejus
364 2096 373 2133 ;
400 2087 589 2135 apparet
605 2081 786 2135 quidem
801 2079 921 2134 quod
940 2080 998 2120 sit
1016 2079 1127 2120 fides
1142 2079 1262 2133 quod
1280 2078 1439 2132 aliquis
1457 2092 1516 2118 ex
1535 2079 1752 2118 memoria

252 2145 430 2198 cogitat
453 2150 500 2185 et
523 2158 582 2190 ex
600 2142 807 2184 doctrina
825 2143 975 2191 docet,
995 2142 1075 2183 sed
1093 2143 1129 2182 si
1147 2142 1285 2182 modo
1302 2155 1362 2182 ex
1381 2140 1575 2181 naturali
1598 2154 1751 2181 amore

254 2213 301 2248 et
333 2220 424 2248 non
456 2221 516 2247 ex
548 2205 769 2260 spirituali
800 2205 845 2246 id
877 2211 1017 2254 amat,
1045 2211 1115 2245 est
1148 2204 1286 2245 modo
1311 2205 1431 2244 visus
1459 2204 1752 2256 cogitationis

254 2270 436 2311 externi
461 2269 671 2318 hominis,
696 2269 770 2322 qui
792 2269 913 2308 visus
940 2264 1158 2308 mentitur
1183 2266 1345 2317 fidem;
1379 2266 1458 2307 sed
1485 2265 1597 2306 haec
1624 2265 1750 2314 fides,

254 2333 358 2386 quia
397 2337 468 2373 est
508 2332 677 2385 absque
714 2331 810 2372 vita
849 2331 1107 2384 priusquam
1147 2329 1422 2383 implantata
1462 2335 1532 2369 est
1573 2329 1753 2369 interno

254 2395 427 2451 homini
449 2400 495 2435 et
518 2393 610 2447 ejus
633 2394 788 2442 amori,
814 2407 904 2434 non
927 2399 997 2433 est
1019 2393 1063 2433 in
1086 2392 1269 2433 homine
1292 2391 1371 2432 sed
1398 2398 1503 2445 post
1526 2391 1652 2432 illum
1675 2405 1754 2432 seu

255 2471 282 2498 a
304 2463 437 2511 tergo
454 2456 547 2510 ejus
564 2471 574 2508 ;
606 2455 717 2497 fides
736 2455 1010 2510 implantata
1027 2456 1206 2496 interno
1223 2454 1395 2495 homini
1418 2460 1464 2494 et
1485 2453 1577 2506 ejus
1595 2455 1750 2502 amori,

255 2526 326 2561 est
353 2519 537 2561 credere
563 2525 609 2560 et
636 2532 788 2559 amare
816 2531 971 2559 verum
993 2518 1096 2572 quia
1122 2517 1192 2558 est
1216 2529 1386 2565 verum,
1411 2523 1456 2557 et
1484 2530 1574 2557 non
1601 2530 1753 2557 amare

254 2583 300 2623 id
323 2581 630 2636 principaliter
652 2587 838 2635 propter
860 2580 1025 2621 famam
1049 2579 1313 2620 eruditionis
1336 2585 1382 2620 et
1406 2579 1509 2620 inde
1533 2579 1752 2620 honorem

219 2691 220 2694 Ἴ
255 2652 334 2686 aut
362 2645 547 2686 lucrum.
609 2643 684 2684 Ex
710 2643 779 2684 his
806 2649 1018 2684 constare
1050 2648 1205 2696 potest
1232 2642 1337 2696 quid
1370 2641 1649 2695 significatur
1676 2655 1754 2695 per

258 2708 518 2761 “scriptum
544 2707 665 2748 intus
692 2712 738 2747 et
765 2720 791 2746 a
817 2704 988 2758 tergo.'’
1048 2704 1218 2757 Agitur
1242 2705 1287 2744 in
1312 2704 1398 2745 hoc
1426 2705 1576 2758 capite
1599 2704 1655 2744 de
1682 2717 1750 2751 eo,

256 2770 377 2824 quod
399 2769 522 2810 solus
546 2768 767 2810 Dominus
789 2768 903 2808 sciat
926 2773 1074 2808 status
1091 2767 1212 2807 vitae
1236 2767 1435 2807 omnium
1458 2768 1502 2807 in
1525 2766 1753 2807 communi

256 2839 303 2873 et
329 2831 609 2885 singulorum
634 2832 679 2872 in
706 2829 977 2884 particulari,
993 2835 1049 2870 et
1071 2829 1192 2883 quod
1219 2842 1352 2870 nemo
1379 2835 1558 2883 praeter
1584 2829 1750 2882 Ipsum.

257 2894 360 2936 Hoc
392 2895 780 2948 repraesentative
812 2894 986 2933 sistitur
1016 2906 1095 2946 per
1127 2891 1326 2932 “librum
1358 2893 1589 2945 scriptum,
1617 2903 1750 2947 quem

255 2957 404 2998 nullus
431 2957 580 3011 potuit
607 2955 818 3011 aperire‚‘’
844 2955 1034 3009 “legere
1046 2954 1066 2970 ”
1084 2961 1130 2996 et
1152 2954 1448 3008 “inspicere‚'’
1467 2966 1601 3008 quam
1627 2952 1751 2993 solus

259 3019 503 3074 “Agnus‚”
529 3016 623 3060 hoc
647 3025 732 3069 est,
762 3018 1008 3060 Dominus:
1048 3018 1168 3072 quod
1201 3031 1335 3058 nemo
1361 3017 1447 3058 hoc
1475 3017 1588 3057 sciat
1615 3027 1748 3070 quam
