2060 3476
671 386 776 418 CAP.
800 385 861 426 v.,
884 385 1022 417 VERs.
1045 385 1194 429 9.—N.
1219 373 1386 429 328[a].
1697 382 1774 427 595

286 498 410 540 Vero
435 499 480 540 in
512 512 592 539 suo
620 497 835 538 Humano
864 495 926 550 (n.
955 507 1049 549 309,
1079 495 1211 550 310);
1244 510 1323 550 per
1348 495 1469 550 quod
1498 494 1646 536 “Vidi
1673 494 1775 548 Ag-

285 575 390 603 num
413 568 628 610 stantem,
652 560 900 602 habentem
918 573 1086 601 cornua
1104 566 1282 613 septem
1305 566 1352 600 et
1379 559 1536 614 ocu-los
1558 558 1777 612 septem,’'

286 624 564 678 significetur
586 624 808 671 Dominus
830 623 979 677 quoad
1003 622 1216 663 Divinum
1241 622 1517 671 Humanum,
1541 622 1661 675 quod
1685 621 1776 675 Ipsi

284 701 343 729 ex
377 687 447 728 Eo
478 688 536 728 sit
563 687 898 740 omnipotentia
922 692 969 727 et
996 685 1313 726 omniscientia
1342 684 1404 738 (n.
1434 696 1528 736 314,
1559 683 1774 738 316[a,b]‚

286 750 414 804 317):
448 756 495 791 et
523 764 602 804 per
627 749 747 804 quod
777 748 957 790 “Venit
983 755 1030 790 et
1053 749 1230 801 accepit
1263 748 1423 788 librum
1450 762 1474 788 e
1501 747 1668 788 dextra
1694 746 1776 788 Se-

283 814 434 854 dentis
456 827 589 866 super
610 812 817 862 throno,'’
839 811 1118 865 significetur
1140 811 1260 865 quod
1282 825 1342 852 ex
1370 811 1536 852 Divino
1560 810 1776 860 Humano

285 876 430 929 Ipsius
461 877 552 917 sint
583 875 661 916 illa
695 875 757 929 (n.
793 875 909 928 319).
986 875 1099 916 Inde
1130 888 1246 915 nunc
1279 880 1409 927 patet
1442 873 1562 928 quod
1593 873 1665 914 hic
1698 887 1778 927 per

286 942 312 959 ‘⁴
328 939 504 992 Dignus
526 953 574 979 es
596 939 802 992 accipere
824 938 986 979 librum
1008 944 1055 979 et
1080 935 1286 991 fflaperire
1308 936 1458 990 sigilla
1480 936 1612 989 ejus,'’
1635 937 1775 989 signi-

283 1000 442 1042 ficetur
466 1001 586 1055 quod
614 1001 814 1042 Domino
838 1014 898 1042 ex
922 1000 1088 1041 Divino
1115 1000 1330 1041 Humano
1356 1001 1414 1041 sit
1442 1000 1778 1053 omnipotentia

283 1071 330 1106 et
356 1064 685 1105 omniscientia.

360 1131 572 1186 328[a].
610 1132 742 1178 “Ouia
765 1131 931 1173 occisus
949 1144 1012 1179 es,
1033 1135 1078 1172 ot
1093 1131 1306 1173 redemisti
1324 1131 1407 1172 Deo
1426 1143 1500 1172 nos
1518 1130 1558 1171 in
1577 1130 1779 1184 sanquine

284 1192 587 1245 tuost—Quod
625 1192 852 1246 significet
881 1193 1211 1245 separationem
1240 1192 1436 1233 omnium
1465 1206 1493 1232 a
1520 1191 1706 1240 Divino,
1735 1197 1779 1232 et

283 1255 618 1309 conjunc‘iionem
643 1269 738 1295 cum
760 1254 927 1295 Divino
945 1261 1031 1307 per
1053 1254 1323 1307 agnitionem
1352 1254 1506 1307 Ipsius
1530 1260 1573 1294 et
1596 1260 1683 1307 per
1707 1267 1777 1294 re-

281 1317 515 1370 ceptionem
549 1317 712 1358 Divini
748 1317 856 1359 Veri
887 1317 943 1358 ab
974 1317 1093 1370 Ipso,
1128 1323 1311 1358 constat
1349 1331 1408 1358 ex
1444 1316 1775 1370 significatione

285 1380 501 1430 “occisi,’'
532 1394 634 1422 cum
665 1380 722 1422 de
759 1381 971 1430 Domino,
1005 1380 1125 1434 quod
1162 1381 1220 1422 sit
1257 1382 1486 1434 separatio
1519 1381 1719 1421 omnium
1751 1394 1779 1421 a

284 1444 476 1496 Divino;
509 1458 588 1498 per
618 1444 839 1485 “occidi”
871 1445 991 1485 enim
1022 1445 1067 1484 in
1099 1443 1255 1484 Verbo
1286 1443 1564 1497 significatur
1594 1444 1777 1498 spiritu-

283 1507 414 1549 aliter
433 1508 592 1557 occidi,
615 1507 702 1548 hoc
726 1514 812 1557 est,
832 1508 975 1561 perire
998 1521 1058 1548 ex
1071 1507 1211 1558 ‚malis
1233 1513 1280 1548 et
1302 1507 1424 1548 falsis
1450 1507 1519 1561 (ut
1542 1514 1778 1554 ostensum

282 1571 488 1613 videatur
513 1585 660 1624 supra,
685 1584 726 1611 n.
753 1570 853 1624 315)
876 1584 885 1622 ;
918 1576 965 1611 et
991 1571 1094 1624 quia
1120 1570 1342 1611 Dominus
1368 1571 1507 1611 etiam
1530 1571 1648 1624 apud
1675 1570 1778 1611 illos

283 1647 373 1674 non
391 1640 476 1683 est,
496 1640 690 1687 negatur
707 1634 841 1682 enim,
858 1633 960 1674 ideo
977 1647 1056 1687 per
1072 1638 1097 1653 ‘⁸
1113 1633 1350 1681 occisum,’'
1368 1647 1469 1674 cum
1487 1634 1543 1675 de
1562 1634 1776 1684 Domino,

282 1697 560 1750 significatur
582 1710 673 1738 non
695 1697 878 1750 agnitus
903 1696 972 1750 (ut
995 1710 1142 1750 supra,
1168 1710 1208 1737 n.
1230 1696 1347 1750 315),
1366 1704 1412 1738 et
1435 1711 1613 1751 quoque
1636 1711 1777 1751 nega—

283 1768 383 1812 tus;
416 1767 463 1802 et
486 1774 588 1802 cum
611 1767 805 1813 negatur
824 1760 1060 1808 Dominus,
1080 1766 1150 1801 est
1172 1761 1299 1814 quasi
1321 1762 1496 1801 occisus
1518 1761 1636 1815 apud
1658 1761 1776 1811 illos,

282 1830 328 1865 et
351 1823 415 1864 illi
437 1838 516 1877 per
536 1823 580 1864 id
603 1823 800 1877 separati
821 1837 847 1863 a
870 1823 1064 1874 Divino;
1096 1836 1201 1863 nam
1222 1824 1295 1877 qui
1318 1830 1490 1876 negant
1515 1824 1775 1874 Dominum,

282 1886 367 1927 hoc
393 1893 478 1935 est,
503 1886 717 1927 Divinum
744 1886 902 1939 Ipsius,
926 1885 990 1926 illi
1015 1899 1063 1926 se
1090 1899 1270 1939 prorsus
1292 1893 1504 1940 separant
1531 1901 1557 1927 a
1583 1887 1775 1929 Divino:

286 1949 410 2003 (Ipse
432 1950 552 1990 enim
577 1955 648 1990 est
676 1949 799 1990 Deus
821 1949 1029 1997 universi,
1049 1955 1096 1990 et
1123 1949 1226 2002 Ipse
1252 1955 1322 1990 est
1345 1963 1481 1990 unum
1499 1963 1600 1991 cum
1628 1951 1775 2000 Patre,

281 2027 332 2054 ac
357 2013 491 2054 Pater
512 2013 556 2054 in
580 2012 686 2066 Ipso
708 2019 755 2053 et
779 2012 882 2066 Ipse
905 2013 949 2052 in
972 2012 1119 2060 Patre,
1142 2019 1188 2053 et
1212 2026 1346 2053 nemo
1369 2014 1493 2054 venit
1515 2014 1572 2054 ad
1596 2014 1777 2056 Patrem

281 2077 364 2118 nisi
387 2090 465 2130 per
483 2076 650 2129 Ipsum,
670 2082 718 2116 ut
743 2076 845 2129 Ipse
864 2075 1086 2116 Dominus
1103 2076 1239 2117 docet
1257 2090 1266 2127 ;
1290 2083 1565 2130 quapropter
1580 2079 1778 2131 separati

281 2146 386 2181 sunt
417 2153 598 2193 prorsus
629 2153 656 2179 a
688 2138 854 2179 Divino
884 2138 949 2180 illi
984 2139 1030 2179 in
1060 2138 1253 2180 ecclesia
1284 2141 1358 2194 qui
1395 2153 1485 2180 non
1517 2148 1776 2193 agnoscunt

281 2203 494 2243 Divinum
526 2202 684 2256 IpsiuS,
711 2209 758 2243 et
785 2203 929 2255 magis
961 2203 1035 2256 qui
1066 2203 1202 2243 corde
1229 2209 1399 2256 negant
1429 2203 1575 2254 Illud;
1609 2217 1777 2257 negare

282 2265 399 2306 Illud
439 2265 510 2306 hic
547 2265 817 2318 intelligitur
853 2279 931 2319 per
969 2266 1175 2307 occidere
1217 2266 1369 2320 Ipsum
1405 2267 1524 2320 apud
1565 2281 1613 2308 se
1633 2282 1643 2318 ;
1690 2268 1776 2309 hoc

280 2329 416 2369 etiam
454 2329 499 2368 in
537 2342 670 2369 sensu
706 2330 884 2370 interno
921 2328 1061 2369 Verbi
1101 2329 1368 2382 intelligitur
1403 2344 1481 2383 per
1516 2331 1635 2384 quod
1678 2345 1777 2372 cru-

280 2390 502 2432 cifixerint
539 2391 798 2440 Dominum,
836 2392 1042 2432 videatur
1077 2406 1222 2445 supra,
1261 2406 1302 2433 n.
1340 2394 1407 2445 83,
1452 2403 1524 2446 195
1535 2392 1591 2447 [c]
1614 2408 1624 2445 ;
1671 2408 1776 2437 nam

278 2454 449 2507 Judaei,
468 2455 585 2507 apud
608 2469 719 2508 quos
741 2461 847 2495 tunc
870 2455 1062 2496 ecclesia
1083 2455 1177 2504 fuit,
1198 2463 1478 2508 negaverunt
1502 2457 1654 2510 Ipsum
1677 2471 1775 2498 esse

283 2517 525 2567 Christum,
544 2525 591 2559 et
613 2532 691 2572 per
712 2519 756 2559 id
783 2532 831 2559 se
853 2525 1174 2572 separaverunt
1197 2533 1223 2559 a
1245 2519 1423 2568 Divino,
1447 2526 1494 2561 et
1516 2514 1619 2561 ideo
1640 2522 1775 2561 morti

279 2581 501 2622 dederunt
520 2581 673 2634 Ipsum
691 2595 768 2622 seu
788 2582 1105 2623 crucifixerunt
1122 2596 1131 2633 3
1158 2583 1296 2623 etiam
1311 2583 1445 2624 hodie
1463 2583 1526 2623 illi
1543 2583 1587 2623 id
1607 2583 1775 2624 faciunt

278 2645 353 2698 qui
375 2645 587 2685 Divinum
610 2645 753 2698 Ipsius
773 2652 944 2698 negant
963 2659 972 2696 ;
1005 2645 1124 2686 unde
1142 2647 1391 2686 communis
1413 2646 1775 2700 praedicatorum

283 2721 432 2749 sermo
463 2714 532 2749 est
564 2708 684 2761 quod
711 2708 788 2761 qui
820 2707 986 2749 malam
1017 2709 1158 2749 vitam
1190 2716 1333 2762 agunt
1370 2716 1416 2751 et
1454 2709 1775 2763 blasphemant

279 2770 444 2823 Ipsum,
469 2770 732 2824 crucifigant
758 2771 910 2824 Ipsum
932 2771 1050 2824 apud
1077 2785 1150 2823 se;
1182 2771 1267 2813 hoc
1290 2773 1442 2826 itaque
1464 2779 1534 2813 est
1556 2772 1677 2826 quod
1702 2773 1773 2813 hic

281 2832 553 2886 significatur
573 2847 652 2886 per
675 2835 886 2874 “occisus
908 2848 956 2875 es
972 2833 1083 2888 :”—)
1104 2841 1151 2876 et
1173 2849 1232 2876 ex
1255 2835 1582 2889 significatione
1606 2835 1773 2876 “rede-

278 2896 396 2936 misti
423 2896 522 2937 Deo
548 2910 630 2937 nos
656 2897 700 2936 in
727 2898 947 2950 sanguine
973 2897 1092 2946 tuo,”
1114 2898 1234 2951 quod
1260 2899 1318 2939 sit
1340 2899 1460 2952 quod
1486 2898 1774 2951 conjunxerit

276 2971 358 2999 nos
381 2958 546 3000 Divino
563 2973 642 3013 per
658 2961 939 3013 agnitionem
958 2961 1115 3014 Ipsius,
1136 2967 1182 3002 et
1200 2975 1279 3015 per
1295 2962 1602 3014 receptionem
1622 2961 1772 3002 Divini

249 3020 385 3063 .Veri
410 3022 467 3063 ab
499 3022 629 3076 Ipso;
665 3024 922 3065 “redimere
934 3023 953 3039 '’
978 3025 1097 3065 enim
1129 3024 1352 3078 significat
1384 3024 1572 3065 liberare
1603 3025 1660 3065 ab
1692 3024 1770 3065 In-
