2060 3476
326 316 411 358 600
737 324 1068 358 APOCALYPSIS
1098 323 1396 357 EXPLICATA.

327 436 411 478 rati
436 442 539 478 sunt
564 450 590 477 a
615 436 757 485 malis,
780 442 827 477 et
852 435 1047 477 addicati
1072 449 1123 477 ac
1150 433 1375 488 conjuncti
1398 434 1608 475 Domino.
1668 434 1806 488 Apud

329 499 535 548 eundem,

397 582 419 594 ⁰⁸
431 579 511 611 Non
530 580 597 611 erit
614 580 680 618 leo,
700 586 735 612 et
751 590 862 621 rapax
877 581 1049 612 ferarum.
1064 605 1071 612 .
1086 605 1092 612 .
1107 590 1197 612 ,non
1214 579 1416 611 invenietur
1432 579 1468 610 in
1485 588 1537 616 ea,
1557 578 1620 610 sed
1636 579 1738 610 ibunt
1754 589 1808 610 re-

501 623 634 663 dempti
649 632 656 660 ;
680 623 731 655 sic
750 624 923 664 redempti
942 623 1101 665 jehovae
1118 628 1341 655 revertentur
1352 628 1387 653 et
1403 621 1549 653 venient
1565 621 1714 653 Zionem
1727 631 1807 653 cum

501 672 619 704 cantu,
637 664 703 708 [et]
721 667 890 707 gaudium
903 666 1125 698 aeternitatis
1139 675 1244 706 super
1261 665 1375 706 capite
1389 674 1512 696 eorum
1523 664 1540 677 ''
1552 663 1670 706 (xxxv.
1686 674 1717 706 9,
1733 664 1787 706 10)
1800 674 1808 703 ;

330 753 465 795 etiam
489 754 548 794 ibi
573 754 719 807 agitur
744 754 800 795 de
825 755 1023 795 adventu
1050 754 1245 802 Domini,
1273 759 1319 794 et
1350 753 1406 794 de
1431 752 1681 794 salvatione
1706 752 1808 794 illo-

330 829 425 856 rum
447 817 519 869 qui
541 830 588 857 se
613 830 639 857 a
656 816 852 858 Domino
869 817 1124 869 regenerari
1149 816 1401 870 patiuntur:
1435 816 1554 869 quod
1579 829 1669 857 non
1691 815 1808 870 apud

330 879 430 919 illos
466 879 549 920 erit
589 879 748 920 falsum
788 879 1024 920 destruens
1064 892 1232 927 verum,
1273 892 1325 919 ac
1365 878 1531 919 malum
1571 879 1809 921 destruens

330 942 510 990 bonum,
538 941 812 995 significatur
837 955 914 995 per
939 942 1058 995 quod
1086 945 1214 982 “non
1240 942 1323 982 erit
1349 941 1459 990 le0,”
1485 948 1530 982 et
1556 943 1674 995 quod
1701 946 1808 984 “ra-

333 1017 422 1056 pax
453 1004 641 1044 ferarum
673 1017 762 1044 non
794 1004 1044 1045 invenietur
1074 1004 1118 1044 in
1144 1017 1196 1044 ea
1212 1003 1245 1054 ;”
1276 1003 1395 1057 quod
1426 1004 1514 1044 sint
1540 1004 1752 1046 vindicati
1782 1018 1809 1047 a

331 1067 458 1107 malis
483 1073 528 1107 et
561 1066 734 1107 liberati
760 1080 786 1106 a
810 1066 943 1114 falsis,
971 1066 1245 1119 significatur
1269 1080 1347 1120 per
1375 1066 1547 1107 “Ibunt
1573 1067 1808 1121 redempti,

332 1130 393 1170 sic
429 1129 649 1181 redempti
683 1128 881 1181 Jehovae
917 1135 1198 1170 revertentur
1213 1128 1247 1180 ;’'
1287 1128 1474 1170 felicitas
1505 1135 1689 1170 aeterna
1723 1130 1811 1171 illis

333 1191 607 1244 significatur
632 1205 709 1245 per
736 1191 972 1232 “Venient
1003 1191 1189 1232 Zionem
1220 1204 1319 1232 cum
1346 1197 1494 1240 cantu,
1522 1198 1567 1234 et
1598 1193 1809 1245 gaudium

332 1254 611 1294 aeternitatis
651 1267 781 1307 super
820 1254 968 1307 capite
1007 1267 1158 1294 eorum
1181 1253 1214 1304 ;”
1261 1254 1410 1294 “Zion
1426 1253 1445 1269 ”
1484 1260 1554 1295 est
1594 1254 1809 1304 ecclesia;

333 1316 436 1370 quid
464 1316 690 1357 “cantus”
716 1316 953 1369 significat,
976 1317 1180 1358 videatur
1197 1330 1305 1357 mox
1327 1330 1459 1370 supra
1487 1315 1548 1370 (n.
1577 1316 1809 1371 326[a,b]).

333 1378 446 1419 Sunt
482 1379 611 1419 binae
642 1392 776 1420 voces
807 1380 850 1419 in
881 1379 1033 1432 lingua
1063 1378 1266 1432 originali
1302 1392 1379 1432 per
1409 1393 1518 1432 quas
1549 1380 1813 1432 exprimitur

335 1441 588 1483 “redimere
604 1441 637 1493 ;'’
678 1455 763 1482 una
793 1441 1014 1495 significat
1046 1442 1394 1483 vindicationem
1431 1456 1458 1483 a
1493 1442 1636 1491 malis,
1669 1441 1812 1483 altera

333 1503 642 1545 liberationem
659 1518 685 1545 a
702 1504 821 1545 salsis
840 1518 850 1554 ;
873 1504 956 1545 hae
973 1505 1102 1545 binae
1118 1517 1251 1545 voces
1268 1505 1326 1545 ibi
1348 1511 1451 1545 sunt
1469 1519 1478 1555 ;
1501 1505 1618 1545 unde
1635 1504 1809 1554 dicitur,

335 1566 507 1607 “Ibunt
533 1566 791 1620 redempti‚”
817 1573 862 1607 et
890 1566 1171 1620 “Redempti
1194 1566 1392 1619 jehovae
1417 1566 1733 1608 revertentur.’'

397 1654 578 1694 (Similiter
594 1655 674 1686 illae
690 1655 795 1686 binae
808 1665 913 1686 voces
930 1655 1023 1695 apud
1039 1655 1235 1693 Hosclzeam,
1252 1665 1327 1695 cap.
1341 1655 1413 1688 xiii.
1430 1664 1488 1695 14;
1512 1655 1606 1696 apud
1624 1655 1809 1694 Davidem,

504 1698 636 1730 Psalm.
653 1698 735 1731 lxix.
754 1707 794 1739 19
812 1696 871 1740 [B.
886 1699 930 1730 A.
947 1697 1002 1740 18]
1017 1708 1024 1737 ;
1048 1704 1084 1730 et
1099 1699 1230 1731 Psalm.
1246 1699 1324 1731 cvii.
1341 1699 1389 1739 2.)

416 1783 504 1837 [ὠ]
548 1783 681 1836 Quod
715 1784 1005 1825 “redimere’'
1035 1784 1258 1838 significet
1288 1784 1519 1826 vindicare
1548 1798 1574 1825 a
1604 1785 1735 1826 malis
1764 1791 1812 1828 et

332 1844 518 1885 liberare
540 1859 565 1885 a
590 1845 724 1893 falsis,
749 1852 794 1886 et
817 1859 992 1899 quoque
1013 1846 1239 1887 vindicare
1261 1852 1306 1887 et
1333 1846 1519 1887 liberare
1543 1847 1600 1887 ab
1623 1847 1808 1896 inferno,

332 1914 401 1948 est
437 1908 539 1960 quia
570 1921 628 1948 ex
666 1908 836 1949 inferno
867 1909 1018 1949 omnia
1055 1908 1173 1948 mala
1208 1914 1254 1949 et
1290 1908 1401 1949 salsa
1431 1909 1547 1962 apud
1583 1908 1811 1950 hominem

332 1977 579 2023 exsurgunt
596 1985 604 2021 ;
632 1985 744 2024 quae
766 1972 867 2024 quia
884 1985 961 2024 per
978 1971 1338 2012 reformationem
1356 1978 1401 2012 et
1423 1972 1810 2024 regenerationem

331 2047 357 2073 a
380 2033 574 2074 Domino
596 2040 895 2081 removentur,
919 2034 1056 2074 etiam
1079 2033 1336 2074 reformatio
1358 2039 1403 2074 et
1426 2034 1708 2086 regeneratio
1733 2047 1812 2087 per

334 2095 617 2136 “redimere''
654 2109 731 2136 seu
770 2109 848 2149 per
888 2095 1314 2149 “redemptionem”
1352 2095 1641 2148 significatur,
1681 2102 1730 2137 ut
1766 2096 1810 2136 in

332 2157 619 2210 sequentibus
644 2157 711 2197 his
737 2157 848 2198 locis
864 2157 1071 2210 z—Apud
1097 2157 1332 2206 Davidem,

401 2246 423 2259 “
434 2244 545 2285 Surge
563 2245 599 2275 in
616 2245 787 2276 auxilium
806 2246 921 2283 nobis,
935 2251 970 2277 et
987 2245 1120 2277 redime
1138 2255 1205 2277 nos
1222 2251 1368 2285 propter
1384 2245 1667 2278 misericordiam
1684 2252 1783 2278 tuam
1794 2245 1813 2260 ”

504 2287 649 2328 (Psalm.
669 2289 753 2320 xliv.
770 2296 810 2327 27
829 2287 889 2330 [B.
903 2290 949 2321 A.
967 2286 1058 2330 26]);

335 2371 588 2412 “redimere
601 2371 620 2386 ⁷’
646 2385 725 2424 pro
751 2371 937 2412 liberare
964 2377 1009 2412 et
1035 2371 1286 2412 reformare.
1347 2371 1483 2425 Apud
1510 2372 1716 2421 eundem,

401 2459 532 2491 “Deus
563 2459 715 2491 redemit
742 2460 901 2491 animam
933 2470 1050 2491 meam
1079 2470 1098 2491 e
1130 2470 1239 2491 manu
1266 2459 1408 2498 inferni,
1439 2465 1475 2492 et
1501 2460 1700 2501 acceptabit
1727 2460 1812 2493 me”

504 2502 648 2542 (Psalm.
668 2503 752 2535 xlix.
772 2503 811 2534 16
830 2501 889 2545 [B.
906 2504 951 2535 A.
971 2501 1060 2544 15]);

336 2585 589 2626 “redimere
620 2599 645 2626 e
676 2599 809 2626 manu
840 2586 1026 2626 inserni’'
1049 2600 1128 2639 pro
1160 2586 1372 2637 liberare3
1407 2590 1680 2640 “acceptare
1711 2585 1812 2627 me”

332 2662 411 2702 pro
439 2647 531 2689 Sibi
556 2647 764 2688 addicare
795 2654 841 2688 et
872 2648 1156 2701 conjungere,
1184 2662 1262 2689 seu
1283 2649 1427 2690 facere
1453 2656 1500 2689 ut
1532 2649 1676 2702 Ipsius
1706 2649 1810 2698 sint,

333 2712 445 2752 sicut
472 2711 586 2751 servi
611 2710 780 2751 venditi
806 2717 852 2751 et
878 2711 1112 2764 redempti.
1173 2711 1310 2764 Apud
1335 2711 1594 2760 Hoscheam,

422 2802 444 2814 ‘⁴
458 2799 485 2830 E
502 2808 611 2830 manu
628 2799 759 2830 inferni
777 2800 949 2831 redimam
970 2809 1043 2838 eos,
1064 2809 1083 2831 e
1100 2805 1215 2831 morte
1235 2800 1409 2831 redimam
1429 2810 1492 2832 eos
1503 2799 1521 2812 ”
1537 2799 1624 2841 (xiii.
1643 2799 1717 2840 14);

336 2887 589 2927 “redimere
601 2885 621 2902 ’'
643 2900 722 2940 pro
744 2887 969 2928 vindicare
987 2893 1032 2928 et
1055 2886 1241 2928 liberare
1263 2900 1288 2928 a
1310 2885 1613 2929 damnatione.
1673 2886 1811 2942 Apud

337 2947 572 2999 Davidem,
