2060 3476
649 342 755 375 CAP.
779 341 858 382 1v.‚
882 341 1020 374 VERs.
1043 341 1190 385 9.—N.
1214 330 1381 386 288[b].
1670 331 1755 384 483

263 457 414 508 Ver0;
446 457 490 498 in
513 455 640 498 caelo
661 469 769 497 vero
790 455 848 496 ab
870 454 1044 507 angelis
1070 460 1116 495 et
1139 454 1182 494 in
1206 453 1399 494 ecclesia
1424 453 1482 494 ab
1503 452 1758 493 hominibus

261 520 472 574 recipitur
512 520 724 560 Divinum
763 518 936 559 Verum
977 523 1024 559 et
1066 517 1216 558 unitur
1258 516 1424 557 Divino
1465 515 1622 566 Bono;
1655 515 1758 556 ideo

261 584 424 624 dicitur
447 587 472 603 “
486 582 639 624 Gloria
659 581 842 623 honoris
863 581 990 633 regni
1014 580 1157 634 Ipsius
1175 579 1208 630 ;’'
1234 593 1313 633 per
1336 582 1562 632 “regnum
1582 571 1758 633 Ipsius‘’

261 644 736 700 significatur'caelum
763 650 809 685 et
835 644 1039 685 ecclesia.
1101 642 1240 696 Apud
1264 642 1473 690 eundem,

330 741 527 773 “Gloriam
559 747 595 772 et
624 740 801 772 honorem
832 748 947 780 pones
979 748 1088 779 super
1120 737 1255 778 Ipsum,
1290 737 1462 778 quoniam
1494 736 1601 777 ponis
1632 735 1758 777 Ipsum

377 798 381 801 ²
435 782 708 816 benedieiiones
728 783 766 815 in
785 782 1002 815 aeternum'’
1022 782 1168 822 (Psalm.
1182 781 1254 813 xxi.
1271 781 1302 819 6,
1320 788 1339 820 7
1361 778 1421 823 [B.
1437 781 1483 813 A.
1502 788 1532 819 5,
1548 778 1620 821 6]);

260 873 371 914 haec
404 870 525 913 dicta
550 877 654 913 sunt
685 863 741 912 de
774 871 986 919 Domino,
1014 875 1060 912 et
1092 883 1170 923 per
1199 867 1427 922 “gloriam
1460 874 1507 910 et
1537 867 1758 908 honorem

260 949 392 989 super
411 935 564 989 Ipsum
575 935 594 950 ’'
611 933 880 988 intelligitur
897 946 1031 975 omne
1054 932 1266 974 Divinum
1285 931 1456 973 Verum
1479 937 1525 972 et
1545 930 1757 971 Divinum

262 998 451 1040 Bonum.
513 997 651 1051 Apud
677 997 885 1046 eundem,

329 1092 522 1132 “Accinge
553 1091 712 1132 gladium
736 1096 836 1123 tuum
861 1100 968 1131 super
991 1090 1119 1128 femur,
1146 1095 1276 1130 potens
1298 1089 1415 1129 gloria
1445 1094 1482 1120 et
1511 1088 1650 1119 honore
1674 1094 1757 1125 tuo;

435 1136 471 1167 in
495 1136 634 1167 honore
657 1140 720 1166 tuo
744 1135 957 1172 conscende,
984 1134 1104 1176 equita
1128 1143 1235 1174 super
1258 1133 1368 1165 verbo
1392 1132 1553 1164 veritatis
1565 1130 1755 1174 ''*(Psalm.

435 1179 505 1212 xlv·
522 1188 553 1219 4,
572 1186 589 1218 5
612 1177 672 1221 [Β.
689 1179 735 1210 Α-
753 1187 784 1218 3,
800 1175 875 1220 4]);

262 1267 399 1308 etiam
422 1267 532 1308 haec
559 1266 616 1307 de
642 1266 866 1316 Domino;
902 1266 1179 1319 “accingere
1201 1264 1402 1319 gladium
1425 1278 1557 1318 super
1578 1264 1758 1314 femur,'’

261 1328 490 1381 significat
519 1328 735 1369 Divinum
761 1327 935 1368 Verum
966 1340 1179 1381 pugnans
1205 1341 1265 1367 ex
1297 1326 1466 1367 Divino
1498 1325 1630 1366 Bono
1655 1336 1760 1375 (quod

262 1398 294 1427 ld
314 1408 372 1436 per
395 1395 567 1436 “gladium
589 1407 685 1436 super
706 1397 836 1427 semur''
857 1397 1061 1435 significetur,
1081 1397 1227 1426 videatur
1249 1405 1279 1426 n.
1303 1397 1415 1434 10488)
1433 1399 1443 1436 ;
1484 1391 1531 1426 et
1561 1385 1666 1439 qula
1696 1399 1758 1426 ex

262 1449 427 1491 Divino
459 1449 583 1491 Vero
614 1449 868 1503 subjugavit
904 1448 1090 1497 inferna,
1123 1461 1174 1489 ac
1213 1448 1432 1501 disposuit
1470 1447 1514 1487 in
1553 1447 1757 1488 ordinem

263 1513 426 1562 caelos,
454 1513 556 1554 ideo
587 1513 748 1554 dicitur
776 1516 977 1566 “potens
1008 1511 1153 1565 gloria
1184 1517 1230 1552 et
1262 1510 1474 1559 honore‚''
1499 1516 1546 1551 et
1578 1524 1757 1564 quoque

264 1577 345 1618 “in
367 1577 537 1618 honore
559 1576 815 1618 conscende
837 1582 883 1617 et
909 1576 1063 1630 equita
1087 1589 1218 1628 super
1239 1574 1378 1615 verbo
1400 1574 1603 1614 veritatis
1620 1573 1655 1624 ;”
1675 1574 1758 1614 “in

263 1639 432 1681 honore
481 1639 786 1681 conscendere
831 1645 877 1680 et
922 1638 1123 1692 equitare
1164 1651 1296 1691 super
1340 1637 1480 1678 verbo
1520 1636 1758 1678 veritatis”

263 1702 485 1756 significa-t
533 1716 669 1756 agere
710 1716 769 1743 ex
807 1702 974 1742 Divino
1019 1700 1149 1741 Bono
1194 1714 1272 1754 per
1314 1695 1526 1741 Divinum
1569 1700 1754 1742 Verum.

263 1765 400 1819 Apud
426 1766 634 1814 eundem,

329 1855 495 1887 “Carere
525 1854 647 1896 Ipsum
675 1854 791 1886 fecisti
818 1854 1002 1895 paululum
1028 1863 1113 1894 prae
1141 1853 1291 1893 angelis,
1320 1853 1383 1885 sed
1413 1852 1528 1893 gloria
1557 1858 1593 1884 et
1620 1852 1759 1884 honore

433 1899 614 1931 coronasti
635 1897 788 1940 Ipsum'’
808 1898 954 1939 (Psalm.
970 1898 1043 1930 viii.
1059 1898 1080 1928 6
1101 1895 1160 1939 [B.
1177 1898 1223 1930 A.
1243 1895 1312 1938 5]);
1340 1941 1342 1945 ,

261 1989 398 2030 etiam
429 1988 486 2029 de
518 1987 744 2038 Domino;
782 1993 928 2028 status
959 1986 1281 2027 humiliationis
1315 1986 1458 2039 Ipsius
1490 1985 1759 2026 describitur

262 2065 339 2106 per
363 2055 551 2100 “carere
574 2051 726 2104 Ipsum
752 2050 895 2091 fecisti
921 2049 1150 2103 paululum
1177 2063 1283 2103 prae
1305 2048 1520 2102 angelis,''
1541 2055 1588 2090 et
1611 2055 1758 2089 status

259 2114 597 2169 glorificationis
620 2128 698 2168 per
721 2114 902 2167 “gloria
928 2120 974 2155 et
1001 2114 1173 2154 honore
1195 2113 1424 2154 coronasti
1447 2112 1599 2166 Ipsum
1617 2112 1650 2163 ;’'
1676 2125 1757 2166 per

254 2178 510 2232 glorzficare
539 2177 807 2231 intelligitur
829 2178 953 2218 unire
976 2177 1128 2230 Ipsum
1155 2174 1367 2217 Divinum
1391 2189 1518 2216 suum
1543 2169 1758 2216 Humano

260 2255 355 2291 suo,
382 2247 428 2282 et
454 2241 540 2282 hoc
572 2255 748 2295 quoque
774 2240 920 2281 facere
946 2240 1172 2281 Divinum.
1234 2239 1373 2293 Apud
1398 2239 1603 2288 Esaiam,

329 2336 561 2369 “Laetamini
589 2337 770 2368 desertum
795 2342 830 2368 et
853 2336 953 2368 locus
977 2336 1108 2374 aridus,
1136 2342 1171 2367 et
1199 2335 1335 2367 exultet
1358 2335 1525 2375 planities
1550 2334 1694 2372 deserti,
1722 2341 1759 2367 et

434 2380 560 2412 floreat
583 2380 673 2411 sicut
696 2390 790 2418 rosa,
817 2380 979 2411 florendo
1003 2380 1128 2411 floreat
1152 2385 1187 2410 et
1211 2379 1360 2411 exultet.
1375 2403 1383 2411 .
1397 2403 1404 2410 .
1419 2403 1427 2410 .
1447 2388 1454 2416 ;
1489 2378 1606 2418 gloria
1631 2378 1757 2409 Libani

434 2424 518 2456 data
540 2430 596 2455 est
619 2424 680 2461 illi,
707 2424 824 2455 honor
848 2423 1004 2455 Carmeli
1029 2429 1064 2454 et
1092 2423 1304 2455 Scharonis:
1338 2423 1388 2454 illi
1407 2422 1580 2454 videbunt
1603 2422 1755 2462 gloriam

435 2467 594 2510 Jehovae
614 2474 649 2499 et
668 2467 843 2499 honorem
865 2467 932 2499 Dei
953 2467 1066 2499 nostri
1078 2466 1096 2478 ”
1116 2467 1237 2506 (xxxv.
1254 2474 1283 2504 1,
1300 2466 1354 2507 2);

259 2555 409 2608 agitur
444 2553 515 2595 hic
553 2553 610 2594 de
645 2553 973 2594 illuminatione
1010 2553 1241 2606 gentium:
1284 2552 1460 2593 illarum
1497 2552 1757 2605 ignorantia

259 2618 352 2659 veri
377 2624 423 2659 et
449 2617 556 2658 boni
581 2616 858 2670 significatur
883 2630 962 2670 per
990 2616 1256 2657 “desertum
1283 2623 1329 2657 et
1356 2616 1507 2657 locum
1532 2615 1705 2656 aridum
1723 2614 1758 2665 ;”

259 2681 435 2723 illarum
467 2680 678 2733 gaudium
705 2693 763 2720 ex
796 2678 1090 2720 instructione
1121 2679 1166 2719 in
1191 2679 1307 2720 veris
1338 2685 1384 2720 et
1411 2678 1754 2726 illuminatione,

259 2758 338 2800 per
371 2743 595 2792 “laetari,'
617 2741 825 2783 exultare
861 2748 907 2783 et
944 2742 1101 2783 florere
1118 2741 1152 2792 ;'’
1194 2741 1377 2795 “gloria
1412 2741 1602 2782 Libani'’
1641 2754 1756 2794 quae

259 2808 368 2849 data
393 2807 480 2848 illis
505 2805 729 2859 significat
756 2805 968 2846 Divinum
991 2805 1178 2854 Verum,
1201 2811 1248 2846 et
1276 2805 1457 2846 “honor
1480 2803 1675 2846 Carmeli
1702 2809 1752 2844 et

261 2868 532 2912 Scharonis'’
549 2867 773 2922 significat
796 2868 1008 2909 Divinum
1032 2868 1222 2917 Bonum,
1242 2882 1356 2922 quae
1373 2868 1620 2921 recipiunt;
1648 2866 1753 2907 inde

260 2940 329 2975 est
355 2932 475 2987 quod
501 2933 637 2973 etiam
664 2932 853 2981 dicatur,
882 2931 992 2973 “Illi
1018 2932 1235 2978 videbunt
1257 2931 1447 2985 gloriam
1478 2931 1676 2984 Jehovae
1702 2935 1751 2971 et
1814 2976 1817 2978 ,

262 2997 478 3038 honorem
505 2995 590 3037 Dei
616 2995 795 3037 nostri.''
855 2995 907 3036 In
932 2994 1220 3049 Apocalypsi,
