2060 3476
327 329 406 374 592
740 326 1068 368 APOCALYPs1s
1100 327 1395 361 EXPLICATA.

324 440 442 496 apud
469 440 676 492 eundem,

395 514 416 528 “
428 512 581 545 Cantate
593 512 752 554 Jehovae
766 513 945 545 canticum
959 522 1104 551 novum,
1119 512 1261 544 laudem
1276 511 1395 553 Ipsius
1409 513 1446 544 in
1460 518 1563 544 coetu
1577 510 1801 552 sanctorum

497 556 649 588 laetetur
673 555 785 587 Israel
809 556 846 587 in
870 554 1067 588 fad'toribus
1091 555 1178 594 suis,
1199 555 1262 587 filii
1286 555 1409 587 Zionis
1429 553 1620 598 [exultent]
1646 556 1682 588 in
1708 556 1807 597 Rege

497 610 575 637 suo,
604 599 750 631 laudent
775 609 907 631 nomen
935 598 1052 639 Ipsius
1078 599 1115 631 in
1140 599 1281 637 chorea,
1301 608 1382 630 cum
1409 604 1582 640 tympano
1608 604 1644 631 et
1668 599 1807 631 cithara

498 643 656 684 psallant
673 642 775 684 Ipsi''
793 641 939 683 (Psalm.
955 642 1060 675 cxlix.
1079 642 1153 683 1-3)
1168 652 1175 681 ;

324 719 443 774 apud
468 718 671 769 Esaiam,

392 794 577 827 “Cantate
593 795 752 837 Jehovae
768 794 946 826 canticum
970 803 1116 832 novum,
1136 793 1278 825 laudem
1304 793 1423 834 Ipsius
1440 794 1648 826 extremitas
1673 799 1803 832 terrae.

526 863 534 871 .
547 863 555 871 .
569 838 758 871 ,extollant
775 848 899 870 vocem
917 838 1096 869 desertum
1113 843 1149 870 et
1166 838 1274 869 urbes
1290 837 1368 878 ejus
1378 836 1396 849 '’
1414 836 1501 878 (xlii.
1521 845 1571 875 10,
1587 835 1675 878 [¹111)
1689 847 1696 876 ;

325 914 442 968 apud
469 914 678 963 eundem,

393 987 415 1001 ‘⁶
426 986 579 1018 Cantate
599 986 700 1025 caeli,
717 986 800 1027 quia
816 986 900 1018 fecit
917 985 1079 1028 Jehovah
1093 995 1100 1024 ;
1123 985 1272 1027 jubilate
1289 985 1462 1018 inferiora
1474 992 1600 1024 terrae,
1617 991 1808 1026 personate

498 1035 640 1061 montes
664 1036 781 1067 cantu,
802 1029 893 1061 silva
916 1035 952 1061 et
975 1029 1094 1061 omnis
1110 1030 1218 1061 arbor
1234 1029 1271 1060 in
1295 1039 1349 1067 ea,
1369 1029 1452 1070 quia
1471 1029 1622 1061 redemit
1644 1029 1806 1071 Jehovah

497 1073 683 1115 Jacobum,
703 1079 738 1104 et
755 1073 791 1104 in
810 1072 942 1104 Israele
959 1072 1156 1113 gloriosum
1174 1073 1218 1104 Se
1231 1072 1418 1104 exhibuit’'
1435 1071 1531 1112 (xliv.
1549 1081 1610 1112 233
1630 1082 1705 1113 cap.
1721 1072 1805 1105 xlix.

502 1115 565 1157 13).

326 1205 378 1246 In
404 1204 490 1246 illis
516 1204 626 1246 locis
651 1205 799 1258 agitur
823 1204 879 1245 de
906 1204 1116 1253 Domino,
1144 1204 1287 1258 Ipsius
1313 1204 1524 1252 adventu,
1552 1209 1598 1244 et
1629 1203 1685 1244 de
1716 1203 1805 1244 sal-

326 1269 506 1309 vatione
529 1281 607 1321 per
629 1267 805 1321 Ipsum;
839 1273 884 1308 et
907 1267 1008 1321 quia
1029 1266 1139 1308 haec
1162 1273 1350 1321 ventura
1372 1272 1513 1315 erant,
1532 1265 1632 1306 ideo
1650 1266 1810 1306 dicitur

329 1331 593 1372 “canticum
620 1343 785 1371 novum
802 1329 836 1370 :''
867 1330 1078 1383 gaudium
1105 1343 1164 1370 ex
1192 1343 1245 1370 eo
1271 1329 1535 1369 describitur
1560 1341 1649 1368 non
1674 1327 1809 1369 modo

326 1407 405 1448 per
431 1392 692 1442 “cantare‚''
721 1391 988 1446 “psallere,”
1016 1390 1331 1445 “personare,'’
1360 1390 1618 1444 “jubilare‚”
1645 1389 1807 1444 “plau-

330 1456 473 1506 dere,”
500 1456 579 1497 sed
605 1456 740 1496 etiam
773 1469 851 1509 per
875 1455 1002 1510 varia*
1021 1455 1320 1495 instrumenta
1351 1454 1532 1502 musica,
1560 1467 1672 1507 quae
1698 1466 1810 1493 sono

327 1519 663 1561 concordabant
680 1532 690 1569 ;
717 1525 811 1559 tum
826 1518 960 1559 etiam
977 1517 1095 1571 quod
1112 1516 1277 1557 “simul
1295 1516 1581 1569 gauderent‚'’
1594 1519 1618 1536 ·‘
1631 1514 1809 1556 exulta-

326 1582 465 1631 rent,”
484 1580 795 1635 “jubilarent,”
812 1585 836 1601 “
850 1579 1124 1627 cantarent,’'
1141 1582 1165 1599 “
1178 1578 1481 1633 plauderent,”
1497 1582 1522 1599 “
1534 1577 1780 1619 clamarent
1791 1576 1811 1592 ”

327 1645 519 1694 flumina,
547 1658 682 1694 mare,
709 1658 829 1697 ager,
857 1643 1009 1691 silvae,
1033 1642 1212 1683 arbores
1238 1642 1309 1690 ibi,
1334 1642 1544 1690 Libanus,
1568 1641 1810 1690 desertum,

328 1715 521 1757 montes,
549 1714 594 1749 et
621 1707 759 1761 plura.
821 1705 955 1759 Quod
982 1706 1037 1746 de
1069 1705 1153 1745 illis
1180 1704 1339 1745 similia
1365 1705 1582 1754 dicantur,
1610 1710 1678 1745 est
1709 1703 1811 1757 quia

328 1771 404 1812 il-la
429 1770 685 1824 significant
712 1769 820 1811 talia
842 1783 955 1823 quae
981 1767 1197 1810 ecclesiae
1224 1774 1342 1816 sunt,
1366 1774 1412 1808 et
1437 1767 1540 1808 ideo
1565 1766 1673 1808 talia
1698 1779 1810 1820 quae

328 1834 446 1888 apud
468 1834 696 1875 hominem
720 1832 963 1883 ecclesiae3
989 1830 1236 1871 “flumina”
1252 1830 1330 1871 illa
1351 1844 1463 1884 quae
1485 1829 1811 1882 intelligentiae

328 1903 446 1946 sunt,
482 1896 672 1937 “mare”
704 1895 779 1936 illa
816 1908 929 1948 quae
961 1894 1175 1934 scientiae
1207 1892 1530 1934 concordantia
1566 1905 1666 1933 cum
1696 1891 1811 1932 veris

329 1965 375 2001 et
401 1960 546 2008 bonis,
574 1957 749 2011 “ager’'
775 1958 942 1998 bonum
968 1956 1200 2005 ecclesiae,
1231 1955 1406 1996 “silvae
1419 1955 1438 1970 ''
1462 1968 1568 2011 vera
1598 1952 1811 1995 naturalis

328 2022 534 2071 hominis,
552 2025 576 2042 “
589 2022 770 2062 arbores
782 2020 801 2035 '’
818 2020 1114 2072 cognitiones,
1134 2022 1158 2039 “
1172 2018 1368 2059 Libanus
1379 2017 1398 2033 ''
1411 2030 1564 2058 verum
1582 2022 1627 2057 et
1644 2016 1811 2057 bonum

329 2085 572 2138 spirituale,
622 2082 920 2124 “desertum''
961 2081 1229 2122 desiderium
1268 2081 1359 2121 veri
1400 2087 1448 2121 ut
1487 2080 1591 2120 inde
1630 2079 1810 2124 bonum,

331 2147 578 2201 “montes’'
609 2147 728 2187 bona
758 2146 948 2186 amoris:
991 2144 1102 2184 haec
1134 2144 1285 2184 omnia
1316 2143 1522 2183 dicuntur
1555 2140 1812 2189 “cantare,'’

331 2209 646 2264 “personare‚’'
680 2206 937 2261 “jubilare,'’
970 2205 1232 2247 “clamare”
1270 2211 1316 2246 et
1357 2204 1643 2258 “plaudere‚’'
1679 2215 1813 2257 quum

329 2273 406 2314 illa
436 2286 460 2314 e
492 2272 618 2313 caelo
650 2277 768 2319 sunt,
795 2277 901 2311 tunc
928 2269 1045 2310 enim
1071 2268 1283 2321 gaudium
1315 2267 1510 2309 caeleste
1536 2268 1580 2307 in
1611 2266 1697 2307 illis
1728 2272 1812 2315 est,

330 2342 377 2377 et
407 2349 486 2389 per
515 2334 592 2375 illa
622 2335 666 2374 in
697 2333 905 2383 homine;
947 2345 1051 2372 nam
1077 2331 1213 2372 homo
1239 2344 1329 2371 non
1361 2331 1403 2370 in
1436 2330 1620 2371 caelesti
1650 2329 1814 2382 gaudio

330 2404 400 2440 est
425 2398 507 2438 nisi
533 2397 609 2438 illa
634 2410 746 2450 quae
772 2395 890 2449 apud
916 2394 1054 2443 illum,
1082 2407 1195 2448 quae
1227 2399 1330 2434 sunt
1356 2407 1462 2434 vera
1487 2399 1534 2434 et
1565 2393 1697 2442 bona,
1724 2393 1813 2434 sint

330 2475 355 2502 e
381 2460 534 2511 caelo;
566 2460 668 2500 inde
695 2459 906 2512 gaudium
932 2457 1078 2498 cordis
1104 2456 1222 2510 quod
1249 2470 1351 2497 vere
1377 2456 1602 2509 gaudium,
1630 2462 1682 2504 et⁴
1701 2469 1812 2508 gau-

331 2524 452 2565 dium
483 2523 674 2564 hominis
705 2520 823 2575 apud
854 2533 985 2575 quem
1017 2519 1116 2560 illa:
1150 2518 1253 2560 inde
1279 2525 1487 2559 constare
1518 2524 1670 2571 potest
1697 2518 1813 2559 unde

331 2593 400 2628 est
432 2586 551 2640 quod
592 2586 648 2626 de
685 2585 771 2626 illis
803 2583 946 2625 simile
983 2583 1157 2624 dicatur
1188 2581 1307 2636 quod
1339 2581 1395 2622 de
1426 2581 1620 2630 homine,
1653 2594 1814 2634 nempe

331 2651 433 2705 quia
458 2651 502 2690 in
532 2649 617 2690 illis
643 2654 712 2689 est
739 2647 950 2701 gaudium
976 2652 1022 2687 et
1048 2659 1127 2700 per
1151 2645 1228 2686 illa
1253 2645 1371 2698 apud
1401 2643 1642 2684 hominem.
1703 2643 1818 2684 Tale'

331 2714 543 2767 gaudium
575 2718 645 2753 est
676 2713 719 2752 in
752 2711 873 2752 omni
913 2710 1034 2751 bono
1065 2707 1283 2762 spirituali
1319 2713 1365 2748 et
1402 2706 1601 2755 caelesti,
1635 2712 1680 2747 et
1711 2706 1814 2746 inde

332 2776 450 2831 apud
481 2775 582 2816 illos
608 2774 725 2828 apud
756 2787 867 2827 quos
899 2773 975 2813 illa
1006 2773 1125 2813 bona
1156 2777 1285 2822 sunt;
1317 2770 1458 2810 influit
1490 2770 1607 2810 enim
1639 2767 1812 2809 caelum

333 2854 433 2882 cum
455 2854 535 2880 suo
561 2838 738 2892 gaudio,
765 2837 849 2878 hoc
877 2843 959 2886 est,
988 2835 1207 2876 Dominus
1233 2847 1310 2887 per
1335 2833 1522 2881 caelum,
1549 2833 1593 2872 in
1624 2823 1742 2872 bona
1765 2837 1811 2872 et

332 2904 435 2944 inde
456 2916 561 2944 vera
582 2915 694 2956 quae
716 2900 773 2941 ab
799 2900 904 2954 Ipso
929 2898 1047 2953 apud
1072 2898 1313 2944 hominem,
1337 2902 1383 2937 et
1408 2909 1486 2949 per
1507 2894 1615 2935 illa
1603 2908 1648 2935 m
1666 2894 1809 2935 homi-

334 2979 451 3016 nem,
479 2972 524 3007 et
551 2978 640 3007 non
662 2965 705 3005 in
736 2964 965 3005 hominem
992 2967 1229 3016 expertem
1255 2959 1340 3000 illis
1366 2965 1442 3000 aut
1467 2970 1668 2999 vacuum.
1730 2955 1815 2997 Illa
