2060 3476
901 348 1064 382 CAPUT
1095 348 1145 381 11.
1691 347 1768 393 105

346 479 419 512 10.
469 461 602 512 Nihil
626 462 798 510 timeas
819 478 945 525 quae
970 461 1158 509 futurus
1177 477 1231 509 es
1254 460 1381 524 pati;
1420 477 1536 508 ecce
1560 459 1771 515 futurum

271 551 326 589 ut
343 541 565 606 conjiciat
582 557 646 588 ex
662 530 801 587 vobis
819 537 1039 587 diabolus
1057 538 1106 586 in
1125 537 1411 592 custodiam,
1427 547 1483 584 ut
1499 537 1771 591 tentemini,

272 628 324 666 et
346 617 588 665 habebitis
608 614 924 664 afflictionem
943 615 1118 663 diebus
1137 614 1340 662 decern:
1377 624 1486 662 esto
1511 612 1666 661 fidelis
1690 630 1769 661 us-

272 711 370 758 que
394 694 457 742 ad
480 704 702 748 mortem,
727 703 779 741 et
802 692 934 740 dabo
957 692 1042 739 tibi
1067 708 1300 739 coronam
1324 691 1469 739 vitae.

346 787 364 819 1
381 787 419 819 1.
470 770 680 818 Habens
708 786 877 818 aurem
905 768 1070 817 audiat
1093 768 1211 832 quid
1241 767 1450 831 Spiritus
1478 766 1595 815 dicit
1619 765 1770 815 eccle-

272 848 381 904 siis;
420 848 621 895 vincens
645 863 746 895 non
770 845 991 895 laedetur
1013 863 1043 893 a
1065 855 1223 893 morte
1247 844 1481 892 secunda.

348 1051 420 1083 12.
469 1034 534 1081 Et
557 1032 759 1098 Angelo
789 1033 837 1081 in
867 1033 1111 1097 Pergamo
1137 1031 1385 1080 Ecclesiae
1410 1031 1595 1080 scribe:
1635 1030 1776 1080 Haec

273 1111 385 1159 dicit
408 1111 597 1159 habens
622 1109 940 1173 romphaeam
966 1109 1227 1173 ancipitem
1251 1118 1456 1157 acutam.

346 1203 419 1249 13.
469 1187 601 1236 Novi
626 1204 779 1250 opera
795 1197 893 1241 tua,
914 1196 964 1234 et
982 1187 1064 1234 ubi
1090 1186 1292 1240 habitas,
1313 1186 1397 1234 ubi
1421 1185 1628 1234 thronus
1646 1195 1772 1233 sata-

274 1282 367 1314 nae
388 1283 398 1322 ;
449 1275 501 1314 et
536 1275 678 1313 tenes
717 1282 901 1312 nomen
941 1282 1122 1318 meum,
1162 1274 1213 1312 et
1254 1281 1354 1311 non
1396 1264 1587 1328 negasti
1628 1263 1775 1311 fidem

273 1359 450 1398 meam,
486 1352 537 1390 et
572 1342 620 1390 in
656 1342 828 1390 diebus
866 1342 915 1389 in
952 1342 1128 1406 quibus
1165 1341 1377 1404 Antipas
1413 1351 1599 1404 martyr
1634 1358 1776 1388 meus

273 1418 443 1475 fidelis,
469 1419 549 1483 qui
575 1419 761 1467 occisus
785 1418 915 1482 apud
939 1435 1044 1473 vos,
1070 1418 1152 1465 ubi
1177 1417 1360 1465 habitat
1383 1428 1592 1465 satanas.

348 1512 420 1557 14.
470 1495 573 1545 Sed
601 1495 760 1543 habeo
785 1495 1023 1543 adversus
1047 1505 1097 1543 te
1122 1511 1291 1558 pauca,
1317 1494 1450 1558 quod
1479 1494 1662 1542 habeas
1686 1493 1776 1542 illic

272 1583 502 1621 tenentes
526 1571 799 1620 doctrinam
827 1571 1040 1626 Balaam,
1061 1572 1144 1636 qui
1168 1571 1379 1620 docebat
1404 1570 1634 1619 Balacum
1659 1571 1775 1636 obji—

274 1667 386 1697 cere
410 1648 690 1697 scandalum
710 1665 873 1697 coram
897 1648 1006 1696 filiis
1033 1648 1238 1703 Israelis,
1259 1648 1408 1697 edere
1434 1648 1706 1712 idolothyta
1729 1658 1780 1695 et

274 1726 491 1774 scortari.

350 1819 367 1851 1
380 1804 423 1851 5.
474 1803 547 1851 Ita
564 1802 718 1851 habes
734 1813 784 1851 et
802 1812 854 1850 tu
874 1813 1101 1850 tenentes
1117 1800 1393 1850 doctrinam
1412 1801 1777 1855 Nicolaitarum,

275 1880 410 1944 quod
435 1880 532 1928 odi.

350 1960 422 2005 16.
473 1957 756 2020 Resipisce;
794 1956 868 2004 sin
898 1957 1074 2011 minus,
1100 1956 1294 2004 veniam
1323 1955 1410 2004 tibi
1439 1955 1548 2011 cito,
1574 1966 1623 2003 et
1651 1972 1775 2019 pug-

276 2035 408 2083 nabo
433 2051 542 2082 cum
568 2033 657 2081 illis
682 2033 951 2097 romphaea
974 2034 1072 2081 oris
1097 2033 1207 2081 mei.

350 2124 422 2171 17.
472 2111 681 2158 Habens
711 2128 878 2158 aurem
907 2110 1072 2158 audiat
1095 2110 1214 2173 quid
1246 2110 1454 2173 Spiritus
1483 2106 1598 2157 dicit
1627 2109 1777 2157 eccle-

275 2188 386 2236 siis:
424 2188 638 2236 vincenti
662 2188 790 2235 dabo
820 2187 881 2235 illi
910 2187 1059 2235 edere
1084 2187 1147 2235 de
1173 2204 1351 2234 manna
1374 2186 1692 2241 abscondito;
1729 2197 1781 2234 et

277 2265 406 2313 dabo
438 2264 502 2312 illi
534 2263 771 2313 calculum
800 2263 978 2318 album,
1009 2274 1059 2311 et
1091 2264 1138 2311 in
1173 2263 1352 2311 calculo
1382 2280 1564 2311 nomen
1594 2280 1779 2311 novum

277 2342 521 2405 scriptum,
547 2341 681 2405 quod
706 2358 852 2389 nemo
879 2341 1014 2389 novit
1039 2341 1127 2388 nisi
1153 2341 1235 2405 qui
1260 2340 1450 2404 accipit.

355 2525 427 2572 18.
476 2524 540 2571 Et
564 2523 763 2588 Angelo
787 2524 836 2572 in
859 2523 1107 2587 Thyatiris
1139 2523 1388 2572 Ecclesiae
1412 2524 1598 2572 scribe:
1638 2523 1781 2571 Haec

279 2601 395 2648 dicit
420 2599 570 2648 Filius
600 2601 697 2648 Dei
726 2601 914 2649 habens
939 2600 1103 2649 oculos
1129 2618 1245 2649 suos
1270 2612 1503 2665 tanquam
1534 2601 1779 2649 flammam

281 2677 419 2742 ignis,
445 2688 497 2725 et
519 2677 675 2740 pedes
698 2695 815 2725 suos
839 2677 1021 2726 similes
1046 2677 1393 2726 chalcolibano.

354 2769 427 2813 19.
475 2754 609 2801 Novi
634 2764 718 2802 tua
741 2771 893 2818 opera
916 2765 967 2802 et
990 2754 1287 2809 charitatem,
1308 2765 1359 2802 et
1382 2754 1706 2802 ministerium
1732 2763 1782 2800 et

279 2829 445 2885 fidem,
466 2841 517 2878 et
539 2830 845 2878 tolerantiam
863 2841 998 2879 tuam
1017 2842 1067 2879 et
1091 2848 1242 2895 opera
1260 2841 1358 2886 tua,
1378 2841 1428 2879 et
1452 2830 1619 2879 ultima
1642 2829 1781 2894 plura

280 2906 537 2970 prioribus.

352 3000 426 3032 20.
478 2985 580 3033 Sed
615 2984 775 3033 habeo
807 2985 1043 3034 adversus
1074 2997 1123 3034 te
1155 3003 1323 3050 pauca,
1357 2985 1492 3049 quod
1526 2983 1777 3048 permittas
