2060 3476
284 346 367 388 286
699 356 1032 389 APOCALYPSIS
1063 357 1362 389 EXPLICATA.

282 468 504 522 detegunt
543 469 654 510 falsa
691 476 736 510 et
778 469 895 511 mala
932 471 1049 524 apud
1085 470 1328 519 hominem,
1356 475 1402 510 et
1441 469 1502 511 sic
1540 468 1774 523 purificant

283 545 399 580 eum,
427 533 529 574 ideo
555 533 717 574 dicitur
743 534 860 587 apud
888 534 1123 583 Davidem,

351 621 373 636 ‘⁸
386 620 475 653 Ecce
492 622 677 653 veritatem
695 621 877 654 desideras
895 623 931 653 in
949 623 1107 660 renibus,
1127 629 1162 653 et
1186 622 1222 653 in
1247 622 1387 653 occulto
1412 621 1625 662 sapientiam
1651 627 1775 653 notam

455 665 543 696 facis
558 666 644 696 mihi
659 675 665 703 ;
690 665 891 706 purificabis
909 676 965 697 me
982 666 1141 706 hyssopo
1159 672 1197 697 ut
1213 665 1367 696 mundus
1385 664 1479 702 fiam,
1499 671 1535 696 et
1551 664 1687 696 lavabis
1705 674 1773 702 me,

457 715 492 740 et
509 719 592 749 prae
610 709 692 741 nive
709 709 930 741 dealbabor''
948 710 1094 749 (Psalm.
1112 709 1146 740 li.
1163 710 1193 747 8,
1207 718 1228 749 9
1247 707 1307 750 [B.
1323 709 1370 740 A.
1385 708 1415 746 6,
1431 706 1492 750 7]).

287 795 408 849 (ἓυίτὶῥ
435 797 641 838 Naziraei
673 797 1075 851 repraesentabant
1109 796 1351 837 Dominum
1384 794 1531 850 quoad
1564 796 1775 837 Divinum

286 859 455 900 Verum
482 861 524 901 in
553 860 733 909 ultimis,
761 861 882 914 quod
908 861 951 900 in
979 860 1108 901 terris
1135 866 1204 900 est
1231 859 1433 900 Verbum
1465 860 1508 900 in
1534 873 1666 900 sensu
1699 855 1784 900 lit-'

285 930 423 971 terae,
450 930 495 964 et
519 924 603 964 hoc
630 924 749 976 apud
779 923 973 976 Judaeos
998 922 1281 963 falsificatum
1314 928 1359 964 et
1392 935 1648 976 perversum
1680 922 1773 971 fuit,

285 987 387 1027 ideo
413 987 469 1027 de
495 986 580 1038 illis
607 987 769 1027 dicitur
792 987 835 1026 in
871 986 1072 1035 Threnis,

351 1075 468 1106 “Albi
493 1081 594 1115 erant
620 1074 782 1106 Naziraei
808 1085 892 1115 prae
917 1075 1011 1112 nive,
1039 1074 1179 1107 candidi
1204 1080 1306 1107 erant
1330 1084 1413 1116 prae
1438 1072 1550 1110 lacte:
1582 1075 1776 1106 rubuerunt

456 1129 540 1150 ossa
557 1129 640 1159 prae
657 1118 871 1158 margaritis,
891 1119 1080 1159 sapphirus
1098 1119 1251 1159 pollities
1269 1128 1391 1150 eorum
1405 1128 1412 1157 ;
1437 1118 1500 1150 sed
1517 1119 1706 1150 obscurata
1722 1124 1776 1149 est

456 1163 573 1194 forma
589 1172 725 1200 eorum,
740 1168 778 1194 ut
796 1172 867 1193 non
886 1168 1150 1202 cognoscantur
1167 1162 1202 1194 in
1221 1162 1348 1205 plateis
1365 1162 1424 1202 (iv.
1444 1169 1474 1201 7,
1489 1161 1532 1202 8).

283 1250 395 1287 (Quod
406 1251 548 1280 Naziraei
562 1250 861 1288 repraesentaverint
871 1250 1046 1280 Dominum
1059 1250 1166 1287 quoad
1178 1250 1328 1279 Divinum
1339 1250 1469 1284 Verum,
1482 1250 1626 1278 videatur
1634 1259 1664 1279 n.
1678 1250 1756 1287 6437
1767 1259 1774 1286 ς

281 1297 369 1333 quod
392 1299 526 1325 “vertex
549 1296 719 1325 Naziraei''
743 1296 782 1324 sit
805 1296 956 1325 Divinum
979 1296 1098 1324 Verum
1120 1296 1153 1324 in
1174 1296 1300 1330 ultimis,
1323 1305 1379 1324 seu
1399 1296 1541 1325 Verbum
1563 1296 1595 1324 in
1610 1296 1721 1330 littera,
1743 1304 1774 1326 ῐι.

281 1343 370 1380 6437,
380 1352 469 1380 9407.
513 1343 611 1379 Quod
626 1342 778 1376 “crinis,''
801 1342 855 1379 qui
877 1347 943 1371 erat
966 1342 1179 1376 Naziraeatus,
1196 1346 1227 1370 et
1248 1341 1352 1371 dictus
1373 1341 1430 1370 suit
1445 1345 1579 1370 ¹¹vertex
1599 1341 1774 1376 Naziraei,''

281 1388 318 1417 sit
335 1389 484 1418 Divinum
500 1389 620 1418 Verum
636 1389 667 1417 in
682 1389 808 1422 ultimis,
825 1397 855 1418 n.
871 1396 960 1425 3301.
973 1395 1062 1425 5247,
1077 1396 1184 1424 10044.
1229 1388 1326 1424 Quod
1350 1381 1501 1417 Divinum
1517 1388 1636 1416 Vemm
1658 1387 1690 1416 in
1705 1388 1776 1417 ulti-

281 1435 339 1463 mis
353 1434 391 1463 sit
406 1435 455 1464 cui
470 1435 568 1464 robur
582 1439 613 1464 et
626 1435 776 1472 potentia,
792 1443 822 1464 n.
839 1434 934 1471 9836:
958 1434 1046 1471 quod
1060 1434 1134 1463 inde
1149 1434 1245 1463 robur
1260 1434 1397 1463 Simsoni
1412 1434 1444 1462 in
1459 1434 1606 1468 crinibus,
1622 1443 1653 1464 n.
1669 1433 1774 1473 3301.)

285 1482 396 1523 Inde
423 1489 550 1536 patet
583 1483 687 1536 quid
720 1481 996 1535 significatur
1028 1496 1106 1536 per
1137 1482 1257 1536 quod
1284 1481 1529 1522 “Naziraei
1561 1482 1650 1523 albi
1681 1482 1774 1523 fue-

282 1547 370 1587 rint
404 1559 509 1599 prae
542 1547 656 1594 nive,
689 1552 735 1586 et
774 1546 952 1588 candidi
994 1559 1099 1599 prae
1136 1543 1268 1594 lacte,
1301 1551 1347 1586 et
1384 1545 1504 1599 quod
1541 1545 1775 1599 sapphirus

284 1609 462 1662 polities
485 1610 651 1650 ossium
674 1622 827 1650 eorum
846 1623 855 1659 ;
888 1608 966 1649 sed
989 1609 1230 1650 obscurata
1256 1608 1397 1649 forma
1419 1622 1587 1658 eorum,
1612 1615 1660 1650 ut
1683 1622 1774 1649 non

282 1679 616 1726 cognoscantur
633 1673 676 1712 in
695 1672 857 1725 plateis
875 1672 909 1723 ;''
933 1675 958 1692 “
971 1671 1166 1713 albedo’'
1185 1672 1301 1712 enim
1320 1678 1366 1712 et
1384 1675 1408 1692 “
1422 1672 1590 1712 candor
1602 1671 1621 1687 ”
1635 1672 1773 1725 signi·

280 1735 416 1777 ficant
450 1736 661 1776 Divinum
695 1735 865 1776 Verum
898 1735 941 1775 in
974 1749 1053 1775 sua
1085 1735 1196 1783 luce,
1232 1741 1279 1775 ut
1312 1748 1444 1788 supra
1476 1733 1644 1776 dic'tum
1676 1742 1772 1786 est;

280 1805 326 1840 et
354 1799 532 1848 “ossa‚'’
559 1800 662 1853 quia
687 1805 790 1840 sunt
814 1798 975 1839 ultima
996 1798 1113 1852 apud
1140 1798 1384 1846 hominem,
1410 1804 1513 1839 sunt
1537 1799 1654 1839 enim
1677 1812 1773 1839 sus·

280 1862 513 1904 tentacula
549 1863 689 1904 totius
729 1863 928 1916 corporis
969 1861 1076 1915 ejus,
1120 1861 1479 1915 correspondent
1520 1861 1689 1902 ultimis
1729 1863 1773 1902 in

279 1937 301 1965 C
307 1924 422 1964 aelo.
469 1935 567 1973 (Nam
581 1935 690 1964 omnia
699 1933 837 1964 hominis
849 1935 1109 1971 correspondent,
1122 1933 1268 1962 videatur
1279 1934 1310 1962 in
1325 1942 1420 1971 opere
1433 1934 1484 1962 De
1499 1934 1588 1962 Caelo
1600 1936 1631 1962 et
1638 1934 1773 1972 Inferna,

278 1992 308 2012 n.
326 1985 444 2019 87-102
456 1993 462 2017 ;
485 1983 558 2012 ideo
571 1986 669 2012 “ossa
681 1982 697 1992 '¹
710 1982 887 2020 significant
899 1982 1010 2011 ultima
1021 1982 1052 2010 in
1064 1981 1215 2019 spirituali
1231 1983 1363 2016 mundo,
1374 1990 1457 2018 quae
1467 1981 1561 2010 etiam
1571 1986 1644 2010 sunt
1664 1982 1776 2012 ultima

279 2029 385 2057 Divini
401 2029 474 2058 Veri
487 2038 543 2058 seu
558 2029 665 2063 Verbi,
682 2038 712 2058 n.
729 2028 918 2065 5560—5564,
930 2030 1025 2064 8005:
1048 2029 1136 2064 quod
1149 2031 1166 2042 “⁴
1176 2028 1341 2066 sapphirus
1351 2027 1367 2036 ”
1383 2027 1536 2064 significet
1547 2028 1774 2057 translucidum

277 2084 316 2103 ex
330 2075 419 2109 veris,
432 2084 462 2104 n.
476 2084 571 2112 9407:
594 2078 610 2089 ¹¹
622 2084 687 2103 non
699 2075 847 2112 cognosci
862 2074 893 2102 in
906 2073 1047 2111 plateis,¹'
1063 2074 1216 2110 significat
1228 2074 1315 2110 quod
1330 2083 1394 2102 non
1406 2074 1541 2111 amplius
1553 2078 1702 2111 appareat
1718 2074 1775 2103 Di·

277 2121 386 2150 vinum
401 2121 531 2154 Verum,
548 2124 564 2135 ¹⁴
575 2121 698 2158 plateae
708 2121 724 2130 ''
742 2121 825 2149 enim
841 2120 1018 2157 significant
1032 2120 1087 2148 ubi
1102 2129 1176 2148 vera
1191 2119 1365 2154 doctrinae,
1380 2129 1411 2149 n.
1429 2120 1531 2158 2336.)

357 2182 483 2227 197.
523 2183 628 2222 [Vers.
645 2184 688 2222 5.]
720 2178 743 2196 ‘¹
760 2171 1166 2224 Vincens.''—Quod
1192 2171 1416 2225 significet
1437 2173 1518 2226 qui
1538 2178 1775 2225 permanet

277 2249 413 2288 usque
435 2235 500 2276 ad
517 2241 710 2283 mortem,
735 2240 917 2275 constat
940 2248 998 2274 ex
1023 2233 1350 2286 significatione
1375 2234 1630 2283 “vincere‚'’
1652 2235 1772 2288 quod

278 2299 335 2339 sit
369 2312 630 2352 permanere
662 2299 705 2338 in
739 2297 956 2351 spirituali
983 2295 1218 2337 affectione
1250 2298 1341 2338 veri
1374 2311 1512 2351 usque
1544 2298 1600 2337 ad
1638 2297 1772 2339 finem

278 2362 399 2402 vitae
428 2361 504 2415 (de
530 2376 616 2414 qua
639 2375 784 2414 supra,
813 2374 854 2401 n.
887 2360 1000 2414 128).

358 2427 489 2480 198.
528 2427 604 2467 “ls
630 2427 825 2467 restietm·
846 2426 886 2466 Ιη
912 2426 1160 2467 vestimentl's·
1185 2425 1522 2479 albis.''——Quod
1548 2425 1772 2479 significet

277 2489 617 2542 intelligentiam
641 2495 683 2529 et
703 2488 971 2541 sapientiam
996 2489 1231 2529 secundum
1256 2502 1363 2528 vera
1387 2494 1429 2529 et
1456 2502 1603 2528 eor-um
1629 2495 1771 2540 recep—

279 2554 451 2601 tionem,
491 2559 672 2593 constat
705 2567 764 2593 ex
804 2552 890 2592 illis
928 2566 1042 2605 quae
1080 2565 1196 2592 nunc
1235 2565 1367 2604 supra
1407 2550 1468 2605 (n.
1501 2561 1574 2604 195
1599 2558 1644 2592 et
1673 2550 1769 2605 196)

279 2615 399 2657 dicta
430 2622 547 2664 sunt,
576 2616 649 2656 ubi
682 2622 913 2656 ostensum
940 2622 1010 2656 est
1036 2615 1155 2668 quod
1184 2615 1495 2656 “vestimenta
1524 2614 1656 2659 alba’'
1681 2615 1771 2655 sint

279 2694 384 2721 vera
417 2679 603 2719 Divina:
646 2679 766 2732 quod
796 2679 987 2719 “vestiri
1018 2678 1136 2719 illis”
1168 2677 1391 2731 significet
1423 2677 1770 2731 intelligentiam

279 2749 324 2783 et
357 2743 624 2796 sapientiam
658 2742 903 2782 secundum
935 2755 1041 2782 vera
1080 2747 1126 2782 et
1163 2754 1316 2782 eorum
1348 2741 1667 2794 receptionem,
1699 2746 1770 2781 est

280 2806 381 2860 quia
406 2805 551 2845 omnis
583 2803 887 2856 intelligentia
918 2810 964 2845 et
997 2804 1218 2858 sapientia
1248 2810 1318 2844 est
1350 2817 1408 2844 ex
1441 2803 1614 2843 Divinis
1639 2803 1768 2851 veris,

280 2868 525 2909 secundum
563 2859 902 2920 perceptionem
944 2880 1097 2907 eorum
1138 2873 1183 2908 et
1222 2867 1527 2920 receptionem
1568 2867 1611 2906 in
1649 2866 1768 2916 vita;

279 2932 431 2972 videre
462 2944 567 2971 vera
597 2936 643 2971 et
675 2930 823 2983 qualia
855 2936 958 2971 sunt
991 2936 1060 2971 est
1092 2931 1407 2983 perceptioniS,
1440 2936 1486 2970 et
1517 2929 1666 2969 vivere
1698 2942 1769 2969 se-

279 2995 475 3036 cundum
501 2993 576 3034 illa
608 2999 677 3035 est
710 2994 1007 3047 receptionis;
1040 2993 1285 3034 secundum
1317 2992 1438 3033 illam
1471 2998 1516 3033 et
1549 2992 1663 3032 hanc
1697 2997 1768 3032 est
