2060 3476
668 341 775 413 cAP.
797 378 859 421 v.‚
883 378 1021 411 VERS.
1041 369 1194 410 6.—N.
1221 368 1387 423 315[b].
1697 376 1776 420 547

223 526 226 528 -
282 494 493 543 animam,
526 493 646 548 quod
677 491 727 535 fit
752 492 870 547 apud
896 506 974 533 eos
1005 491 1078 545 qui
1109 505 1200 533 non
1231 490 1450 544 recipiunt
1475 489 1616 530 vitam
1649 487 1775 536 caeli,

279 571 393 611 quae
418 564 607 598 vocatur
633 557 765 598 “vita
789 555 1014 604 aeterna‚”
1040 561 1086 596 et
1112 568 1290 608 quoque
1316 553 1579 607 simpliciter
1606 550 1776 599 “vita,”

279 627 325 662 et
352 621 412 662 sic
435 620 593 674 quibus
615 619 717 661 loco
738 619 830 672 ejus
852 625 922 660 est
945 631 1066 659 mors
1088 631 1202 672 quae
1224 623 1294 658 est
1312 616 1572 666 damnatio;
1605 620 1651 656 et
1673 614 1777 668 quia

279 683 365 724 hoc
398 685 441 724 in
473 684 681 725 confesso
712 689 797 731 est,
825 682 1025 736 sequitur
1055 681 1175 735 quod
1207 694 1286 734 per
1312 679 1525 720 “occidi”
1550 679 1594 719 in
1620 677 1777 718 Verbo

279 745 562 799 intelligatur
599 746 741 799 perire
782 759 841 786 ex
882 744 1004 785 falsis
1048 751 1095 785 et
1141 743 1283 784 malis.
1356 743 1579 784 Dominus
1623 747 1776 781 autem

279 808 568 862 spiritualiter
609 809 771 849 dicitur
809 807 1062 857 “occisus,’'
1097 807 1278 862 quando
1312 811 1505 860 negatur
1541 817 1696 845 verum
1730 810 1776 844 et

278 871 472 924 rejicitur
497 872 664 913 bonum
690 885 804 925 quae
830 871 887 912 ab
914 871 1046 925 Ipso:
1079 870 1198 924 apud
1223 870 1307 911 hos
1333 871 1471 911 etiam
1498 881 1579 909 nec
1607 881 1775 921 agnos-

280 936 421 986 citur;
464 948 568 976 nam
600 936 673 989 qui
709 941 849 988 negat
883 941 930 976 et
966 934 1106 987 rejicit
1139 933 1216 974 illa
1248 947 1362 987 quae
1395 933 1453 974 ab
1485 932 1605 986 Ipso,
1637 933 1776 973 etiam

281 1004 420 1052 negat
451 1005 498 1039 et
529 997 670 1051 rejicit
698 988 865 1052 Ipsum,
894 998 1115 1039 Dominus
1141 998 1260 1038 enim
1292 1002 1363 1038 est
1394 996 1513 1050 apud
1545 996 1775 1036 hominem

280 1063 324 1103 in
350 1063 440 1103 suis
465 1063 579 1103 veris
605 1068 652 1103 et
683 1062 825 1102 bonis.
886 1061 976 1103 Sed
1007 1062 1079 1102 hic
1105 1061 1255 1114 agitur
1281 1060 1337 1101 de
1365 1060 1530 1101 Divino
1559 1059 1776 1100 Humano

282 1124 449 1178 Ipsius;
482 1125 602 1179 quod
623 1125 709 1166 hoc
728 1138 819 1165 non
837 1125 983 1166 adhuc
1005 1130 1296 1178 agnoscatur,
1317 1129 1475 1164 notum
1494 1129 1564 1163 est
1582 1137 1592 1172 ;
1619 1135 1776 1163 causas

281 1188 452 1229 dicam:
499 1201 587 1228 una
631 1194 716 1236 est,
758 1189 860 1241 quia
900 1201 1015 1241 gens
1061 1186 1295 1228 Pontificia
1339 1199 1520 1228 omnem
1565 1185 1776 1226 Divinam

282 1257 576 1305 potestatem,-
603 1265 718 1305 quae
749 1257 819 1292 est
852 1251 1050 1292 Domino
1078 1252 1215 1292 etiam
1247 1250 1396 1304 quoad
1430 1249 1707 1298 Humanum,
1731 1249 1775 1289 in

282 1315 523 1356 Primatem
549 1328 678 1355 suum
709 1314 1053 1363 transtulerunt,
1082 1314 1292 1355 nolentes
1317 1314 1470 1354 audire
1496 1313 1617 1367 quod
1649 1312 1775 1353 Divi-

282 1391 386 1419 num
416 1378 562 1428 fuerit,
595 1379 697 1433 quia
728 1393 788 1420 ex
826 1378 1039 1419 Humano
1072 1378 1240 1431 Ipsius:
1283 1377 1428 1418 altera
1459 1384 1544 1425 est,
1571 1377 1674 1430 quia
1710 1376 1775 1417 illi

279 1443 352 1496 qui
383 1455 473 1483 non
509 1455 570 1483 ex
600 1441 678 1482 illa
712 1448 852 1495 gente
883 1448 987 1483 sunt
1021 1441 1155 1484 fidem
1187 1441 1331 1482 solam
1363 1441 1564 1482 fecerunt
1596 1440 1775 1481 unicum

280 1505 436 1546 salutis
454 1505 664 1553 medium,
684 1512 730 1546 et
748 1506 982 1546 charitatis
998 1506 1139 1546 vitam
1163 1504 1335 1545 nullum
1354 1518 1363 1554 ;
1396 1510 1443 1544 et
1465 1504 1538 1557 qui
1561 1503 1646 1544 hoc
1668 1503 1775 1544 faci·

281 1575 374 1618 unt,
399 1582 489 1610 non
513 1569 742 1622 percipere
765 1575 954 1622 possunt
979 1568 1239 1609 Humanum
1263 1568 1447 1608 Domini
1470 1566 1601 1607 aliter
1618 1579 1669 1607 ac
1692 1566 1775 1607 hu-

280 1643 462 1672 manum
480 1632 664 1673 alterius
682 1632 875 1673 hominis
892 1646 901 1682 ;
929 1639 1204 1686 quapropter
1217 1632 1355 1672 etiam
1373 1644 1507 1672 caece
1526 1637 1712 1671 manent
1730 1631 1775 1670 in

280 1693 483 1736 doctrina
504 1695 740 1736 Trinitatis
763 1709 821 1736 ex
844 1694 931 1736 fide
954 1695 1211 1744 Athanasii,
1231 1708 1314 1736 nec
1337 1700 1527 1748 possunt
1549 1693 1774 1734 illustrari.

363 1759 446 1814 [lh]
489 1759 625 1814 Quod
646 1761 863 1801 “occidi”
881 1761 925 1801 in
943 1761 1102 1802 Verbo
1124 1760 1352 1814 significet
1375 1759 1674 1814 spiritualiter
1696 1772 1774 1800 oc-

279 1821 380 1871 cidi,
401 1828 611 1863 constare
633 1828 787 1876 potest
809 1837 868 1863 ex
891 1823 1183 1877 sequentibus
1205 1822 1317 1863 locis
1334 1821 1545 1875 z—-Apud
1566 1821 1772 1870 Esaiam,

347 1910 451 1943 “Tu.
465 1936 473 1943 .
487 1936 495 1943 .
510 1911 616 1944 ‚sicut
633 1912 794 1944 surculus
818 1913 1084 1951 abominabilis,
1105 1913 1359 1944 vestimentum
1385 1912 1594 1949 occisorum,
1615 1911 1775 1943 confossi

398 1998 402 2000 μ
452 1955 573 1995 gladio
587 1965 610 1993 ;.
624 1980 632 1988 .
647 1980 655 1988 .
668 1966 768 1988 ‚nam
793 1962 924 1988 terram
942 1962 1039 1988 tuam
1064 1957 1260 1997 perdidisti,
1281 1956 1451 1997 populum
1476 1961 1575 1987 tuum
1593 1955 1775 1993 occidisti;

459 2024 466 2030 .
481 2024 488 2030 .
502 2024 509 2030 .
525 2005 662 2040 ‚parate
680 1999 761 2031 filiis
778 1999 856 2040 ejus
874 1998 1128 2032 mactationem
1140 2000 1158 2012 '’
1176 2000 1260 2040 (xiv.
1280 1999 1420 2041 19-21);

279 2087 390 2128 haec
423 2088 479 2129 de
517 2087 699 2137 Babele,
728 2102 807 2142 per
837 2102 971 2143 quam
1004 2088 1282 2142 significatur
1307 2088 1561 2143 profanatio
1591 2088 1698 2129 boni
1729 2094 1776 2129 et

279 2151 371 2191 veri
402 2157 449 2192 et
479 2151 585 2192 inde
616 2150 864 2193 destructio
896 2151 1141 2193 ecclesiae:
1183 2159 1471 2206 comparatur
1495 2151 1572 2193 illa
1600 2152 1775 2192 “vesti-

280 2219 437 2254 mento
463 2215 713 2256 occisorum
745 2216 818 2269 qui
845 2216 1037 2256 confossi
1068 2215 1261 2268 gladio,”
1287 2216 1389 2269 quia
1417 2216 1776 2256 “vestimentum

279 2277 528 2318 occisorum
539 2277 558 2293 ’'
583 2278 807 2332 significat
834 2279 1187 2320 abominandum
1213 2279 1372 2319 falsum
1399 2292 1704 2332 conspurcans
1730 2286 1776 2320 et

280 2339 518 2381 destruens
543 2341 620 2382 illa
641 2356 754 2396 quae
777 2342 996 2383 ecclesiae
1023 2348 1141 2391 sunt,
1170 2343 1244 2396 qui
1270 2342 1373 2383 ideo
1396 2342 1605 2383 dicuntur
1628 2346 1775 2383 “con-

279 2403 386 2445 sossi
426 2404 620 2458 gladio,‘’
657 2407 759 2460 quia
798 2406 1043 2459 “gladius”
1080 2406 1306 2460 significat
1342 2406 1502 2448 falsum
1539 2407 1777 2448 destruens

280 2480 460 2508 verum:
503 2467 607 2509 inde
638 2469 814 2518 dicitur,
850 2469 1075 2510 “Terram
1113 2477 1238 2510 tuam
1280 2470 1528 2523 perdidisti,
1562 2469 1775 2523 populum

280 2536 406 2571 tuum
432 2531 636 2572 occidisti
653 2531 687 2582 ;”
718 2546 796 2586 per
824 2536 847 2579 ‘N‘
862 2539 1027 2573 terram
1040 2533 1059 2548 '’
1084 2532 1352 2586 intelligitur
1383 2533 1587 2582 ecclesia,
1621 2540 1667 2574 et
1699 2547 1777 2586 per

282 2593 566 2648 “populum”
591 2594 654 2635 illi
685 2595 743 2636 ibi
775 2596 848 2649 qui
875 2596 919 2636 in
945 2597 1061 2637 veris
1086 2603 1204 2644 sunt,
1233 2610 1344 2650 quos
1371 2596 1575 2653 occidere
1601 2603 1670 2637 est
1697 2597 1776 2637 de-

280 2663 451 2698 struere
467 2671 546 2711 per
562 2657 698 2699 salsa:
728 2661 754 2679 “
768 2659 928 2700 Parate
950 2658 1050 2700 filiis
1072 2659 1163 2712 ejus
1181 2658 1503 2701 mactationem
1515 2660 1535 2675 ''
1552 2659 1776 2713 significat

281 2720 401 2774 quod
442 2721 671 2774 perdenda
707 2722 796 2763 sint
833 2735 993 2772 eorum
1018 2722 1129 2763 falsa
1163 2721 1297 2776 (“filii
1334 2723 1425 2776 ejus
1438 2723 1457 2738 ’'
1488 2730 1592 2764 sunt
1628 2722 1775 2778 falsa).

282 2783 420 2837 Apud
445 2784 707 2834 Jeremz'am,

349 2875 356 2887 ¹
364 2875 371 2887 ¹
383 2873 496 2906 Erunt
509 2874 668 2906 confossi
677 2874 836 2917 Jehovae
847 2875 882 2907 in
894 2875 951 2907 die
964 2875 1025 2907 illo
1037 2886 1059 2907 a
1068 2875 1138 2908 fine
1150 2882 1265 2908 terrae
1276 2877 1321 2908 ad
1333 2876 1440 2908 finem
1451 2876 1588 2908 terrae”
1597 2876 1692 2916 (xxv.
1706 2876 1776 2918 33);

280 2975 359 3016 per
400 2962 673 3004 “confossos
711 2963 910 3017 Jehovae
950 2978 976 3005 a
1016 2963 1103 3005 fine
1143 2971 1290 3006 terrae
1326 2966 1383 3006 ad
1416 2965 1552 3006 finem
1588 2965 1775 3015 terrae‚’'

279 3024 588 3079 significantur
608 3025 671 3067 illi
693 3026 811 3080 apud
829 3041 940 3081 quos
963 3026 1194 3069 destructa
1211 3035 1315 3071 sunt
1338 3030 1487 3070 omnia
1502 3042 1608 3070 vera
1630 3028 1774 3070 eccle-
