2060 3476
685 329 806 398 'CAR
827 364 888 405 v.,
911 364 1050 397 VERs.
1075 364 1222 408 3.—N.
1247 354 1406 411 3o4[c].
1719 366 1798 420 517

302 483 371 518 ter
407 476 494 518 hoc
533 476 708 531 lugebit
746 476 906 527 terra,'’
942 477 1063 531 quod
1101 490 1265 532 nempe
1299 477 1358 519 ibi
1392 491 1482 519 non
1515 477 1800 531 intelligatur

301 546 422 581 terra
447 540 527 582 sed
553 539 760 582 ecclesia.
820 539 961 595 Apud
988 540 1198 589 eundem,
1317 554 1319 556 ·

369 638 392 651 ‘⁸
404 635 599 678 Quousque
615 637 749 678 lugebit
765 643 870 674 terra,
890 643 926 669 et
941 637 1052 669 herba
1068 638 1186 669 omnis
1203 638 1280 678 agri
1300 635 1515 680 [exarescet]
1529 638 1544 671 ?
1566 643 1713 679 propter
1725 647 1800 669 ma-

475 681 588 712 litiam
605 681 841 714 habitantium
855 681 892 713 in
905 691 950 713 ea
961 687 1219 713 consumentur
1231 682 1367 713 bestiae
1385 688 1420 714 et
1433 681 1510 713 avis
1520 682 1549 714 ἲ.
1562 706 1570 714 .
1585 706 1593 714 .
1607 706 1616 714 .
1626 681 1799 713 Desolata

474 731 530 756 est
553 731 629 756 tota
645 730 748 762 terra,
769 724 852 766 quia
866 735 940 756 non
957 725 1011 758 vir
1034 735 1174 766 ponens
1191 735 1298 766 super
1314 734 1395 763 cor:
1420 735 1528 766 super
1544 735 1672 757 omnes
1689 725 1799 757 colles

473 768 508 799 in
533 769 867 800 deserto-venerunt
890 774 1102 807 vastatores,
1123 769 1206 838 (laia
1227 769 1366 809 gladius
1390 767 1550 811 Jehovae
1573 769 1753 800 devorans
1777 778 1799 800 a

474 811 544 843 fine
568 818 682 844 terrae
707 813 751 844 ad
779 812 886 844 finem
911 818 1026 844 terrae
1040 824 1064 845 :.
1079 838 1087 845 .
1101 837 1108 845 .
1123 837 1130 845 .
1151 810 1345 845 ¹]severunt
1367 813 1484 844 tritica
1507 818 1551 849 et,
1570 819 1799 846 messuerunt

473 856 596 896 spinas
609 855 627 868 ’'
644 855 717 896 (xii.
732 865 765 896 4,
783 855 901 896 11-13)
916 866 923 895 ;

296 943 417 996 quod
452 943 641 985 “terra”
672 944 744 986 hic
777 943 1004 998 significet
1035 944 1290 996 ecclesiam,
1321 951 1452 999 patet
1484 959 1544 986 ex
1575 958 1646 994 eo,
1675 943 1797 998 quod
1855 993 1858 998 ¹

296 1006 472 1048 dicatur
497 1007 617 1061 quod
647 1011 807 1049 “terra
838 1008 1013 1061 lugebit
1044 1014 1092 1050 et
1122 1008 1265 1049 herba
1290 1009 1437 1049 omnis
1463 1008 1560 1061 agri
1590 1007 1796 1061 [exares-

296 1070 433 1124 cet]‚‘'
455 1077 502 1112 et
524 1071 644 1125 quod
669 1075 1035 1113 “consumentur
1060 1072 1235 1114 bestiae
1261 1078 1308 1113 et
1334 1072 1430 1113 avis
1457 1078 1643 1126 propter
1666 1072 1797 1113 *mali-

296 1133 407 1174 tiam
438 1133 744 1175 habitantium
780 1135 825 1175 in
857 1134 949 1183 ea‚’'
980 1141 1028 1176 et
1057 1135 1198 1189 “quia
1233 1148 1325 1176 non
1355 1135 1422 1176 vir
1453 1148 1629 1189 ponens
1662 1149 1796 1188 super

296 1196 424 1237 cor:”
455 1211 534 1251 per
562 1196 790 1238 “herbam
821 1198 968 1239 omnis
999 1198 1125 1251 agri”
1157 1197 1436 1252 significatur
1467 1212 1603 1239 omne
1637 1211 1791 1239 verum

295 1266 342 1301 et
374 1260 543 1302 bonum
569 1260 805 1310 ecclesiae,
833 1267 880 1302 et
905 1275 984 1314 per
1012 1262 1221 1303 “bestias
1246 1267 1293 1303 et
1319 1275 1426 1302 aves
1438 1261 1457 1277 ’'
1479 1260 1794 1315 significantur

295 1321 556 1364 affectiones
592 1323 699 1365 boni
735 1330 783 1366 et
819 1325 939 1376 veri;
983 1331 1029 1366 et
1067 1326 1170 1379 quia
1207 1325 1402 1366 ecclesia
1439 1320 1529 1379 per'
1557 1324 1795 1366 “terram''

295 1385 588 1439 significatur,
616 1393 663 1428 et
694 1387 752 1429 de
783 1386 861 1428 illa
891 1393 1077 1428 vastata
1107 1388 1271 1441 agitur,
1299 1388 1402 1429 ideo
1428 1388 1594 1428 dicitur
1623 1391 1795 1440 “supra

294 1463 453 1491 omnes
480 1449 622 1491 colles
652 1451 697 1491 in
724 1450 906 1492 deserto
932 1457 1153 1492 venerunt
1179 1458 1452 1500 vastatores,
1481 1451 1584 1505 quia
1610 1450 1791 1504 gladius

291 1512 493 1566 Jehovae
520 1513 745 1554 devorans
771 1528 798 1554 a
828 1513 915 1555 fine
947 1520 1096 1555 terrae
1127 1514 1185 1555 ad
1216 1513 1351 1555 finem
1379 1521 1541 1563 terrae,
1560 1546 1568 1554 .
1589 1546 1596 1554 .
1617 1511 1793 1555 .[¹]seve-

295 1582 400 1618 runt
426 1577 579 1618 tritica
599 1583 646 1618 et
673 1578 825 1631 spinas
852 1583 1137 1619 messuerunt
1154 1576 1188 1629 ;”
1210 1590 1289 1630 per
1310 1580 1334 1596 “
1348 1576 1490 1618 colles
1512 1577 1557 1618 in
1576 1577 1762 1619 deserto
1773 1577 1793 1592 ’'

294 1653 428 1694 super
468 1654 581 1694 quos
621 1647 845 1682 venerunt
885 1647 1159 1690 vastatores,
1203 1639 1515 1693 significantur
1555 1640 1634 1681 illa
1679 1655 1794 1694 quae

295 1702 532 1744 charitatis
559 1709 664 1745 sunt
694 1702 1017 1757 (“desertum‘’
1044 1709 1114 1745 est
1146 1703 1219 1744 ubi
1246 1717 1337 1744 non
1363 1703 1533 1744 bonum
1566 1704 1669 1757 quia
1702 1717 1793 1744 non

293 1764 468 1820 verum)
480 1780 489 1818 ;
513 1779 592 1820 per
604 1766 836 1820 “gladium
846 1766 1072 1820 Jehovae’'
1083 1765 1363 1820 significatur
1373 1765 1536 1806 falsum
1552 1766 1792 1807 destruens

292 1843 462 1879 verum,
499 1834 564 1871 “a
594 1829 680 1871 fine
712 1836 859 1871 terrae
899 1830 958 1871 ad
979 1829 1126 1871 'finem
1161 1836 1309 1871 terrae
1322 1829 1340 1845 ”
1371 1828 1598 1882 significat
1636 1831 1791 1871 omnia

292 1892 532 1944 ecclesiae;
559 1906 639 1947 per
651 1891 865 1934 “mserere
883 1894 1034 1934 tritica
1048 1899 1095 1934 et
1113 1899 1286 1934 metere
1303 1893 1455 1946 spinas
1468 1892 1487 1907 ’'
1505 1892 1788 1945 significatur

292 1970 351 1998 ex
378 1955 536 1997 Verbo
561 1956 795 1997 desumere
821 1970 927 1998 vera
952 1956 1058 1997 boni
1084 1963 1132 1997 et
1157 1962 1335 1997 vertere
1365 1955 1443 1996 illa
1468 1955 1513 1996 in
1544 1955 1658 1996 falsa
1682 1956 1791 1997 mali

292 2019 539 2074 (“tritica’'
562 2026 668 2061 sunt
693 2034 800 2061 vera
824 2020 945 2070 boni,
969 2026 1016 2061 et
1041 2019 1266 2074 “spinae”
1292 2026 1398 2061 sunt
1423 2019 1537 2060 salsa
1563 2019 1707 2074 mali).

373 2087 455 2143 [6.]
498 2088 642 2142 Apud
667 2087 876 2138 Esaiam,

359 2178 381 2191 ‘⁴
392 2176 505 2218 Super
521 2183 615 2209 terra
631 2177 753 2218 populi
770 2176 840 2209 mei
858 2177 963 2218 spina
979 2183 1014 2209 et
1037 2177 1149 2209 sentis
1166 2177 1336 2209 ascendet
1349 2186 1373 2215 ;.
1387 2202 1395 2209 .
1410 2202 1417 2209 .
1431 2202 1440 2209 .
1453 2177 1624 2218 palatium
1642 2178 1709 2209 erit
1721 2168 1794 2210 *de-

464 2227 611 2259 sertum,
631 2221 820 2253 multitudo
837 2221 936 2253 urbis
952 2219 1152 2253 derelicta”
1168 2221 1290 2259 (xxxii.
1309 2229 1361 2260 1⁷3,
1380 2220 1455 2262 14);

292 2308 460 2362 “spina
491 2307 746 2355 et‚sentis”
772 2322 887 2362 quae
923 2308 1176 2350 ascendent
1208 2322 1341 2362 super
1368 2313 1503 2358 terra,
1532 2307 1792 2362 significant

288 2371 450 2413 salsum
473 2377 520 2412 et
542 2371 737 2423 malum3
772 2371 1030 2425 “palatium
1043 2371 1062 2387 ‘’
1085 2371 1206 2426 quod
1233 2372 1318 2413 erit
1344 2371 1591 2421 desertum,
1616 2372 1788 2426 signifi—

288 2441 365 2476 cat
396 2435 470 2476 ubi
499 2435 669 2476 bonum
699 2434 904 2487 habitat3
947 2441 994 2477 et
1022 2435 1309 2476 “multitudo
1338 2435 1457 2476 urbis
1471 2434 1490 2450 ”
1516 2448 1632 2489 quae
1657 2435 1789 2477 dere-

288 2496 409 2548 licta,
433 2497 660 2551 significat
686 2497 759 2539 ubi
784 2512 904 2548 vera,
931 2497 1103 2539 “urbs''
1129 2499 1250 2539 enim
1276 2497 1504 2551 significat
1531 2496 1786 2540 doetrinam

287 2561 394 2603 veri.
458 2560 597 2615 Apud
623 2561 833 2610 eundem,

356 2650 606 2683 “Senticetum
623 2656 659 2682 et
675 2651 946 2691 vepretumerit
967 2650 1086 2682 omnis
1105 2657 1218 2683 terra:
1244 2651 1414 2689 vicissim,
1429 2661 1557 2684 omnes
1574 2658 1718 2683 montes
1731 2651 1791 2692 qui

460 2694 601 2727 sarculo
614 2695 820 2732 sarrientur,
837 2704 911 2726 non
926 2695 1046 2726 veniet
1066 2704 1109 2726 eo
1127 2695 1235 2726 timor
1251 2695 1414 2727 senticeti
1431 2702 1467 2727 et
1483 2696 1631 2737 vepreti,
1649 2695 1711 2727 sed
1726 2696 1792 2727 erit

460 2738 585 2770 missio
602 2738 706 2770 bovis
722 2744 758 2770 et
774 2737 925 2770 calcatio
943 2738 1021 2769 ovis
1033 2737 1053 2750 ”
1069 2737 1141 2778 (vii.
1162 2746 1215 2777 24,
1232 2740 1287 2779 25)
1301 2748 1309 2777 ;

288 2832 602 2873 “senticetum
638 2838 686 2874 et
717 2838 959 2887 vepretum
971 2832 990 2847 ”
1021 2831 1281 2886 significant
1317 2832 1479 2874 falsum
1511 2840 1558 2874 et
1591 2833 1788 2883 malum3

283 2895 389 2937 inde
423 2901 553 2949 patet
590 2895 695 2949 quid
732 2895 962 2949 significat
997 2895 1320 2938 “Senticetum
1353 2903 1400 2949 et
1431 2903 1670 2950 vepretum
1702 2897 1789 2937 erit

284 2960 431 3000 omnis
446 2965 567 3000 terra
582 2958 617 3000 :'’
634 2972 713 3013 per
730 2962 755 2979 “
769 2965 951 3001 montes
963 2959 982 2974 ’'
996 2961 1071 3013 qui
1088 2960 1302 3001 “sarculo
1317 2959 1601 3009 sarrientur,'’
1616 2959 1787 3013 signifi·
1821 2999 1824 3002 ,

283 3029 446 3064 cantur
463 3022 537 3077 qui
556 3035 615 3064 ex
632 3035 786 3064 amore
803 3023 910 3065 boni
927 3023 1096 3065 faciunt
1113 3023 1259 3075 bona;
1292 3024 1413 3078 quod
1431 3023 1551 3077 apud
1570 3022 1672 3064 illos
1692 3036 1781 3064 non
