2060 3476
310 333 391 378 402
721 330 1055 364 APOCALYPSIS
1085 331 1385 381 EXPLICATA.

309 457 422 498 quae
440 457 531 484 non
549 443 781 485 habebant
803 443 953 486 oleum
970 444 1014 485 in
1037 443 1358 499 lampadibus,”
1375 445 1512 486 etiam
1530 443 1794 501 intelligunf

308 513 380 547 tur
405 506 469 547 illi
495 507 568 560 qui
599 507 643 547 in
674 505 760 548 fide
787 513 890 548 sunt
916 513 962 548 et
994 520 1084 548 non
1116 508 1160 548 in
1190 507 1312 548 bono
1344 506 1604 558 charitatis;
1637 513 1684 549 et
1715 521 1794 562 per

310 569 541 622 “quinque
563 569 759 622 virgines
781 569 1026 623 prudentes
1049 583 1162 623 quae
1185 569 1335 610 oleum
1356 569 1587 611 habebant
1609 570 1653 610 in
1676 570 1791 612 lam-

307 631 536 684 padibus‚”
566 631 880 685 intelliguntur
911 633 984 686 qui
1021 633 1159 673 etiam
1190 633 1234 673 in
1265 632 1387 673 bono
1419 631 1655 674 charitatis
1685 639 1791 680 sunt

310 693 358 747 (“
372 694 547 748 lampas
558 694 578 710 ''
595 695 715 736 enim
737 694 961 748 significat
983 695 1132 745 fidem,
1153 701 1201 736 et
1219 694 1406 736 “oleum
1422 694 1441 710 ”
1459 695 1627 736 bonum
1645 695 1790 736 chari-

307 755 436 811 tatis)
455 771 465 808 ;

372 847 426 879 De
449 848 504 879 his
527 848 655 880 dieitur
671 848 764 890 quod
786 848 1015 880 “intromissi
1038 849 1111 880 sint
1123 847 1153 886 ς’·
1177 849 1221 881 de
1245 849 1315 881 illis
1334 855 1452 881 autem
1469 849 1668 882 dicentibus
1683 849 1790 882 “Do-

479 891 587 930 mine,
605 891 770 930 Domine,
787 892 883 932 aperi
901 891 1042 930 nobis,'’
1055 892 1149 934 quod
1166 902 1376 933 responsum
1389 893 1695 931 tulerint,“Amen
1707 893 1788 925 dico

479 935 593 973 vobis,
609 945 681 966 non
699 935 785 967 novi
802 945 867 967 vos
878 935 896 947 ”
913 935 1056 975 (Mateh.
1068 945 1149 968 xxv.
1165 935 1272 976 1—12).

306 1021 441 1077 Quod
466 1023 627 1065 ultimo
653 1029 857 1078 tempore
883 1024 1102 1066 ecclesiae
1128 1024 1252 1065 nulla
1277 1031 1398 1066 esset
1423 1024 1534 1066 fides
1559 1026 1603 1066 in
1629 1025 1788 1067 Domi-

253 1101 259 1107 ·
306 1099 412 1127 num
438 1087 541 1140 quia
567 1100 658 1128 non
684 1087 894 1136 charitas,
919 1087 1222 1140 significatum
1247 1094 1318 1129 est
1344 1102 1422 1141 per

370 1174 475 1216 Quod
493 1174 618 1225 Petrus
635 1180 688 1249 tgr
701 1175 933 1259 abn)egaverit
949 1175 1155 1214 Dominum,
1167 1182 1359 1218 antequam
1372 1175 1486 1224 gallus
1499 1176 1627 1209 cecinit
1642 1176 1787 1217 (Matth.

479 1228 574 1250 xxvi.
589 1227 641 1258 34,
679 1226 765 1259 9-74
782 1243 789 1251 .

305 1301 458 1343 Simile
485 1301 787 1356 significatum
814 1309 885 1344 est
911 1316 989 1357 per

370 1381 475 1422 Quod
493 1381 670 1414 Dominus
686 1381 816 1414 dixerit
832 1382 876 1414 ad
891 1381 1046 1420 Petrum.
1073 1391 1153 1414 cum
1172 1381 1297 1414 Petrus
1313 1382 1449 1415 videret
1495 1381 1673 1414 ohannem
1689 1381 1788 1423 sequi

479 1425 686 1463 Dominum,
710 1425 838 1467 “Quid
865 1426 910 1458 ad
937 1431 971 1458 te
982 1425 1000 1438 ”
1027 1425 1167 1458 Petre?
1186 1426 1276 1458 “Tu
1300 1435 1447 1468 sequere
1512 1425 1567 1464 e,’'
1583 1425 1788 1468 Johannes;

479 1469 604 1500 Petrus
621 1469 716 1500 enim
733 1469 823 1501 dixit
838 1468 1075 1511 de‚Johanne,
1099 1470 1121 1484 ‘⁸
1134 1469 1204 1501 Hic
1221 1469 1304 1511 quid
1313 1469 1347 1502 ?’'
1364 1468 1463 1512 (Joh.
1477 1469 1549 1501 xxi.
1564 1477 1616 1508 21,
1630 1477 1671 1501 22
1684 1469 1707 1509 ς)

306 1556 502 1598 “Petrus
514 1556 533 1573 ’¹
564 1557 682 1598 enim
721 1557 765 1598 in
797 1571 931 1599 sensu
961 1558 1352 1611 repraesentativo
1383 1556 1607 1611 significat
1637 1555 1786 1605 fidem,
1828 1609 1830 1614 Α

303 1626 348 1660 et
392 1619 692 1673 “johannes”
734 1621 903 1662 bonum
945 1620 1206 1662 charitatis:
1259 1626 1306 1662 et
1347 1621 1448 1674 quia
1491 1618 1788 1673 “Johannes’'

302 1682 586 1736 significabat
612 1683 780 1725 bonum
808 1683 1057 1732 charitatis,
1084 1683 1188 1724 ideo
1213 1683 1288 1724 ille
1314 1682 1521 1724 accubuit
1548 1682 1605 1724 ad
1631 1679 1788 1736 peetus

303 1745 485 1786 Domini
514 1745 640 1799 (Joh.
664 1747 759 1787 xxi.
785 1746 874 1801 20).
936 1746 1070 1799 Quod
1099 1746 1143 1787 id
1174 1746 1343 1787 bonum
1369 1745 1504 1787 faciat
1530 1744 1784 1794 ecclesiam,

301 1808 579 1862 significatur
604 1823 682 1863 per
707 1810 844 1851 verba
871 1809 1053 1850 Domini
1080 1823 1104 1850 e
1131 1822 1262 1850 cruce
1287 1809 1344 1850 ad
1370 1808 1634 1858 Jolzannem,

369 1897 507 1940 “Jesus
523 1898 613 1930 vidit
629 1904 780 1930 matrem
805 1908 917 1936 suam,
938 1904 974 1930 et
997 1898 1208 1939 discipulum
1229 1907 1333 1940 quem
1357 1897 1511 1935 amabat,
1527 1897 1587 1938 qui
1603 1896 1766 1928 adstabat
1777 1887 1790 1935 ς’

474 1947 510 1973 et
525 1942 614 1974 dixit
631 1942 735 1973 matri
753 1952 850 1979 suae,
865 1942 1006 1980 Mulier,
1018 1951 1099 1974 ecce
1108 1941 1204 1973 filius
1221 1947 1301 1973 tuus
1315 1951 1322 1978 ;
1347 1947 1382 1973 et
1394 1941 1483 1972 dixit
1496 1940 1680 1981 discipulo,
1696 1939 1786 1971 Ecce

473 1991 685 2069 xmifitezrotug)
698 1992 740 2045 ‘et
755 1995 799 2017 ex
813 1986 874 2017 illa
885 1986 975 2017 hora
990 1985 1126 2026 accepit
1142 1985 1239 2016 illam
1253 1984 1446 2025 discipulus
1463 1984 1522 2016 ille
1538 1984 1583 2016 ad
1599 1993 1638 2016 se
1648 1983 1666 1996 ’'
1683 1983 1782 2025 (Jok.

537 2054 544 2061 ¹
605 2054 612 2067 ί
699 2054 706 2067 D

300 2130 378 2170 per
406 2116 670 2158 “matrem”
695 2123 742 2158 et
769 2131 848 2170 per
876 2116 1177 2158 “mulierem”
1199 2116 1257 2157 ibi
1283 2115 1551 2168 intelligitur
1577 2114 1783 2164 ecclesia,

299 2185 345 2220 et
372 2192 450 2233 per
470 2179 795 2232 “Johannem'’
811 2179 979 2220 bonum
997 2179 1258 2230 charitatis;
1286 2184 1332 2219 et
1356 2179 1417 2219 sic
1435 2192 1514 2232 per
1534 2177 1611 2219 illa
1631 2177 1783 2227 verba,

298 2241 420 2294 quod
448 2241 640 2282 ecclesia
665 2241 750 2281 erit
779 2240 854 2280 ubi
883 2240 1054 2280 bonum
1079 2240 1347 2281 charitatis.¹
1385 2250 1463 2288 (Sed
1481 2250 1561 2279 haec
1579 2250 1716 2287 amplius
1734 2257 1788 2279 ex-

297 2301 413 2339 plicata
427 2301 594 2331 videantur
608 2301 639 2330 in
661 2301 738 2330 locis
753 2301 853 2330 citatis
874 2301 907 2329 in
929 2293 1088 2330 Dol‘trina
1109 2302 1218 2330 Novae
1241 2302 1486 2339 Hierosolymae,
1502 2310 1533 2330 n.
1552 2309 1624 2335 122;
1647 2305 1678 2329 et
1698 2308 1788 2338 prae-

297 2351 384 2375 terea
397 2347 486 2383 quod
500 2355 566 2375 non
581 2346 659 2375 fides
673 2346 712 2375 sit
733 2346 788 2375 ubi
803 2355 869 2375 non
884 2346 1027 2380 charitas.
1042 2346 1074 2374 in
1090 2346 1245 2384 opusculo
1262 2346 1312 2375 De
1333 2346 1451 2375 Ultimo
1465 2345 1607 2384 Judicio,
1622 2354 1653 2374 n.
1670 2353 1786 2383 33-39;

297 2395 328 2419 et
343 2391 431 2427 quod
445 2391 543 2420 homo
558 2391 597 2420 sit
610 2395 682 2428 post
697 2395 831 2420 mortem
847 2390 948 2428 qualis
963 2391 1029 2429 ejus
1043 2391 1107 2419 vita
1120 2390 1178 2420 fuit
1191 2391 1223 2420 in
1237 2391 1368 2425 mundo,
1381 2395 1412 2419 et
1426 2399 1491 2420 non
1506 2390 1606 2428 qualis
1617 2390 1684 2428 ejus
1698 2389 1786 2424 fides,

297 2435 330 2464 in
344 2444 441 2473 opere
453 2436 505 2464 De
520 2436 611 2465 Caelo
626 2439 656 2464 et
669 2437 807 2474 Inferna,
823 2445 853 2465 n.
870 2438 1027 2473 470—484;
1051 2440 1082 2464 et
1096 2435 1173 2472 quid
1187 2435 1321 2464 charitas
1336 2440 1367 2464 et
1388 2435 1464 2472 quid
1474 2435 1552 2464 fides
1566 2435 1598 2464 in
1612 2443 1670 2464 sua
1683 2443 1787 2463 essen-
1832 2428 1844 2440 '

297 2480 349 2515 tia,
364 2480 396 2509 in
412 2481 571 2509 Doltrina
586 2482 696 2510 Novae
711 2481 955 2519 Hierosolymae,
971 2489 1002 2510 n.
1019 2479 1163 2518 84-122.)

386 2523 477 2579 [d.]
521 2523 597 2564 Ex
623 2524 691 2565 his
717 2538 833 2565 nunc
857 2522 1063 2565 adduCHs
1088 2523 1300 2577 expende
1326 2536 1433 2564 num
1455 2522 1589 2564 fidem
1614 2522 1785 2563 habere

297 2588 355 2629 sit
382 2586 502 2628 aliud
528 2599 663 2639 quam
689 2587 840 2627 vivere
865 2585 1005 2634 illam,
1034 2591 1081 2626 et
1106 2585 1256 2626 vivere
1278 2584 1402 2626 illam
1429 2597 1519 2625 non
1541 2590 1611 2625 est
1637 2583 1784 2624 solum

296 2650 410 2691 scire
447 2655 493 2690 et
532 2649 748 2701 cogitare,
788 2648 868 2689 sed
905 2648 1043 2689 etiam
1079 2646 1197 2688 velle
1235 2653 1281 2688 et
1316 2647 1488 2697 facere;
1530 2645 1639 2687 fides
1665 2647 1784 2687 enim

296 2725 388 2753 non
420 2717 490 2753 est
523 2712 567 2751 in
601 2711 784 2752 homine
821 2711 927 2751 dum
959 2710 1104 2751 solum
1136 2716 1207 2751 est
1237 2710 1282 2750 in
1313 2709 1404 2762 ejus
1436 2710 1547 2750 scire
1579 2715 1626 2750 et
1658 2709 1785 2761 cogi—

296 2783 410 2825 tare,
438 2774 519 2816 sed
556 2787 657 2815 cum
685 2774 822 2815 etiam
849 2779 920 2814 est
956 2774 1000 2813 in
1032 2772 1125 2825 ejus
1156 2772 1274 2813 velle
1310 2778 1357 2813 et
1382 2771 1553 2822 facere;
1594 2770 1704 2811 fides
1741 2771 1785 2811 in

295 2839 480 2879 homine
517 2843 587 2878 est
629 2837 739 2877 fides
771 2837 906 2884 vitae,
941 2835 1050 2877 fides
1086 2841 1239 2876 autem
1276 2834 1477 2875 nondum
1514 2833 1785 2874 inhomine

296 2908 366 2942 est
395 2900 505 2941 fides
532 2900 774 2941 memoriae
802 2905 847 2941 et
874 2899 978 2940 inde
1007 2898 1326 2951 cogitationis:
1365 2897 1475 2938 fides
1501 2897 1623 2937 vitae
1649 2894 1785 2937 intel-

295 2965 445 3018 ligitur
482 2978 560 3018 per
591 2963 773 3005 credere
805 2964 849 3003 in
883 2962 1057 3012 Deum;
1103 2961 1285 3002 credere
1317 2966 1469 3001 autem
1500 2959 1579 3000 illa
1610 2971 1723 3013 quae
1755 2971 1782 2999 a
