2060 3476
648 353 756 387 CAP.
780 353 867 394 ιιι,
890 352 1029 385 VERs.
1051 352 1201 395 4.—N.
1231 342 1386 398 195[c].
1686 343 1767 395 283

341 470 526 504 “Lavabit
550 471 586 502 in
603 470 688 502 vino
705 469 961 501 vestimentum
978 477 1094 506 suum,
1114 474 1150 499 et
1174 468 1210 499 in
1235 467 1412 508 sanguine
1436 476 1586 498 uvarum
1604 465 1768 498 velamen

446 524 552 547 suum
563 514 582 527 ''
599 514 729 555 (Genes.
743 513 827 545 xlix.
846 513 900 553 11)
913 522 921 550 ;

271 609 410 652 etiam
445 609 558 651 haec
590 608 647 650 de
683 608 908 658 Domin0;
953 606 1175 648 “vinum’'
1206 612 1253 648 et
1287 606 1508 659 “sanguis
1550 610 1735 646 uvarum
1748 604 1768 620 ’⁹

271 673 529 728 significant
550 673 765 714 Divinum
791 671 977 713 Verum.
1038 670 1156 724 Quia
1183 674 1373 712 “vestes
1404 670 1589 711 Domini
1600 669 1619 684 ’'
1646 669 1771 711 Divi-

271 750 378 778 num
405 737 578 779 Verum
601 735 933 790 significabant,
959 734 1064 776 ideo
1089 735 1229 776 etiam

338 831 395 864 Illi
408 832 469 874 qui
485 832 680 873 tetigerunt
696 831 872 863 fimbriam
885 831 1093 863 vestimenti
1112 829 1242 871 Ipsius,
1259 830 1376 862 sanati
1393 835 1477 862 sunt
1493 829 1637 871 (Matth.
1652 830 1697 862 ix.
1714 838 1767 868 20,

445 884 484 908 21
499 887 508 909 ε
532 877 646 909 Marc.
659 886 695 908 v.
712 883 765 915 27,
782 876 835 913 28,
851 884 914 915 30;
939 885 1016 916 cap.
1033 875 1081 907 vi.
1096 875 1158 914 56:
1182 875 1267 907 Luc.
1282 874 1354 906 viii.
1369 874 1451 914 44).‘

270 938 411 1013 Apud
435 957 644 1007 Esaiam,

338 1045 362 1059 ‘¹
373 1044 462 1086 Quis
478 1044 535 1076 hic
551 1044 610 1086 qui
627 1044 726 1076 venit
742 1054 788 1076 ex
806 1044 932 1082 Edom,
952 1054 1168 1087 conspersus
1184 1050 1304 1076 vestes
1321 1054 1366 1076 ex
1384 1044 1522 1076 Bozra?
1543 1044 1601 1075 hic
1617 1044 1772 1075 honora-

444 1088 526 1120 bilis
549 1089 586 1120 in
603 1089 736 1122 vestitu
752 1090 856 1121 suo?.
870 1113 879 1121 .
892 1112 900 1120 .
915 1088 1050 1130 .Quare
1074 1089 1292 1120 rubicundus
1316 1088 1434 1130 quoad
1450 1094 1587 1120 vestem
1605 1094 1715 1126 tuam,
1735 1093 1772 1119 et

445 1138 564 1164 vestes
581 1138 663 1164 tuae
679 1132 771 1164 sicut
787 1132 957 1164 calcantis
981 1132 1018 1163 in
1035 1132 1239 1165 torculari?.
1255 1157 1262 1164 .
1275 1157 1283 1164 .
1298 1131 1446 1173 .Sparsa
1469 1137 1523 1163 est
1540 1129 1689 1163 victoria
1711 1141 1772 1162 eo-

445 1185 524 1208 rum
541 1185 650 1217 super
662 1182 782 1208 vestes
799 1185 910 1214 meas,
926 1181 963 1208 et
979 1186 1087 1207 omne
1103 1176 1359 1208 vestimentum
1377 1186 1496 1207 meum
1511 1176 1622 1216 pollui
1632 1175 1652 1188 '’
1665 1175 1767 1216 (lxiii.

447 1218 522 1260 1-3)
535 1229 543 1258 ;

268 1313 382 1356 haec
419 1329 596 1369 quoque
633 1315 690 1356 de
730 1315 957 1356 Domino:
1003 1329 1082 1369 per
1120 1318 1313 1356 “vestes
1327 1315 1347 1331 ’'
1383 1314 1454 1356 hic
1493 1314 1771 1369 significatur

271 1377 489 1428 Verbum,
516 1378 652 1432 quod,
681 1385 728 1420 ut
755 1377 923 1420 dictum
956 1385 1041 1428 est,
1069 1385 1139 1420 est
1173 1378 1385 1419 Divinum
1410 1378 1584 1419 Verum
1616 1393 1642 1419 a
1674 1378 1770 1420 Do-

271 1441 396 1482 mino
426 1441 470 1482 in
501 1442 632 1482 terris
663 1448 709 1483 et
742 1442 786 1482 in
823 1441 986 1493 caelis;
1031 1441 1249 1483 violentia
1285 1441 1412 1482 illata
1448 1441 1614 1482 Divino
1646 1441 1772 1482 Vero

271 1518 350 1546 seu
375 1504 533 1546 Verbo
565 1505 622 1546 ab
652 1505 739 1546 illis
771 1506 845 1559 qui
876 1512 984 1546 tunc
1017 1506 1074 1546 ab
1105 1505 1298 1546 ecclesia
1329 1511 1474 1553 erant,
1503 1505 1772 1563 describitur

272 1582 352 1622 per
389 1568 510 1622 quod
549 1569 859 1610 “rubicundus
897 1569 1047 1623 quoad
1084 1575 1276 1617 vestem,
1316 1570 1431 1610 sicut
1469 1568 1689 1610 calcantis
1726 1569 1771 1610 in

271 1631 524 1682 torculari,”
555 1638 602 1674 et
639 1633 759 1687 quod
793 1631 1017 1674 “victoria
1052 1646 1208 1687 sparsa
1238 1634 1296 1674 sit
1334 1647 1468 1687 super
1498 1632 1692 1681 vestes,”
1723 1639 1770 1674 et

271 1696 392 1750 quod
411 1699 583 1738 “omne
600 1697 923 1738 vestimentum
946 1710 1074 1737 suum
1098 1696 1347 1751 polluerit.”
1407 1697 1458 1737 In
1480 1695 1770 1750 Apocalypsi,

336 1796 473 1830 Sedens
497 1807 605 1838 super
629 1797 731 1839 Equo
753 1797 837 1829 albo
864 1797 1177 1829 '‘circumindutus
1201 1797 1420 1829 vestimento
1444 1795 1557 1829 tincto
1581 1797 1769 1838 sanguine,

446 1847 482 1873 et
498 1848 647 1873 vocatur
663 1852 796 1885 nojmen
816 1841 934 1883 Ipsius
950 1842 1109 1874 Verbum
1129 1842 1195 1873 Dei
1206 1840 1225 1852 ”
1242 1841 1326 1882 (xix.
1343 1842 1397 1881 13)
1413 1853 1420 1874 ε

270 1936 342 1978 hic
369 1936 605 1978 manifeste
630 1937 807 1986 dicitur,
834 1938 955 1992 quod
987 1937 1161 1979 Sedens
1188 1952 1321 1992 super
1347 1937 1478 1992 Equo
1505 1937 1609 1978 albo
1634 1951 1770 1978 voca-

271 2006 394 2041 retur
416 1999 658 2042 “Verbum
686 2000 770 2042 Dei
787 2001 822 2052 ;''
853 2001 974 2055 quod
1005 2002 1063 2042 sit
1096 2001 1318 2042 Dominus
1349 2007 1493 2055 patet,
1522 2014 1626 2041 nam
1659 2014 1775 2041 mox

271 2063 328 2105 de
353 2063 460 2118 Ipso
485 2063 663 2113 dicitur,

340 2164 495 2197 “Habet
518 2175 626 2206 super
649 2166 867 2198 vestimento
891 2176 958 2198 suo
974 2171 1010 2198 et
1034 2176 1142 2207 super
1165 2166 1302 2198 femore
1327 2176 1461 2198 nomen
1486 2167 1670 2207 scriptum,
1693 2166 1771 2198 Rex

446 2219 571 2250 regum
589 2215 625 2241 et
643 2209 822 2241 Dominus
839 2210 1068 2241 dominorum
1079 2210 1098 2222 ’'
1115 2208 1222 2252 ([cap.
1237 2207 1328 2252 xix.]
1342 2220 1434 2242 vers.
1451 2211 1522 2250 16):

223 2357 226 2360 Α
271 2310 342 2346 est
368 2305 520 2359 itaque
546 2305 750 2346 Verbum
782 2306 827 2346 in
853 2305 1008 2347 littera
1031 2306 1152 2359 quod
1185 2305 1461 2359 significatur
1486 2320 1566 2360 per
1593 2307 1770 2347 “vesti-

273 2375 476 2409 mentum
495 2367 685 2410 tinfi’cum
708 2368 966 2422 sanguine,”
981 2370 1194 2423 quoniam
1216 2369 1279 2410 illi
1297 2369 1513 2411 violentia
1535 2369 1663 2411 illata
1685 2377 1769 2418 est,

272 2444 365 2472 non
391 2437 544 2472 autem
570 2431 726 2473 Verbo
752 2433 796 2472 in
822 2446 956 2473 sensu
978 2432 1223 2486 spirituali;
1256 2433 1357 2474 huic
1381 2433 1599 2474 violentia
1620 2434 1770 2474 inferri

272 2495 458 2548 nequiit,
484 2495 588 2548 quia
612 2494 721 2536 nihil
753 2495 811 2536 de
836 2509 892 2537 eo
917 2496 1158 2536 sciverunt.
1221 2495 1356 2549 Quod
1383 2496 1539 2538 Verbo
1564 2498 1609 2538 in
1636 2511 1770 2538 sensu

273 2557 454 2599 litterae
476 2557 694 2599 violentia
714 2557 843 2600 illata
866 2559 940 2608 sit,
963 2572 1053 2599 non
1075 2566 1228 2600 autem
1246 2559 1402 2601 Verbo
1419 2561 1464 2600 in
1486 2574 1620 2601 sensu
1642 2562 1769 2614 spiri-

273 2620 398 2670 tuali,
422 2621 560 2662 etiarn
586 2621 864 2674 significatur
889 2636 968 2676 per
996 2626 1187 2663 “vestes
1219 2622 1435 2664 Domini'’
1461 2638 1576 2678 quae
1601 2625 1771 2666 divisae

271 2698 298 2726 a
319 2683 548 2733 militibus,
568 2697 658 2725 non
676 2690 828 2726 autem
848 2688 873 2706 “
886 2686 1040 2726 tunica
1056 2684 1090 2736 ;’'
1116 2685 1172 2726 de
1189 2686 1348 2740 quibus
1369 2687 1433 2727 ita
1449 2687 1568 2740 apud
1590 2687 1770 2735 Johan-

272 2761 368 2789 nem
383 2762 402 2788 .-

340 2842 522 2876 “Milites.
537 2868 567 2875 ..
581 2850 810 2884 .acceperunt
832 2845 1049 2877 vestimenta
1074 2844 1192 2886 Ipsius
1216 2851 1252 2877 et
1276 2845 1436 2878 fecerunt
1460 2854 1613 2887 quatuor
1636 2853 1767 2887 partes,

444 2887 634 2928 unicuique
651 2887 754 2919 militi
774 2894 923 2928 partem,
943 2894 979 2920 et
995 2889 1151 2920 tunicam
1166 2899 1174 2927 ;
1198 2895 1275 2921 erat
1289 2896 1409 2921 autem
1427 2890 1549 2922 tunica
1565 2891 1767 2927 inconsuta.

445 2940 468 2962 a
483 2941 625 2962 summo
636 2937 804 2963 contexta
814 2937 891 2963 tota
904 2942 912 2969 ;
933 2932 1101 2964 dixerunt
1117 2942 1204 2973 ergo
1217 2933 1310 2965 inter
1321 2943 1372 2971 se,
1388 2933 1442 2965 Ne
1453 2934 1655 2965 dividamus
1672 2944 1767 2971 eam,

445 2974 512 3006 sed⁴
525 2975 718 3006 sortiamur
733 2974 778 3006 de
801 2985 844 3007 ea
859 2975 961 3016 cujus
986 2976 1104 3008 futura
1120 2983 1175 3008 est
1187 2988 1194 3009 z
1204 3002 1211 3009 .
1226 3002 1234 3009 .
1248 3002 1255 3008 .
1270 2977 1417 3009 ‚milites
1442 2978 1549 3018 igitur
1564 2978 1653 3009 haec
1677 2977 1771 3010 fece-

446 3023 530 3050 runt
541 3017 559 3030 '’
575 3017 661 3059 (xix.
676 3026 729 3057 23,
745 3018 820 3059 24);
