<?xml version="1.0" encoding="UTF-8"?>
<!DOCTYPE html PUBLIC "-//W3C//DTD XHTML 1.0 Transitional//EN"
    "http://www.w3.org/TR/xhtml1/DTD/xhtml1-transitional.dtd">
<html xmlns="http://www.w3.org/1999/xhtml" xml:lang="en" lang="en">
 <head>
  <title>
</title>
<meta http-equiv="Content-Type" content="text/html;charset=utf-8" />
  <meta name='ocr-system' content='tesseract 3.04.00' />
  <meta name='ocr-capabilities' content='ocr_page ocr_carea ocr_par ocr_line ocrx_word'/>
</head>
<body>
  <div class='ocr_page' id='page_1' title='image "apocalypsisexpli01sweduoft_0454.png"; bbox 0 0 2060 3476; ppageno 0'>
   <div class='ocr_carea' id='block_1_1' title="bbox 318 358 1403 410">
    <p class='ocr_par' dir='ltr' id='par_1_1' title="bbox 318 358 1403 410">
     <span class='ocr_line' id='line_1_1' title="bbox 318 358 1403 410; baseline -0.003 -11"><span class='ocrx_word' id='word_1_1' title='bbox 318 358 402 410; x_wconf 86' lang='lat'>448</span> <span class='ocrx_word' id='word_1_2' title='bbox 735 365 1069 398; x_wconf 85' lang='lat' dir='ltr'>APOCALYPSIS</span> <span class='ocrx_word' id='word_1_3' title='bbox 1101 364 1403 397; x_wconf 89' lang='lat' dir='ltr'><strong>EXPLICATA.</strong></span> 
     </span>
    </p>
   </div>
   <div class='ocr_carea' id='block_1_2' title="bbox 385 478 1813 1129">
    <p class='ocr_par' dir='ltr' id='par_1_2' title="bbox 385 478 1813 1129">
     <span class='ocr_line' id='line_1_2' title="bbox 385 478 1811 523; baseline -0.002 -10"><span class='ocrx_word' id='word_1_4' title='bbox 385 480 493 523; x_wconf 82' lang='lat' dir='ltr'>Juxta</span> <span class='ocrx_word' id='word_1_5' title='bbox 508 480 654 513; x_wconf 85' lang='lat' dir='ltr'>fluvium</span> <span class='ocrx_word' id='word_1_6' title='bbox 680 479 801 512; x_wconf 88' lang='lat' dir='ltr'>Kebar</span> <span class='ocrx_word' id='word_1_7' title='bbox 815 479 979 521; x_wconf 88' lang='lat' dir='ltr'>apparuit</span> <span class='ocrx_word' id='word_1_8' title='bbox 999 479 1227 511; x_wconf 86' lang='lat' dir='ltr'>“similitudo</span> <span class='ocrx_word' id='word_1_9' title='bbox 1244 484 1395 520; x_wconf 85' lang='lat' dir='ltr'>quatuor</span> <span class='ocrx_word' id='word_1_10' title='bbox 1411 478 1642 518; x_wconf 85' lang='lat' dir='ltr'>Animalium,</span> <span class='ocrx_word' id='word_1_11' title='bbox 1662 488 1811 521; x_wconf 90' lang='lat' dir='ltr'>quorum</span> 
     </span>
     <span class='ocr_line' id='line_1_3' title="bbox 494 522 1809 565; baseline -0.002 -9"><span class='ocrx_word' id='word_1_12' title='bbox 494 525 551 556; x_wconf 92' lang='lat' dir='ltr'>hic</span> <span class='ocrx_word' id='word_1_13' title='bbox 564 530 640 556; x_wconf 89' lang='lat' dir='ltr'>erat</span> <span class='ocrx_word' id='word_1_14' title='bbox 652 523 818 565; x_wconf 77' lang='lat' dir='ltr'>aspetstus</span> <span class='ocrx_word' id='word_1_15' title='bbox 831 535 838 557; x_wconf 91' lang='lat'><strong>:</strong></span> <span class='ocrx_word' id='word_1_16' title='bbox 864 523 1059 555; x_wconf 87' lang='lat' dir='ltr'>similitudo</span> <span class='ocrx_word' id='word_1_17' title='bbox 1072 523 1228 554; x_wconf 90' lang='lat' dir='ltr'>hominis</span> <span class='ocrx_word' id='word_1_18' title='bbox 1242 523 1323 561; x_wconf 90' lang='lat' dir='ltr'>illis,</span> <span class='ocrx_word' id='word_1_19' title='bbox 1340 528 1375 554; x_wconf 93' lang='lat' dir='ltr'>et</span> <span class='ocrx_word' id='word_1_20' title='bbox 1388 528 1539 563; x_wconf 88' lang='lat' dir='ltr'>quatuor</span> <span class='ocrx_word' id='word_1_21' title='bbox 1550 522 1658 554; x_wconf 80' lang='lat' dir='ltr'>facies</span> <span class='ocrx_word' id='word_1_22' title='bbox 1672 523 1809 564; x_wconf 84' lang='lat' dir='ltr'>cuique,</span> 
     </span>
     <span class='ocr_line' id='line_1_4' title="bbox 495 566 1812 609; baseline -0.002 -10"><span class='ocrx_word' id='word_1_23' title='bbox 495 574 531 600; x_wconf 90' lang='lat' dir='ltr'>et</span> <span class='ocrx_word' id='word_1_24' title='bbox 542 573 693 609; x_wconf 90' lang='lat' dir='ltr'>quatuor</span> <span class='ocrx_word' id='word_1_25' title='bbox 702 568 779 599; x_wconf 89' lang='lat' dir='ltr'>alae</span> <span class='ocrx_word' id='word_1_26' title='bbox 791 568 915 608; x_wconf 90' lang='lat' dir='ltr'>cuique</span> <span class='ocrx_word' id='word_1_27' title='bbox 926 567 1066 598; x_wconf 91' lang='lat' dir='ltr'>illorum</span> <span class='ocrx_word' id='word_1_28' title='bbox 1079 577 1104 599; x_wconf 79' lang='lat' dir='ltr'>z.</span> <span class='ocrx_word' id='word_1_29' title='bbox 1119 591 1126 598; x_wconf 93' lang='lat'><em>.</em></span> <span class='ocrx_word' id='word_1_30' title='bbox 1140 591 1147 598; x_wconf 95' lang='lat'>.</span> <span class='ocrx_word' id='word_1_31' title='bbox 1155 566 1350 598; x_wconf 85' lang='lat' dir='ltr'>similitudo</span> <span class='ocrx_word' id='word_1_32' title='bbox 1360 566 1528 597; x_wconf 82' lang='lat' dir='ltr'>facierum</span> <span class='ocrx_word' id='word_1_33' title='bbox 1539 575 1662 597; x_wconf 91' lang='lat' dir='ltr'>eorum</span> <span class='ocrx_word' id='word_1_34' title='bbox 1676 575 1684 604; x_wconf 84' lang='grc'><strong>;</strong></span> <span class='ocrx_word' id='word_1_35' title='bbox 1703 566 1812 597; x_wconf 87' lang='lat' dir='ltr'>facies</span> 
     </span>
     <span class='ocr_line' id='line_1_5' title="bbox 495 609 1812 650; baseline -0.002 -7"><span class='ocrx_word' id='word_1_36' title='bbox 495 611 653 643; x_wconf 87' lang='lat' dir='ltr'>hominis</span> <span class='ocrx_word' id='word_1_37' title='bbox 667 617 702 642; x_wconf 93' lang='lat' dir='ltr'>et</span> <span class='ocrx_word' id='word_1_38' title='bbox 717 611 826 642; x_wconf 86' lang='lat' dir='ltr'>facies</span> <span class='ocrx_word' id='word_1_39' title='bbox 843 611 957 642; x_wconf 89' lang='lat' dir='ltr'>leonis</span> <span class='ocrx_word' id='word_1_40' title='bbox 975 610 1019 641; x_wconf 88' lang='lat' dir='ltr'>ad</span> <span class='ocrx_word' id='word_1_41' title='bbox 1036 610 1196 641; x_wconf 88' lang='lat' dir='ltr'>dextram</span> <span class='ocrx_word' id='word_1_42' title='bbox 1214 615 1365 650; x_wconf 90' lang='lat' dir='ltr'>quatuor</span> <span class='ocrx_word' id='word_1_43' title='bbox 1375 609 1456 646; x_wconf 90' lang='lat' dir='ltr'>illis,</span> <span class='ocrx_word' id='word_1_44' title='bbox 1471 614 1506 640; x_wconf 94' lang='lat' dir='ltr'>et</span> <span class='ocrx_word' id='word_1_45' title='bbox 1522 609 1631 641; x_wconf 83' lang='lat' dir='ltr'>facies</span> <span class='ocrx_word' id='word_1_46' title='bbox 1648 610 1751 640; x_wconf 92' lang='lat' dir='ltr'>bovis</span> <span class='ocrx_word' id='word_1_47' title='bbox 1768 610 1812 641; x_wconf 91' lang='lat' dir='ltr'>ad</span> 
     </span>
     <span class='ocr_line' id='line_1_6' title="bbox 496 651 1811 695; baseline -0.002 -9"><span class='ocrx_word' id='word_1_48' title='bbox 496 655 678 686; x_wconf 85' lang='lat' dir='ltr'>sinistram</span> <span class='ocrx_word' id='word_1_49' title='bbox 696 661 846 695; x_wconf 91' lang='lat' dir='ltr'>quatuor</span> <span class='ocrx_word' id='word_1_50' title='bbox 862 654 943 691; x_wconf 88' lang='lat' dir='ltr'>illis,</span> <span class='ocrx_word' id='word_1_51' title='bbox 960 663 1000 685; x_wconf 90' lang='lat' dir='ltr'>ae</span> <span class='ocrx_word' id='word_1_52' title='bbox 1016 654 1125 685; x_wconf 80' lang='lat' dir='ltr'>facies</span> <span class='ocrx_word' id='word_1_53' title='bbox 1143 653 1281 694; x_wconf 91' lang='lat' dir='ltr'>aquilae</span> <span class='ocrx_word' id='word_1_54' title='bbox 1299 659 1449 694; x_wconf 90' lang='lat' dir='ltr'>quatuor</span> <span class='ocrx_word' id='word_1_55' title='bbox 1465 652 1534 684; x_wconf 87' lang='lat' dir='ltr'>illis</span> <span class='ocrx_word' id='word_1_56' title='bbox 1548 663 1571 684; x_wconf 92' lang='lat'>:.</span> <span class='ocrx_word' id='word_1_57' title='bbox 1586 677 1594 684; x_wconf 89' lang='lat'><strong>.</strong></span> <span class='ocrx_word' id='word_1_58' title='bbox 1607 677 1615 684; x_wconf 92' lang='lat'><em>.</em></span> <span class='ocrx_word' id='word_1_59' title='bbox 1630 651 1811 693; x_wconf 71' lang='lat' dir='ltr'>‚aspectus</span> 
     </span>
     <span class='ocr_line' id='line_1_7' title="bbox 497 695 1811 739; baseline -0.002 -9"><span class='ocrx_word' id='word_1_60' title='bbox 497 708 619 730; x_wconf 89' lang='lat' dir='ltr'>eorum</span> <span class='ocrx_word' id='word_1_61' title='bbox 631 699 721 730; x_wconf 90' lang='lat' dir='ltr'>sicut</span> <span class='ocrx_word' id='word_1_62' title='bbox 731 708 866 739; x_wconf 89' lang='lat' dir='ltr'>prunae</span> <span class='ocrx_word' id='word_1_63' title='bbox 877 698 970 738; x_wconf 88' lang='lat' dir='ltr'>ignis</span> <span class='ocrx_word' id='word_1_64' title='bbox 982 698 1147 728; x_wconf 87' lang='lat' dir='ltr'>ardentes</span> <span class='ocrx_word' id='word_1_65' title='bbox 1158 696 1259 737; x_wconf 82' lang='lat' dir='ltr'>juxta</span> <span class='ocrx_word' id='word_1_66' title='bbox 1271 695 1455 737; x_wconf 70' lang='lat' dir='ltr'>aspectum</span> <span class='ocrx_word' id='word_1_67' title='bbox 1467 695 1670 736; x_wconf 90' lang='lat' dir='ltr'>lampadum</span> <span class='ocrx_word' id='word_1_68' title='bbox 1685 707 1691 728; x_wconf 90' lang='lat'>:</span> <span class='ocrx_word' id='word_1_69' title='bbox 1718 696 1811 728; x_wconf 90' lang='lat' dir='ltr'>idem</span> 
     </span>
     <span class='ocr_line' id='line_1_8' title="bbox 498 739 1813 780; baseline -0.002 -7"><span class='ocrx_word' id='word_1_70' title='bbox 498 742 667 773; x_wconf 89' lang='lat' dir='ltr'>incedens</span> <span class='ocrx_word' id='word_1_71' title='bbox 685 742 777 773; x_wconf 91' lang='lat' dir='ltr'>inter</span> <span class='ocrx_word' id='word_1_72' title='bbox 793 741 983 779; x_wconf 87' lang='lat' dir='ltr'>Animalia,</span> <span class='ocrx_word' id='word_1_73' title='bbox 996 742 1045 772; x_wconf 90' lang='lat' dir='ltr'>ita</span> <span class='ocrx_word' id='word_1_74' title='bbox 1060 746 1098 772; x_wconf 89' lang='lat' dir='ltr'>ut</span> <span class='ocrx_word' id='word_1_75' title='bbox 1115 740 1284 780; x_wconf 87' lang='lat' dir='ltr'>splendor</span> <span class='ocrx_word' id='word_1_76' title='bbox 1296 739 1381 780; x_wconf 85' lang='lat' dir='ltr'>igni,</span> <span class='ocrx_word' id='word_1_77' title='bbox 1397 745 1433 771; x_wconf 91' lang='lat' dir='ltr'>et</span> <span class='ocrx_word' id='word_1_78' title='bbox 1448 749 1492 771; x_wconf 88' lang='lat' dir='ltr'>ex</span> <span class='ocrx_word' id='word_1_79' title='bbox 1509 739 1591 780; x_wconf 84' lang='lat' dir='ltr'>igne</span> <span class='ocrx_word' id='word_1_80' title='bbox 1607 740 1730 771; x_wconf 88' lang='lat' dir='ltr'>exiens</span> <span class='ocrx_word' id='word_1_81' title='bbox 1747 739 1813 771; x_wconf 79' lang='lat' dir='ltr'>ful-</span> 
     </span>
     <span class='ocr_line' id='line_1_9' title="bbox 497 783 1812 826; baseline -0.002 -10"><span class='ocrx_word' id='word_1_82' title='bbox 497 795 574 826; x_wconf 86' lang='lat' dir='ltr'>gur.</span> <span class='ocrx_word' id='word_1_83' title='bbox 607 810 615 817; x_wconf 95' lang='lat'>.</span> <span class='ocrx_word' id='word_1_84' title='bbox 629 810 636 817; x_wconf 93' lang='lat'><strong>.</strong></span> <span class='ocrx_word' id='word_1_85' title='bbox 651 785 779 826; x_wconf 79' lang='lat' dir='ltr'>‚Super</span> <span class='ocrx_word' id='word_1_86' title='bbox 788 785 960 825; x_wconf 82' lang='lat' dir='ltr'>capitibus</span> <span class='ocrx_word' id='word_1_87' title='bbox 972 783 1149 815; x_wconf 88' lang='lat' dir='ltr'>Animalis</span> <span class='ocrx_word' id='word_1_88' title='bbox 1161 793 1369 823; x_wconf 88' lang='lat' dir='ltr'>expansum,</span> <span class='ocrx_word' id='word_1_89' title='bbox 1381 783 1482 823; x_wconf 86' lang='lat' dir='ltr'>juxta</span> <span class='ocrx_word' id='word_1_90' title='bbox 1491 783 1644 823; x_wconf 89' lang='lat' dir='ltr'>speciem</span> <span class='ocrx_word' id='word_1_91' title='bbox 1657 783 1812 824; x_wconf 86' lang='lat' dir='ltr'>crystalli</span> 
     </span>
     <span class='ocr_line' id='line_1_10' title="bbox 497 827 1813 869; baseline -0.002 -8"><span class='ocrx_word' id='word_1_92' title='bbox 497 829 667 860; x_wconf 88' lang='lat' dir='ltr'>mirabilis</span> <span class='ocrx_word' id='word_1_93' title='bbox 681 840 705 861; x_wconf 91' lang='lat'>:.</span> <span class='ocrx_word' id='word_1_94' title='bbox 720 853 728 861; x_wconf 89' lang='lat'><strong><em>.</em></strong></span> <span class='ocrx_word' id='word_1_95' title='bbox 742 853 749 861; x_wconf 92' lang='lat'><strong><em>.</em></strong></span> <span class='ocrx_word' id='word_1_96' title='bbox 764 838 886 869; x_wconf 80' lang='lat' dir='ltr'>,super</span> <span class='ocrx_word' id='word_1_97' title='bbox 898 837 1069 868; x_wconf 87' lang='lat' dir='ltr'>expanso,</span> <span class='ocrx_word' id='word_1_98' title='bbox 1082 827 1176 868; x_wconf 91' lang='lat' dir='ltr'>quod</span> <span class='ocrx_word' id='word_1_99' title='bbox 1189 836 1296 867; x_wconf 90' lang='lat' dir='ltr'>super</span> <span class='ocrx_word' id='word_1_100' title='bbox 1306 827 1420 867; x_wconf 88' lang='lat' dir='ltr'>capite</span> <span class='ocrx_word' id='word_1_101' title='bbox 1433 836 1567 863; x_wconf 83' lang='lat' dir='ltr'>eorum.</span> <span class='ocrx_word' id='word_1_102' title='bbox 1579 828 1678 867; x_wconf 90' lang='lat' dir='ltr'>quasi</span> <span class='ocrx_word' id='word_1_103' title='bbox 1691 837 1813 868; x_wconf 89' lang='lat' dir='ltr'>aspec-</span> 
     </span>
     <span class='ocr_line' id='line_1_11' title="bbox 497 870 1808 913; baseline -0.003 -9"><span class='ocrx_word' id='word_1_104' title='bbox 497 878 554 904; x_wconf 87' lang='lat' dir='ltr'>tus</span> <span class='ocrx_word' id='word_1_105' title='bbox 571 873 699 913; x_wconf 89' lang='lat' dir='ltr'>lapidis</span> <span class='ocrx_word' id='word_1_106' title='bbox 714 872 882 912; x_wconf 86' lang='lat' dir='ltr'>sapphiri,</span> <span class='ocrx_word' id='word_1_107' title='bbox 895 871 1089 902; x_wconf 88' lang='lat' dir='ltr'>similitudo</span> <span class='ocrx_word' id='word_1_108' title='bbox 1103 870 1221 902; x_wconf 89' lang='lat' dir='ltr'>throni</span> <span class='ocrx_word' id='word_1_109' title='bbox 1236 880 1243 908; x_wconf 84' lang='lat'><strong>;</strong></span> <span class='ocrx_word' id='word_1_110' title='bbox 1268 875 1304 901; x_wconf 91' lang='lat' dir='ltr'>et</span> <span class='ocrx_word' id='word_1_111' title='bbox 1317 879 1424 910; x_wconf 91' lang='lat' dir='ltr'>super</span> <span class='ocrx_word' id='word_1_112' title='bbox 1436 870 1665 902; x_wconf 86' lang='lat' dir='ltr'>similitudine</span> <span class='ocrx_word' id='word_1_113' title='bbox 1679 870 1808 907; x_wconf 85' lang='lat' dir='ltr'>throni,</span> 
     </span>
     <span class='ocr_line' id='line_1_12' title="bbox 497 911 1810 955; baseline -0.002 -8"><span class='ocrx_word' id='word_1_114' title='bbox 497 916 691 947; x_wconf 87' lang='lat' dir='ltr'>similitudo</span> <span class='ocrx_word' id='word_1_115' title='bbox 702 921 740 947; x_wconf 93' lang='lat' dir='ltr'>ut</span> <span class='ocrx_word' id='word_1_116' title='bbox 749 913 914 955; x_wconf 67' lang='lat' dir='ltr'>aspectus</span> <span class='ocrx_word' id='word_1_117' title='bbox 928 914 1096 945; x_wconf 89' lang='lat' dir='ltr'>Hominis</span> <span class='ocrx_word' id='word_1_118' title='bbox 1108 923 1215 954; x_wconf 84' lang='lat' dir='ltr'>super</span> <span class='ocrx_word' id='word_1_119' title='bbox 1225 913 1286 945; x_wconf 92' lang='lat' dir='ltr'>illo</span> <span class='ocrx_word' id='word_1_120' title='bbox 1299 924 1324 945; x_wconf 69' lang='grc' dir='ltr'>ι.</span> <span class='ocrx_word' id='word_1_121' title='bbox 1338 938 1345 944; x_wconf 97' lang='grc'><em>.</em></span> <span class='ocrx_word' id='word_1_122' title='bbox 1360 938 1367 945; x_wconf 95' lang='grc'><strong>.</strong></span> <span class='ocrx_word' id='word_1_123' title='bbox 1382 914 1442 945; x_wconf 80' lang='lat' dir='ltr'>,ab</span> <span class='ocrx_word' id='word_1_124' title='bbox 1452 911 1598 954; x_wconf 63' lang='lat' dir='ltr'>aspectu</span> <span class='ocrx_word' id='word_1_125' title='bbox 1610 913 1810 945; x_wconf 87' lang='lat' dir='ltr'>lumborum</span> 
     </span>
     <span class='ocr_line' id='line_1_13' title="bbox 499 955 1808 1000; baseline -0.002 -9"><span class='ocrx_word' id='word_1_126' title='bbox 499 959 585 1000; x_wconf 86' lang='lat' dir='ltr'>Ejus</span> <span class='ocrx_word' id='word_1_127' title='bbox 599 965 634 990; x_wconf 92' lang='lat' dir='ltr'>et</span> <span class='ocrx_word' id='word_1_128' title='bbox 644 959 810 990; x_wconf 91' lang='lat' dir='ltr'>deorsum</span> <span class='ocrx_word' id='word_1_129' title='bbox 822 958 892 989; x_wconf 90' lang='lat' dir='ltr'>vidi</span> <span class='ocrx_word' id='word_1_130' title='bbox 905 957 1004 999; x_wconf 88' lang='lat' dir='ltr'>quasi</span> <span class='ocrx_word' id='word_1_131' title='bbox 1015 955 1199 997; x_wconf 63' lang='lat' dir='ltr'>aspectum</span> <span class='ocrx_word' id='word_1_132' title='bbox 1211 958 1315 997; x_wconf 83' lang='lat' dir='ltr'>ignis,</span> <span class='ocrx_word' id='word_1_133' title='bbox 1330 957 1384 988; x_wconf 91' lang='lat' dir='ltr'>cui</span> <span class='ocrx_word' id='word_1_134' title='bbox 1396 957 1565 997; x_wconf 88' lang='lat' dir='ltr'>splendor</span> <span class='ocrx_word' id='word_1_135' title='bbox 1574 957 1808 994; x_wconf 83' lang='lat' dir='ltr'>circumcirca,</span> 
     </span>
     <span class='ocr_line' id='line_1_14' title="bbox 495 998 1811 1043; baseline -0.002 -9"><span class='ocrx_word' id='word_1_136' title='bbox 495 1003 586 1034; x_wconf 90' lang='lat' dir='ltr'>sicut</span> <span class='ocrx_word' id='word_1_137' title='bbox 608 1001 774 1043; x_wconf 66' lang='lat' dir='ltr'>aspectus</span> <span class='ocrx_word' id='word_1_138' title='bbox 799 1002 897 1033; x_wconf 90' lang='lat' dir='ltr'>iridis</span> <span class='ocrx_word' id='word_1_139' title='bbox 923 1010 1011 1042; x_wconf 91' lang='lat' dir='ltr'>quae</span> <span class='ocrx_word' id='word_1_140' title='bbox 1035 1007 1090 1032; x_wconf 90' lang='lat' dir='ltr'>est</span> <span class='ocrx_word' id='word_1_141' title='bbox 1114 1001 1149 1032; x_wconf 89' lang='lat' dir='ltr'>in</span> <span class='ocrx_word' id='word_1_142' title='bbox 1174 1002 1268 1032; x_wconf 92' lang='lat' dir='ltr'>nube</span> <span class='ocrx_word' id='word_1_143' title='bbox 1283 1009 1291 1037; x_wconf 75' lang='grc' dir='ltr'>ς</span> <span class='ocrx_word' id='word_1_144' title='bbox 1319 1000 1369 1031; x_wconf 84' lang='lat' dir='ltr'>sic</span> <span class='ocrx_word' id='word_1_145' title='bbox 1393 998 1558 1041; x_wconf 66' lang='lat' dir='ltr'>aspectus</span> <span class='ocrx_word' id='word_1_146' title='bbox 1582 1001 1783 1041; x_wconf 88' lang='lat' dir='ltr'>splendoris</span> <span class='ocrx_word' id='word_1_147' title='bbox 1793 1000 1811 1012; x_wconf 88' lang='lat'>&#39;’</span> 
     </span>
     <span class='ocr_line' id='line_1_15' title="bbox 495 1042 1811 1088; baseline -0.002 -11"><span class='ocrx_word' id='word_1_148' title='bbox 495 1046 654 1088; x_wconf 90' lang='lat' dir='ltr'>Jehovae</span> <span class='ocrx_word' id='word_1_149' title='bbox 675 1047 697 1060; x_wconf 86' lang='lat'><strong>“</strong></span> <span class='ocrx_word' id='word_1_150' title='bbox 708 1046 934 1077; x_wconf 89' lang='lat' dir='ltr'>circumcirca</span> <span class='ocrx_word' id='word_1_151' title='bbox 947 1054 954 1082; x_wconf 86' lang='grc'>;</span> <span class='ocrx_word' id='word_1_152' title='bbox 978 1044 1035 1076; x_wconf 90' lang='lat' dir='ltr'>hic</span> <span class='ocrx_word' id='word_1_153' title='bbox 1059 1042 1224 1085; x_wconf 65' lang='lat' dir='ltr'>aspectus</span> <span class='ocrx_word' id='word_1_154' title='bbox 1249 1043 1442 1076; x_wconf 85' lang='lat' dir='ltr'>similitudo</span> <span class='ocrx_word' id='word_1_155' title='bbox 1466 1044 1600 1085; x_wconf 87' lang='lat' dir='ltr'>gloriae</span> <span class='ocrx_word' id='word_1_156' title='bbox 1623 1044 1781 1086; x_wconf 90' lang='lat' dir='ltr'>Jehovae</span> <span class='ocrx_word' id='word_1_157' title='bbox 1793 1044 1811 1056; x_wconf 84' lang='lat'>&#39;’</span> 
     </span>
     <span class='ocr_line' id='line_1_16' title="bbox 495 1088 1133 1129; baseline -0.002 -9"><span class='ocrx_word' id='word_1_158' title='bbox 495 1089 630 1129; x_wconf 75' lang='lat' dir='ltr'>(Ezech.</span> <span class='ocrx_word' id='word_1_159' title='bbox 648 1090 669 1121; x_wconf 96' lang='lat' dir='ltr'>i.</span> <span class='ocrx_word' id='word_1_160' title='bbox 689 1098 717 1128; x_wconf 89' lang='lat'>5,</span> <span class='ocrx_word' id='word_1_161' title='bbox 734 1089 765 1127; x_wconf 83' lang='lat'>6,</span> <span class='ocrx_word' id='word_1_162' title='bbox 785 1097 835 1127; x_wconf 86' lang='lat'>10,</span> <span class='ocrx_word' id='word_1_163' title='bbox 855 1097 905 1128; x_wconf 83' lang='lat'>13,</span> <span class='ocrx_word' id='word_1_164' title='bbox 922 1097 974 1126; x_wconf 84' lang='lat'>22,</span> <span class='ocrx_word' id='word_1_165' title='bbox 993 1088 1133 1128; x_wconf 84' lang='lat'><strong>26-28);</strong></span> 
     </span>
    </p>
   </div>
   <div class='ocr_carea' id='block_1_3' title="bbox 320 1191 1810 1436">
    <p class='ocr_par' dir='ltr' id='par_1_3' title="bbox 320 1191 1810 1436">
     <span class='ocr_line' id='line_1_17' title="bbox 321 1191 1809 1247; baseline -0.001 -12"><span class='ocrx_word' id='word_1_166' title='bbox 321 1207 400 1247; x_wconf 91' lang='lat' dir='ltr'>per</span> <span class='ocrx_word' id='word_1_167' title='bbox 430 1193 542 1235; x_wconf 92' lang='lat' dir='ltr'>haec</span> <span class='ocrx_word' id='word_1_168' title='bbox 581 1193 968 1247; x_wconf 87' lang='lat' dir='ltr'>repraesentativa</span> <span class='ocrx_word' id='word_1_169' title='bbox 999 1192 1265 1234; x_wconf 87' lang='lat' dir='ltr'>describitur</span> <span class='ocrx_word' id='word_1_170' title='bbox 1297 1192 1507 1233; x_wconf 90' lang='lat' dir='ltr'>Divinum</span> <span class='ocrx_word' id='word_1_171' title='bbox 1545 1191 1728 1233; x_wconf 91' lang='lat' dir='ltr'>Domini</span> <span class='ocrx_word' id='word_1_172' title='bbox 1766 1194 1809 1233; x_wconf 89' lang='lat' dir='ltr'>in</span> 
     </span>
     <span class='ocr_line' id='line_1_18' title="bbox 322 1255 1810 1310; baseline -0.001 -13"><span class='ocrx_word' id='word_1_173' title='bbox 322 1255 459 1297; x_wconf 88' lang='lat' dir='ltr'>caelis</span> <span class='ocrx_word' id='word_1_174' title='bbox 486 1257 798 1310; x_wconf 91' lang='lat' dir='ltr'>superioribus,</span> <span class='ocrx_word' id='word_1_175' title='bbox 827 1269 878 1297; x_wconf 92' lang='lat' dir='ltr'>ac</span> <span class='ocrx_word' id='word_1_176' title='bbox 910 1255 1194 1309; x_wconf 90' lang='lat' dir='ltr'>providentia</span> <span class='ocrx_word' id='word_1_177' title='bbox 1226 1255 1369 1308; x_wconf 89' lang='lat' dir='ltr'>Ipsius</span> <span class='ocrx_word' id='word_1_178' title='bbox 1401 1268 1456 1296; x_wconf 92' lang='lat' dir='ltr'>ne</span> <span class='ocrx_word' id='word_1_179' title='bbox 1482 1255 1701 1296; x_wconf 87' lang='lat' dir='ltr'>adeantur</span> <span class='ocrx_word' id='word_1_180' title='bbox 1727 1257 1810 1296; x_wconf 91' lang='lat' dir='ltr'>nisi</span> 
     </span>
     <span class='ocr_line' id='line_1_19' title="bbox 320 1318 1810 1372; baseline -0.001 -12"><span class='ocrx_word' id='word_1_181' title='bbox 320 1333 346 1359; x_wconf 90' lang='lat' dir='ltr'>a</span> <span class='ocrx_word' id='word_1_182' title='bbox 378 1319 499 1360; x_wconf 90' lang='lat' dir='ltr'>bono</span> <span class='ocrx_word' id='word_1_183' title='bbox 525 1320 689 1360; x_wconf 91' lang='lat' dir='ltr'>amoris</span> <span class='ocrx_word' id='word_1_184' title='bbox 715 1325 762 1360; x_wconf 90' lang='lat' dir='ltr'>et</span> <span class='ocrx_word' id='word_1_185' title='bbox 789 1319 1050 1370; x_wconf 88' lang='lat' dir='ltr'>charitatis;</span> <span class='ocrx_word' id='word_1_186' title='bbox 1083 1325 1129 1360; x_wconf 92' lang='lat' dir='ltr'>et</span> <span class='ocrx_word' id='word_1_187' title='bbox 1156 1319 1200 1359; x_wconf 92' lang='lat' dir='ltr'>in</span> <span class='ocrx_word' id='word_1_188' title='bbox 1226 1319 1528 1372; x_wconf 88' lang='lat' dir='ltr'>descriptione</span> <span class='ocrx_word' id='word_1_189' title='bbox 1559 1318 1636 1359; x_wconf 88' lang='lat' dir='ltr'>illa</span> <span class='ocrx_word' id='word_1_190' title='bbox 1662 1320 1810 1360; x_wconf 90' lang='lat' dir='ltr'>conti-</span> 
     </span>
     <span class='ocr_line' id='line_1_20' title="bbox 322 1381 1810 1436; baseline 0.001 -14"><span class='ocrx_word' id='word_1_191' title='bbox 322 1388 485 1424; x_wconf 90' lang='lat' dir='ltr'>nentur</span> <span class='ocrx_word' id='word_1_192' title='bbox 496 1383 648 1423; x_wconf 88' lang='lat' dir='ltr'>omnia</span> <span class='ocrx_word' id='word_1_193' title='bbox 662 1383 834 1436; x_wconf 89' lang='lat' dir='ltr'>quaein</span> <span class='ocrx_word' id='word_1_194' title='bbox 850 1382 935 1423; x_wconf 93' lang='lat' dir='ltr'>hoc</span> <span class='ocrx_word' id='word_1_195' title='bbox 952 1382 1101 1436; x_wconf 90' lang='lat' dir='ltr'>capite</span> <span class='ocrx_word' id='word_1_196' title='bbox 1115 1381 1441 1434; x_wconf 58' lang='lat' dir='ltr'>Apocalypseos</span> <span class='ocrx_word' id='word_1_197' title='bbox 1455 1381 1511 1422; x_wconf 91' lang='lat' dir='ltr'>de</span> <span class='ocrx_word' id='word_1_198' title='bbox 1526 1381 1810 1423; x_wconf 89' lang='lat' dir='ltr'>ordinatione</span> 
     </span>
    </p>
   </div>
   <div class='ocr_carea' id='block_1_4' title="bbox 319 1443 1877 1498">
    <p class='ocr_par' dir='ltr' id='par_1_4' title="bbox 319 1443 1877 1498">
     <span class='ocr_line' id='line_1_21' title="bbox 319 1443 1877 1498; baseline 0 -12"><span class='ocrx_word' id='word_1_199' title='bbox 319 1445 548 1486; x_wconf 89' lang='lat' dir='ltr'>caelorum</span> <span class='ocrx_word' id='word_1_200' title='bbox 571 1444 691 1486; x_wconf 65' lang='lat' dir='ltr'>dicta</span> <span class='ocrx_word' id='word_1_201' title='bbox 714 1451 832 1495; x_wconf 88' lang='lat' dir='ltr'>sunt,</span> <span class='ocrx_word' id='word_1_202' title='bbox 852 1452 898 1486; x_wconf 93' lang='lat' dir='ltr'>et</span> <span class='ocrx_word' id='word_1_203' title='bbox 921 1444 1175 1498; x_wconf 87' lang='lat' dir='ltr'>significata</span> <span class='ocrx_word' id='word_1_204' title='bbox 1197 1458 1275 1498; x_wconf 90' lang='lat' dir='ltr'>per</span> <span class='ocrx_word' id='word_1_205' title='bbox 1294 1443 1545 1485; x_wconf 85' lang='lat' dir='ltr'>“thronum</span> <span class='ocrx_word' id='word_1_206' title='bbox 1568 1458 1699 1498; x_wconf 90' lang='lat' dir='ltr'>super</span> <span class='ocrx_word' id='word_1_207' title='bbox 1721 1459 1810 1498; x_wconf 91' lang='lat' dir='ltr'>quo</span> <span class='ocrx_word' id='word_1_208' title='bbox 1873 1483 1877 1486; x_wconf 80' lang='grc'>.</span> 
     </span>
    </p>
   </div>
   <div class='ocr_carea' id='block_1_5' title="bbox 319 1507 1864 2066">
    <p class='ocr_par' dir='ltr' id='par_1_5' title="bbox 319 1507 1810 2003">
     <span class='ocr_line' id='line_1_22' title="bbox 321 1507 1809 1562; baseline -0.001 -13"><span class='ocrx_word' id='word_1_209' title='bbox 321 1507 496 1549; x_wconf 87' lang='lat' dir='ltr'>Sedens</span> <span class='ocrx_word' id='word_1_210' title='bbox 518 1508 673 1549; x_wconf 87' lang='lat' dir='ltr'>similis</span> <span class='ocrx_word' id='word_1_211' title='bbox 695 1507 879 1562; x_wconf 67' lang='lat' dir='ltr'>aspe&amp;u</span> <span class='ocrx_word' id='word_1_212' title='bbox 903 1507 1038 1561; x_wconf 88' lang='lat' dir='ltr'>lapidi</span> <span class='ocrx_word' id='word_1_213' title='bbox 1056 1507 1217 1561; x_wconf 89' lang='lat' dir='ltr'>jaspidi</span> <span class='ocrx_word' id='word_1_214' title='bbox 1239 1513 1285 1548; x_wconf 91' lang='lat' dir='ltr'>et</span> <span class='ocrx_word' id='word_1_215' title='bbox 1308 1507 1496 1556; x_wconf 90' lang='lat' dir='ltr'>sardio‚’&#39;</span> <span class='ocrx_word' id='word_1_216' title='bbox 1513 1521 1591 1561; x_wconf 91' lang='lat' dir='ltr'>per</span> <span class='ocrx_word' id='word_1_217' title='bbox 1615 1507 1809 1548; x_wconf 82' lang='lat' dir='ltr'>“iridem</span> 
     </span>
     <span class='ocr_line' id='line_1_23' title="bbox 321 1570 1810 1625; baseline 0 -13"><span class='ocrx_word' id='word_1_218' title='bbox 321 1572 489 1612; x_wconf 91' lang='lat' dir='ltr'>circum</span> <span class='ocrx_word' id='word_1_219' title='bbox 528 1571 781 1620; x_wconf 86' lang='lat' dir='ltr'>thronum‚’&#39;</span> <span class='ocrx_word' id='word_1_220' title='bbox 818 1585 896 1625; x_wconf 91' lang='lat' dir='ltr'>per</span> <span class='ocrx_word' id='word_1_221' title='bbox 936 1571 1209 1624; x_wconf 88' lang='lat' dir='ltr'>“lampades</span> <span class='ocrx_word' id='word_1_222' title='bbox 1249 1571 1365 1623; x_wconf 90' lang='lat' dir='ltr'>ignis</span> <span class='ocrx_word' id='word_1_223' title='bbox 1404 1570 1617 1612; x_wconf 87' lang='lat' dir='ltr'>ardentes</span> <span class='ocrx_word' id='word_1_224' title='bbox 1658 1584 1810 1612; x_wconf 88' lang='lat' dir='ltr'>coram</span> 
     </span>
     <span class='ocr_line' id='line_1_24' title="bbox 320 1633 1809 1688; baseline -0.001 -13"><span class='ocrx_word' id='word_1_225' title='bbox 320 1634 527 1683; x_wconf 82' lang='lat' dir='ltr'>throno,’‘</span> <span class='ocrx_word' id='word_1_226' title='bbox 549 1641 596 1676; x_wconf 93' lang='lat' dir='ltr'>et</span> <span class='ocrx_word' id='word_1_227' title='bbox 622 1648 700 1688; x_wconf 91' lang='lat' dir='ltr'>per</span> <span class='ocrx_word' id='word_1_228' title='bbox 722 1634 904 1688; x_wconf 90' lang='lat' dir='ltr'>reliqua,</span> <span class='ocrx_word' id='word_1_229' title='bbox 929 1648 1042 1688; x_wconf 90' lang='lat' dir='ltr'>quae</span> <span class='ocrx_word' id='word_1_230' title='bbox 1068 1634 1170 1675; x_wconf 93' lang='lat' dir='ltr'>ideo</span> <span class='ocrx_word' id='word_1_231' title='bbox 1192 1633 1455 1687; x_wconf 87' lang='lat' dir='ltr'>singillatim</span> <span class='ocrx_word' id='word_1_232' title='bbox 1481 1634 1710 1688; x_wconf 87' lang='lat' dir='ltr'>explicare</span> <span class='ocrx_word' id='word_1_233' title='bbox 1736 1648 1809 1675; x_wconf 86' lang='lat' dir='ltr'>su-</span> 
     </span>
     <span class='ocr_line' id='line_1_25' title="bbox 320 1697 1810 1751; baseline 0 -13"><span class='ocrx_word' id='word_1_234' title='bbox 320 1698 563 1750; x_wconf 88' lang='lat' dir='ltr'>persedeo:</span> <span class='ocrx_word' id='word_1_235' title='bbox 607 1711 724 1739; x_wconf 91' lang='lat' dir='ltr'>nunc</span> <span class='ocrx_word' id='word_1_236' title='bbox 757 1698 901 1738; x_wconf 90' lang='lat' dir='ltr'>solum</span> <span class='ocrx_word' id='word_1_237' title='bbox 939 1697 1219 1746; x_wconf 90' lang='lat' dir='ltr'>ostendetur,</span> <span class='ocrx_word' id='word_1_238' title='bbox 1253 1697 1373 1751; x_wconf 92' lang='lat' dir='ltr'>quod</span> <span class='ocrx_word' id='word_1_239' title='bbox 1409 1711 1487 1751; x_wconf 92' lang='lat' dir='ltr'>per</span> <span class='ocrx_word' id='word_1_240' title='bbox 1520 1697 1810 1738; x_wconf 90' lang='lat' dir='ltr'>“cherubos”</span> 
     </span>
     <span class='ocr_line' id='line_1_26' title="bbox 319 1759 1810 1814; baseline 0.001 -15"><span class='ocrx_word' id='word_1_241' title='bbox 319 1760 362 1799; x_wconf 90' lang='lat' dir='ltr'>in</span> <span class='ocrx_word' id='word_1_242' title='bbox 390 1759 546 1801; x_wconf 90' lang='lat' dir='ltr'>Verbo</span> <span class='ocrx_word' id='word_1_243' title='bbox 572 1760 881 1814; x_wconf 87' lang='lat' dir='ltr'>significentur</span> <span class='ocrx_word' id='word_1_244' title='bbox 903 1760 1136 1802; x_wconf 87' lang='lat' dir='ltr'>custodiae</span> <span class='ocrx_word' id='word_1_245' title='bbox 1163 1766 1209 1801; x_wconf 93' lang='lat' dir='ltr'>et</span> <span class='ocrx_word' id='word_1_246' title='bbox 1236 1759 1519 1814; x_wconf 87' lang='lat' dir='ltr'>providentia</span> <span class='ocrx_word' id='word_1_247' title='bbox 1545 1759 1727 1800; x_wconf 89' lang='lat' dir='ltr'>Domini</span> <span class='ocrx_word' id='word_1_248' title='bbox 1753 1773 1810 1801; x_wconf 91' lang='lat' dir='ltr'>ne</span> 
     </span>
     <span class='ocr_line' id='line_1_27' title="bbox 321 1822 1807 1877; baseline -0.001 -13"><span class='ocrx_word' id='word_1_249' title='bbox 321 1823 434 1865; x_wconf 91' lang='lat' dir='ltr'>caeli</span> <span class='ocrx_word' id='word_1_250' title='bbox 460 1824 709 1877; x_wconf 91' lang='lat' dir='ltr'>superiores</span> <span class='ocrx_word' id='word_1_251' title='bbox 735 1824 956 1864; x_wconf 87' lang='lat' dir='ltr'>adeantur</span> <span class='ocrx_word' id='word_1_252' title='bbox 983 1823 1065 1863; x_wconf 89' lang='lat' dir='ltr'>nisi</span> <span class='ocrx_word' id='word_1_253' title='bbox 1091 1837 1116 1864; x_wconf 90' lang='lat' dir='ltr'>a</span> <span class='ocrx_word' id='word_1_254' title='bbox 1147 1823 1268 1864; x_wconf 94' lang='lat' dir='ltr'>bono</span> <span class='ocrx_word' id='word_1_255' title='bbox 1294 1823 1458 1864; x_wconf 82' lang='lat' dir='ltr'>amoris</span> <span class='ocrx_word' id='word_1_256' title='bbox 1484 1829 1530 1864; x_wconf 90' lang='lat' dir='ltr'>et</span> <span class='ocrx_word' id='word_1_257' title='bbox 1557 1822 1807 1871; x_wconf 81' lang='lat' dir='ltr'>charitatis,</span> 
     </span>
     <span class='ocr_line' id='line_1_28' title="bbox 320 1886 1808 1940; baseline 0 -14"><span class='ocrx_word' id='word_1_258' title='bbox 320 1893 369 1927; x_wconf 95' lang='lat' dir='ltr'>ut</span> <span class='ocrx_word' id='word_1_259' title='bbox 391 1886 598 1927; x_wconf 89' lang='lat' dir='ltr'>inferiora</span> <span class='ocrx_word' id='word_1_260' title='bbox 619 1887 663 1928; x_wconf 91' lang='lat' dir='ltr'>in</span> <span class='ocrx_word' id='word_1_261' title='bbox 686 1887 841 1928; x_wconf 91' lang='lat' dir='ltr'>ordine</span> <span class='ocrx_word' id='word_1_262' title='bbox 863 1887 967 1928; x_wconf 88' lang='lat' dir='ltr'>sint.</span> <span class='ocrx_word' id='word_1_263' title='bbox 1030 1886 1130 1927; x_wconf 92' lang='lat' dir='ltr'>Hoc</span> <span class='ocrx_word' id='word_1_264' title='bbox 1159 1892 1288 1940; x_wconf 90' lang='lat' dir='ltr'>patet</span> <span class='ocrx_word' id='word_1_265' title='bbox 1311 1886 1546 1928; x_wconf 89' lang='lat' dir='ltr'>evidenter</span> <span class='ocrx_word' id='word_1_266' title='bbox 1568 1900 1627 1927; x_wconf 88' lang='lat' dir='ltr'>ex</span> <span class='ocrx_word' id='word_1_267' title='bbox 1649 1886 1808 1927; x_wconf 89' lang='lat' dir='ltr'>cheru-</span> 
     </span>
     <span class='ocr_line' id='line_1_29' title="bbox 321 1948 1808 2003; baseline 0 -14"><span class='ocrx_word' id='word_1_268' title='bbox 321 1949 387 1990; x_wconf 91' lang='lat' dir='ltr'>bis</span> <span class='ocrx_word' id='word_1_269' title='bbox 406 1950 565 2003; x_wconf 88' lang='lat' dir='ltr'>positis</span> <span class='ocrx_word' id='word_1_270' title='bbox 584 1956 691 1991; x_wconf 89' lang='lat' dir='ltr'>ante</span> <span class='ocrx_word' id='word_1_271' title='bbox 710 1949 891 1990; x_wconf 91' lang='lat' dir='ltr'>hortum</span> <span class='ocrx_word' id='word_1_272' title='bbox 910 1949 1094 1998; x_wconf 84' lang='lat' dir='ltr'>Edenis‚</span> <span class='ocrx_word' id='word_1_273' title='bbox 1114 1949 1294 2003; x_wconf 88' lang='lat' dir='ltr'>quando</span> <span class='ocrx_word' id='word_1_274' title='bbox 1316 1948 1454 1989; x_wconf 91' lang='lat' dir='ltr'>homo</span> <span class='ocrx_word' id='word_1_275' title='bbox 1471 1948 1575 1990; x_wconf 91' lang='lat' dir='ltr'>inde</span> <span class='ocrx_word' id='word_1_276' title='bbox 1592 1948 1808 2002; x_wconf 86' lang='lat' dir='ltr'>expulsus</span> 
     </span>
    </p>

    <p class='ocr_par' dir='ltr' id='par_1_6' title="bbox 322 2008 1864 2066">
     <span class='ocr_line' id='line_1_30' title="bbox 322 2008 1864 2066; baseline 0.001 -14"><span class='ocrx_word' id='word_1_277' title='bbox 322 2018 417 2063; x_wconf 89' lang='lat' dir='ltr'>est;</span> <span class='ocrx_word' id='word_1_278' title='bbox 451 2012 507 2054; x_wconf 94' lang='lat' dir='ltr'>de</span> <span class='ocrx_word' id='word_1_279' title='bbox 533 2013 690 2066; x_wconf 87' lang='lat' dir='ltr'>quibus</span> <span class='ocrx_word' id='word_1_280' title='bbox 716 2013 779 2054; x_wconf 92' lang='lat' dir='ltr'>ita</span> <span class='ocrx_word' id='word_1_281' title='bbox 805 2013 922 2066; x_wconf 92' lang='lat' dir='ltr'>apud</span> <span class='ocrx_word' id='word_1_282' title='bbox 953 2012 1138 2053; x_wconf 87' lang='lat' dir='ltr'>Mosen:</span> <span class='ocrx_word' id='word_1_283' title='bbox 1859 2008 1864 2013; x_wconf 56' lang='lat'>⁵</span> 
     </span>
    </p>
   </div>
   <div class='ocr_carea' id='block_1_6' title="bbox 387 2114 1810 2242">
    <p class='ocr_par' dir='ltr' id='par_1_7' title="bbox 387 2114 1810 2242">
     <span class='ocr_line' id='line_1_31' title="bbox 387 2114 1809 2157; baseline 0 -10"><span class='ocrx_word' id='word_1_284' title='bbox 387 2115 510 2147; x_wconf 86' lang='lat' dir='ltr'>“Cum</span> <span class='ocrx_word' id='word_1_285' title='bbox 521 2115 540 2127; x_wconf 87' lang='lat'>&#39;&#39;</span> <span class='ocrx_word' id='word_1_286' title='bbox 557 2115 719 2157; x_wconf 85' lang='lat' dir='ltr'>Jehovah</span> <span class='ocrx_word' id='word_1_287' title='bbox 738 2115 834 2147; x_wconf 90' lang='lat' dir='ltr'>Deus</span> <span class='ocrx_word' id='word_1_288' title='bbox 855 2115 1082 2156; x_wconf 85' lang='lat' dir='ltr'>“expulisset</span> <span class='ocrx_word' id='word_1_289' title='bbox 1105 2115 1300 2153; x_wconf 88' lang='lat' dir='ltr'>hominem,</span> <span class='ocrx_word' id='word_1_290' title='bbox 1320 2114 1480 2146; x_wconf 90' lang='lat' dir='ltr'>habitare</span> <span class='ocrx_word' id='word_1_291' title='bbox 1504 2114 1588 2146; x_wconf 82' lang='lat' dir='ltr'>fecit</span> <span class='ocrx_word' id='word_1_292' title='bbox 1610 2115 1655 2146; x_wconf 92' lang='lat' dir='ltr'>ab</span> <span class='ocrx_word' id='word_1_293' title='bbox 1671 2114 1809 2147; x_wconf 89' lang='lat' dir='ltr'>oriente</span> 
     </span>
     <span class='ocr_line' id='line_1_32' title="bbox 494 2158 1810 2198; baseline -0.001 -8"><span class='ocrx_word' id='word_1_294' title='bbox 494 2158 626 2190; x_wconf 88' lang='lat' dir='ltr'>Edenis</span> <span class='ocrx_word' id='word_1_295' title='bbox 643 2159 828 2197; x_wconf 86' lang='lat' dir='ltr'>cherubos,</span> <span class='ocrx_word' id='word_1_296' title='bbox 849 2165 884 2190; x_wconf 91' lang='lat' dir='ltr'>et</span> <span class='ocrx_word' id='word_1_297' title='bbox 900 2159 1080 2190; x_wconf 89' lang='lat' dir='ltr'>flammam</span> <span class='ocrx_word' id='word_1_298' title='bbox 1098 2159 1206 2198; x_wconf 90' lang='lat' dir='ltr'>gladii</span> <span class='ocrx_word' id='word_1_299' title='bbox 1222 2159 1304 2190; x_wconf 90' lang='lat' dir='ltr'>hinc</span> <span class='ocrx_word' id='word_1_300' title='bbox 1321 2158 1402 2189; x_wconf 92' lang='lat' dir='ltr'>inde</span> <span class='ocrx_word' id='word_1_301' title='bbox 1415 2158 1587 2189; x_wconf 87' lang='lat' dir='ltr'>vertentis</span> <span class='ocrx_word' id='word_1_302' title='bbox 1604 2168 1654 2196; x_wconf 91' lang='lat' dir='ltr'>se,</span> <span class='ocrx_word' id='word_1_303' title='bbox 1671 2159 1716 2190; x_wconf 89' lang='lat' dir='ltr'>ad</span> <span class='ocrx_word' id='word_1_304' title='bbox 1732 2168 1810 2190; x_wconf 88' lang='lat' dir='ltr'>cus-</span> 
     </span>
     <span class='ocr_line' id='line_1_33' title="bbox 491 2200 1365 2242; baseline 0 -9"><span class='ocrx_word' id='word_1_305' title='bbox 491 2202 698 2234; x_wconf 91' lang='lat' dir='ltr'>todiendum</span> <span class='ocrx_word' id='word_1_306' title='bbox 715 2202 809 2233; x_wconf 91' lang='lat' dir='ltr'>viam</span> <span class='ocrx_word' id='word_1_307' title='bbox 827 2202 963 2233; x_wconf 87' lang='lat' dir='ltr'>arboris</span> <span class='ocrx_word' id='word_1_308' title='bbox 982 2202 1097 2234; x_wconf 88' lang='lat' dir='ltr'>vitae&#39;’</span> <span class='ocrx_word' id='word_1_309' title='bbox 1114 2201 1210 2242; x_wconf 84' lang='lat' dir='ltr'>(Ge-n.</span> <span class='ocrx_word' id='word_1_310' title='bbox 1227 2202 1273 2233; x_wconf 85' lang='lat' dir='ltr'>iii.</span> <span class='ocrx_word' id='word_1_311' title='bbox 1291 2200 1365 2242; x_wconf 82' lang='lat'><strong>24);</strong></span> 
     </span>
    </p>
   </div>
   <div class='ocr_carea' id='block_1_7' title="bbox 318 2305 1809 3052">
    <p class='ocr_par' dir='ltr' id='par_1_8' title="bbox 318 2305 1809 3052">
     <span class='ocr_line' id='line_1_34' title="bbox 318 2305 1809 2360; baseline 0.001 -14"><span class='ocrx_word' id='word_1_312' title='bbox 318 2305 421 2360; x_wconf 92' lang='lat' dir='ltr'>quid</span> <span class='ocrx_word' id='word_1_313' title='bbox 449 2319 527 2359; x_wconf 90' lang='lat' dir='ltr'>per</span> <span class='ocrx_word' id='word_1_314' title='bbox 551 2306 852 2347; x_wconf 91' lang='lat' dir='ltr'>“hominem&#39;&#39;</span> <span class='ocrx_word' id='word_1_315' title='bbox 875 2312 921 2347; x_wconf 88' lang='lat' dir='ltr'>et</span> <span class='ocrx_word' id='word_1_316' title='bbox 947 2305 1039 2359; x_wconf 84' lang='lat' dir='ltr'>ejus</span> <span class='ocrx_word' id='word_1_317' title='bbox 1064 2305 1324 2347; x_wconf 86' lang='lat' dir='ltr'>“uxorem’&#39;</span> <span class='ocrx_word' id='word_1_318' title='bbox 1345 2306 1389 2346; x_wconf 91' lang='lat' dir='ltr'>in</span> <span class='ocrx_word' id='word_1_319' title='bbox 1415 2306 1466 2346; x_wconf 89' lang='lat' dir='ltr'>iis</span> <span class='ocrx_word' id='word_1_320' title='bbox 1492 2307 1715 2360; x_wconf 89' lang='lat' dir='ltr'>capitibus</span> <span class='ocrx_word' id='word_1_321' title='bbox 1740 2307 1809 2347; x_wconf 92' lang='lat' dir='ltr'>in-</span> 
     </span>
     <span class='ocr_line' id='line_1_35' title="bbox 319 2368 1809 2423; baseline 0.001 -14"><span class='ocrx_word' id='word_1_322' title='bbox 319 2368 555 2422; x_wconf 90' lang='lat' dir='ltr'>telligitur,</span> <span class='ocrx_word' id='word_1_323' title='bbox 573 2369 778 2410; x_wconf 90' lang='lat' dir='ltr'>videatur</span> <span class='ocrx_word' id='word_1_324' title='bbox 793 2369 1073 2423; x_wconf 86' lang='lat' dir='ltr'>explicatum</span> <span class='ocrx_word' id='word_1_325' title='bbox 1091 2370 1134 2410; x_wconf 90' lang='lat' dir='ltr'>in</span> <span class='ocrx_word' id='word_1_326' title='bbox 1152 2368 1350 2410; x_wconf 74' lang='lat' dir='ltr'>Arcanis</span> <span class='ocrx_word' id='word_1_327' title='bbox 1368 2368 1405 2410; x_wconf 88' lang='lat' dir='ltr'><em>C</em></span> <span class='ocrx_word' id='word_1_328' title='bbox 1406 2369 1662 2418; x_wconf 81' lang='lat' dir='ltr'>aelestz‘bus,·</span> <span class='ocrx_word' id='word_1_329' title='bbox 1689 2370 1809 2423; x_wconf 91' lang='lat' dir='ltr'>quod</span> 
     </span>
     <span class='ocr_line' id='line_1_36' title="bbox 320 2432 1808 2488; baseline 0.001 -16"><span class='ocrx_word' id='word_1_330' title='bbox 320 2446 482 2486; x_wconf 89' lang='lat' dir='ltr'>nempe</span> <span class='ocrx_word' id='word_1_331' title='bbox 509 2447 587 2486; x_wconf 89' lang='lat' dir='ltr'>per</span> <span class='ocrx_word' id='word_1_332' title='bbox 616 2433 916 2474; x_wconf 89' lang='lat' dir='ltr'>“hominem&#39;&#39;</span> <span class='ocrx_word' id='word_1_333' title='bbox 941 2433 1000 2474; x_wconf 90' lang='lat' dir='ltr'>ibi</span> <span class='ocrx_word' id='word_1_334' title='bbox 1028 2433 1310 2486; x_wconf 86' lang='lat' dir='ltr'>intelligatur</span> <span class='ocrx_word' id='word_1_335' title='bbox 1336 2432 1544 2474; x_wconf 89' lang='lat' dir='ltr'>Ecclesia</span> <span class='ocrx_word' id='word_1_336' title='bbox 1570 2433 1808 2488; x_wconf 89' lang='lat' dir='ltr'>Antiquis—</span> 
     </span>
     <span class='ocr_line' id='line_1_37' title="bbox 319 2495 1809 2549; baseline 0.001 -13"><span class='ocrx_word' id='word_1_337' title='bbox 319 2496 444 2544; x_wconf 91' lang='lat' dir='ltr'>sima,</span> <span class='ocrx_word' id='word_1_338' title='bbox 484 2510 598 2549; x_wconf 92' lang='lat' dir='ltr'>quae</span> <span class='ocrx_word' id='word_1_339' title='bbox 636 2502 733 2537; x_wconf 91' lang='lat' dir='ltr'>erat</span> <span class='ocrx_word' id='word_1_340' title='bbox 771 2495 964 2537; x_wconf 89' lang='lat' dir='ltr'>ecclesia</span> <span class='ocrx_word' id='word_1_341' title='bbox 1000 2496 1211 2537; x_wconf 86' lang='lat' dir='ltr'>caelestis</span> <span class='ocrx_word' id='word_1_342' title='bbox 1232 2510 1241 2547; x_wconf 81' lang='lat'><em>3</em></span> <span class='ocrx_word' id='word_1_343' title='bbox 1285 2502 1331 2537; x_wconf 88' lang='lat' dir='ltr'>et</span> <span class='ocrx_word' id='word_1_344' title='bbox 1369 2495 1560 2537; x_wconf 89' lang='lat' dir='ltr'>ecclesia</span> <span class='ocrx_word' id='word_1_345' title='bbox 1597 2497 1809 2538; x_wconf 90' lang='lat' dir='ltr'>caelestis</span> 
     </span>
     <span class='ocr_line' id='line_1_38' title="bbox 320 2552 1808 2613; baseline 0.001 -14"><span class='ocrx_word' id='word_1_346' title='bbox 320 2558 610 2612; x_wconf 88' lang='lat' dir='ltr'>distinguitur</span> <span class='ocrx_word' id='word_1_347' title='bbox 628 2559 684 2600; x_wconf 91' lang='lat' dir='ltr'>ab</span> <span class='ocrx_word' id='word_1_348' title='bbox 702 2559 894 2600; x_wconf 89' lang='lat' dir='ltr'>ecclesia</span> <span class='ocrx_word' id='word_1_349' title='bbox 911 2559 1129 2613; x_wconf 85' lang='lat' dir='ltr'>spirituali</span> <span class='ocrx_word' id='word_1_350' title='bbox 1150 2560 1194 2600; x_wconf 91' lang='lat' dir='ltr'>in</span> <span class='ocrx_word' id='word_1_351' title='bbox 1217 2573 1285 2608; x_wconf 92' lang='lat' dir='ltr'>eo,</span> <span class='ocrx_word' id='word_1_352' title='bbox 1306 2552 1433 2613; x_wconf 78' lang='lat' dir='ltr'>quod</span> <span class='ocrx_word' id='word_1_353' title='bbox 1447 2559 1523 2600; x_wconf 90' lang='lat' dir='ltr'>illa</span> <span class='ocrx_word' id='word_1_354' title='bbox 1542 2560 1598 2600; x_wconf 92' lang='lat' dir='ltr'>sit</span> <span class='ocrx_word' id='word_1_355' title='bbox 1621 2561 1664 2600; x_wconf 90' lang='lat' dir='ltr'>in</span> <span class='ocrx_word' id='word_1_356' title='bbox 1687 2560 1808 2601; x_wconf 92' lang='lat' dir='ltr'>bono</span> 
     </span>
     <span class='ocr_line' id='line_1_39' title="bbox 321 2622 1808 2676; baseline 0.001 -14"><span class='ocrx_word' id='word_1_357' title='bbox 321 2622 485 2662; x_wconf 86' lang='lat' dir='ltr'>amoris</span> <span class='ocrx_word' id='word_1_358' title='bbox 515 2622 560 2662; x_wconf 91' lang='lat' dir='ltr'>in</span> <span class='ocrx_word' id='word_1_359' title='bbox 593 2622 852 2671; x_wconf 91' lang='lat' dir='ltr'>Dominum,</span> <span class='ocrx_word' id='word_1_360' title='bbox 879 2622 992 2663; x_wconf 88' lang='lat' dir='ltr'>haec</span> <span class='ocrx_word' id='word_1_361' title='bbox 1025 2628 1178 2663; x_wconf 89' lang='lat' dir='ltr'>autem</span> <span class='ocrx_word' id='word_1_362' title='bbox 1209 2622 1254 2662; x_wconf 92' lang='lat' dir='ltr'>in</span> <span class='ocrx_word' id='word_1_363' title='bbox 1285 2622 1406 2663; x_wconf 90' lang='lat' dir='ltr'>bono</span> <span class='ocrx_word' id='word_1_364' title='bbox 1432 2622 1667 2663; x_wconf 85' lang='lat' dir='ltr'>charitatis</span> <span class='ocrx_word' id='word_1_365' title='bbox 1700 2637 1808 2676; x_wconf 89' lang='lat' dir='ltr'>erga</span> 
     </span>
     <span class='ocr_line' id='line_1_40' title="bbox 320 2683 1806 2736; baseline 0.001 -13"><span class='ocrx_word' id='word_1_366' title='bbox 320 2683 579 2736; x_wconf 80' lang='lat' dir='ltr'>pI‘Oleum</span> <span class='ocrx_word' id='word_1_367' title='bbox 602 2694 759 2732; x_wconf 84' lang='lat' dir='ltr'>(videatur</span> <span class='ocrx_word' id='word_1_368' title='bbox 772 2695 804 2723; x_wconf 89' lang='lat' dir='ltr'>in</span> <span class='ocrx_word' id='word_1_369' title='bbox 817 2703 913 2732; x_wconf 87' lang='lat' dir='ltr'>opere</span> <span class='ocrx_word' id='word_1_370' title='bbox 928 2695 977 2723; x_wconf 84' lang='lat' dir='ltr'>De</span> <span class='ocrx_word' id='word_1_371' title='bbox 992 2694 1082 2724; x_wconf 85' lang='lat' dir='ltr'>Caelo</span> <span class='ocrx_word' id='word_1_372' title='bbox 1094 2697 1124 2723; x_wconf 82' lang='lat' dir='ltr'>ct</span> <span class='ocrx_word' id='word_1_373' title='bbox 1134 2695 1270 2733; x_wconf 84' lang='lat' dir='ltr'>lnferno,</span> <span class='ocrx_word' id='word_1_374' title='bbox 1283 2703 1314 2724; x_wconf 91' lang='lat' dir='ltr'>n.</span> <span class='ocrx_word' id='word_1_375' title='bbox 1329 2694 1454 2733; x_wconf 89' lang='lat'><strong>20-28).</strong></span> <span class='ocrx_word' id='word_1_376' title='bbox 1513 2683 1595 2729; x_wconf 60' lang='lat' dir='ltr'>EX,</span> <span class='ocrx_word' id='word_1_377' title='bbox 1611 2684 1806 2724; x_wconf 73' lang='lat' dir='ltr'>homini-</span> 
     </span>
     <span class='ocr_line' id='line_1_41' title="bbox 320 2747 1807 2800; baseline 0.001 -13"><span class='ocrx_word' id='word_1_378' title='bbox 320 2747 402 2787; x_wconf 90' lang='lat' dir='ltr'>bus</span> <span class='ocrx_word' id='word_1_379' title='bbox 425 2748 498 2800; x_wconf 88' lang='lat' dir='ltr'>qui</span> <span class='ocrx_word' id='word_1_380' title='bbox 523 2747 691 2789; x_wconf 88' lang='lat' dir='ltr'>faciunt</span> <span class='ocrx_word' id='word_1_381' title='bbox 717 2748 845 2789; x_wconf 89' lang='lat' dir='ltr'>binas</span> <span class='ocrx_word' id='word_1_382' title='bbox 867 2747 967 2788; x_wconf 92' lang='lat' dir='ltr'>illas</span> <span class='ocrx_word' id='word_1_383' title='bbox 989 2747 1203 2789; x_wconf 89' lang='lat' dir='ltr'>ecclesias</span> <span class='ocrx_word' id='word_1_384' title='bbox 1229 2749 1274 2789; x_wconf 91' lang='lat' dir='ltr'>in</span> <span class='ocrx_word' id='word_1_385' title='bbox 1296 2749 1425 2789; x_wconf 90' lang='lat' dir='ltr'>terris</span> <span class='ocrx_word' id='word_1_386' title='bbox 1447 2748 1695 2789; x_wconf 88' lang='lat' dir='ltr'>formantur</span> <span class='ocrx_word' id='word_1_387' title='bbox 1716 2750 1807 2789; x_wconf 89' lang='lat' dir='ltr'>bini</span> 
     </span>
     <span class='ocr_line' id='line_1_42' title="bbox 320 2809 1806 2865; baseline 0.002 -15"><span class='ocrx_word' id='word_1_388' title='bbox 320 2809 432 2851; x_wconf 87' lang='lat' dir='ltr'>caeli</span> <span class='ocrx_word' id='word_1_389' title='bbox 464 2811 727 2864; x_wconf 89' lang='lat' dir='ltr'>superiores.</span> <span class='ocrx_word' id='word_1_390' title='bbox 801 2810 996 2864; x_wconf 83' lang='lat' dir='ltr'>Quando</span> <span class='ocrx_word' id='word_1_391' title='bbox 1029 2812 1180 2864; x_wconf 91' lang='lat' dir='ltr'>itaque</span> <span class='ocrx_word' id='word_1_392' title='bbox 1212 2811 1403 2852; x_wconf 87' lang='lat' dir='ltr'>ecclesia</span> <span class='ocrx_word' id='word_1_393' title='bbox 1430 2810 1658 2859; x_wconf 82' lang='lat' dir='ltr'>caelestis,</span> <span class='ocrx_word' id='word_1_394' title='bbox 1692 2825 1806 2865; x_wconf 90' lang='lat' dir='ltr'>quae</span> 
     </span>
     <span class='ocr_line' id='line_1_43' title="bbox 319 2872 1806 2927; baseline 0.001 -14"><span class='ocrx_word' id='word_1_395' title='bbox 319 2873 400 2914; x_wconf 87' lang='lat' dir='ltr'>fuit</span> <span class='ocrx_word' id='word_1_396' title='bbox 427 2872 758 2926; x_wconf 88' lang='lat' dir='ltr'>Antiquissima</span> <span class='ocrx_word' id='word_1_397' title='bbox 783 2880 829 2914; x_wconf 90' lang='lat' dir='ltr'>et</span> <span class='ocrx_word' id='word_1_398' title='bbox 862 2874 1071 2927; x_wconf 89' lang='lat' dir='ltr'>primaria</span> <span class='ocrx_word' id='word_1_399' title='bbox 1101 2874 1146 2914; x_wconf 92' lang='lat' dir='ltr'>in</span> <span class='ocrx_word' id='word_1_400' title='bbox 1174 2874 1258 2915; x_wconf 88' lang='lat' dir='ltr'>hac</span> <span class='ocrx_word' id='word_1_401' title='bbox 1285 2874 1461 2922; x_wconf 89' lang='lat' dir='ltr'>tellure,</span> <span class='ocrx_word' id='word_1_402' title='bbox 1490 2873 1732 2915; x_wconf 89' lang='lat' dir='ltr'>declinavit</span> <span class='ocrx_word' id='word_1_403' title='bbox 1759 2881 1806 2915; x_wconf 89' lang='lat' dir='ltr'>et</span> 
     </span>
     <span class='ocr_line' id='line_1_44' title="bbox 320 2936 1806 2990; baseline 0.001 -14"><span class='ocrx_word' id='word_1_404' title='bbox 320 2937 487 2989; x_wconf 89' lang='lat' dir='ltr'>incepit</span> <span class='ocrx_word' id='word_1_405' title='bbox 509 2936 719 2977; x_wconf 88' lang='lat' dir='ltr'>recedere</span> <span class='ocrx_word' id='word_1_406' title='bbox 741 2950 767 2976; x_wconf 93' lang='lat' dir='ltr'>a</span> <span class='ocrx_word' id='word_1_407' title='bbox 788 2937 908 2977; x_wconf 91' lang='lat' dir='ltr'>bono</span> <span class='ocrx_word' id='word_1_408' title='bbox 930 2937 1108 2986; x_wconf 88' lang='lat' dir='ltr'>amoris,</span> <span class='ocrx_word' id='word_1_409' title='bbox 1128 2943 1235 2978; x_wconf 91' lang='lat' dir='ltr'>tunc</span> <span class='ocrx_word' id='word_1_410' title='bbox 1259 2937 1420 2978; x_wconf 91' lang='lat' dir='ltr'>dicitur</span> <span class='ocrx_word' id='word_1_411' title='bbox 1442 2937 1560 2990; x_wconf 92' lang='lat' dir='ltr'>quod</span> <span class='ocrx_word' id='word_1_412' title='bbox 1586 2940 1610 2957; x_wconf 88' lang='lat'><strong>“</strong></span> <span class='ocrx_word' id='word_1_413' title='bbox 1624 2936 1806 2978; x_wconf 91' lang='lat' dir='ltr'>cherubi</span> 
     </span>
     <span class='ocr_line' id='line_1_45' title="bbox 321 2997 1804 3052; baseline 0.001 -13"><span class='ocrx_word' id='word_1_414' title='bbox 321 2998 526 3039; x_wconf 88' lang='lat' dir='ltr'>habitare</span> <span class='ocrx_word' id='word_1_415' title='bbox 548 2997 652 3039; x_wconf 65' lang='lat' dir='ltr'>facti</span> <span class='ocrx_word' id='word_1_416' title='bbox 675 2999 764 3040; x_wconf 91' lang='lat' dir='ltr'>sint</span> <span class='ocrx_word' id='word_1_417' title='bbox 788 2999 844 3039; x_wconf 94' lang='lat' dir='ltr'>ab</span> <span class='ocrx_word' id='word_1_418' title='bbox 867 3000 1039 3040; x_wconf 90' lang='lat' dir='ltr'>oriente</span> <span class='ocrx_word' id='word_1_419' title='bbox 1062 2999 1246 3049; x_wconf 90' lang='lat' dir='ltr'>Edenis‚</span> <span class='ocrx_word' id='word_1_420' title='bbox 1271 3006 1317 3040; x_wconf 92' lang='lat' dir='ltr'>et</span> <span class='ocrx_word' id='word_1_421' title='bbox 1344 3000 1522 3040; x_wconf 90' lang='lat' dir='ltr'>flamma</span> <span class='ocrx_word' id='word_1_422' title='bbox 1545 2999 1683 3052; x_wconf 89' lang='lat' dir='ltr'>gladii</span> <span class='ocrx_word' id='word_1_423' title='bbox 1705 3014 1804 3040; x_wconf 88' lang='lat' dir='ltr'>ver-</span> 
     </span>
    </p>
   </div>
  </div>
 </body>
</html>
