2060 3476
255 337 308 392 56
374 338 378 343 '
666 345 1000 378 APOCALYPSIS
1032 345 1331 377 EXPLICATA.

250 461 370 516 quod
402 460 554 502 omnia
585 474 701 515 quae
738 460 782 501 in
815 459 943 501 caelo
975 459 1199 508 videntur,
1233 460 1323 500 sint
1355 461 1744 513 repraesentativa

249 530 296 565 et
319 523 645 577 significativa;
678 529 725 564 et
748 537 925 577 quoque
947 536 1061 576 quae
1084 522 1282 576 Johanni
1304 522 1399 563 visa
1421 529 1541 572 sunt,
1565 523 1621 564 de
1643 524 1740 577 qui-

249 589 332 629 bUS
358 588 402 628 in
418 587 707 640 Apocalypsi.
766 598 880 635 (Porro
896 598 1003 634 qualia
1016 602 1099 631 sunt.
1112 597 1183 626 sciri
1195 602 1300 635 potest
1312 606 1351 626 ex
1365 597 1425 626 illis
1437 606 1520 635 quae
1536 598 1587 627 De
1603 598 1743 636 Reprae-

248 652 408 680 sentativis
431 656 462 680 et
483 651 686 689 Apparentiis
705 651 736 679 in
752 651 861 685 Caelo,
881 651 913 679 in
933 659 1029 688 opere
1049 651 1100 680 De
1118 651 1208 680 Caelo
1229 654 1261 680 et
1281 651 1417 689 Inferna,
1438 659 1469 680 n.
1492 651 1640 687 170-176‚
1657 651 1744 681 dieta

249 714 279 738 et
294 715 420 740 ostensa
434 712 532 749 sunt.)
578 700 748 749 Homo,
765 713 866 740 cum
883 700 928 739 in
943 713 1133 753 corpore
1148 705 1234 749 est,
1252 713 1343 740 non
1357 700 1484 740 videt
1500 699 1612 740 talia
1626 713 1741 754 quae

250 762 294 802 in
321 761 449 802 caelo
472 767 576 802 sunt
603 762 685 802 nisi
711 761 938 814 aperiatur
963 761 1083 801 visus
1110 760 1201 814 ejus
1228 762 1434 814 spiritus;
1467 767 1514 802 et
1541 774 1643 802 cum
1668 761 1741 803 hic

249 825 460 878 aperitur,
478 830 584 866 tunc
598 824 736 864 videt.
790 823 861 864 Ita
875 823 987 864 vidit
1002 823 1234 876 Johannes
1249 824 1361 865 haec
1377 824 1549 878 quaein
1563 823 1741 876 Apoca-

235 882 608 940 htpsz'descripta
621 893 724 927 sunt
742 901 751 938 ;
779 892 825 927 et
840 900 1016 940 quoque
1031 886 1236 927 similiter
1250 887 1458 927 viderunt
1474 886 1740 940 prophetae,

250 950 323 1003 qui
354 949 455 990 ideo
482 950 634 990 vocati
660 955 764 990 sunt
794 948 1072 989 “videntes”
1099 955 1145 990 et
1174 949 1359 1003 “aperti
1385 949 1526 990 oculis
1544 949 1578 1000 ;’'
1604 949 1742 990 etiam

248 1013 313 1053 ita
339 1013 421 1053 visi
447 1019 551 1053 sunt
582 1012 733 1066 angeli
759 1012 954 1065 antiquis
981 1012 1273 1066 temporibus,
1302 1019 1348 1054 et
1374 1026 1550 1067 quoque
1582 1013 1645 1054 ita
1675 1013 1742 1053 vi-

250 1067 324 1116 sus
347 1082 417 1116 est
445 1075 666 1116 Dominus
689 1075 917 1128 discipulis
940 1082 1043 1129 post
1066 1074 1450 1117 resurreetionem.
1513 1076 1599 1117 Hic
1622 1076 1742 1117 visus

250 1145 321 1180 est
344 1140 464 1179 visus
487 1138 728 1192 spiritualis
750 1138 972 1189 hominis;
1005 1145 1052 1180 et
1074 1139 1176 1192 quia
1198 1145 1306 1180 tunc
1325 1145 1545 1192 apparent
1563 1153 1740 1194 reprae-

251 1202 477 1242 sentative
519 1202 683 1253 omnia,
718 1201 819 1242 ideo
858 1201 1091 1254 Johannes
1127 1202 1171 1242 in
1207 1201 1294 1242 hoc
1326 1201 1419 1242 fuit.
1483 1200 1638 1242 Homo
1669 1203 1741 1256 qui

250 1277 340 1304 non
367 1265 453 1305 scit
480 1264 647 1318 aliquid
679 1265 734 1306 de
767 1264 852 1305 hoc
877 1265 987 1314 visu,
1016 1265 1159 1306 credit
1186 1264 1307 1318 quod
1338 1264 1503 1318 angeli,
1528 1278 1629 1305 cum
1660 1265 1742 1305 visi

244 1327 427 1383 *suerunt
468 1327 739 1377 hominibus,
782 1328 1112 1381 assumpserint
1149 1327 1395 1368 humanam
1431 1327 1648 1377 sormam;
1695 1333 1742 1368 et

251 1403 351 1430 cum
370 1404 393 1430 e
411 1388 657 1443 conspectu
676 1403 830 1431 eorum
850 1396 1144 1440 evanuerunt,
1164 1390 1284 1444 quod
1302 1393 1402 1431 eam
1421 1390 1737 1443 deposuerint:

251 1453 330 1493 sed
363 1466 453 1493 non
490 1454 554 1494 ita
591 1459 692 1504 est;
724 1467 879 1494 verum
918 1453 1069 1506 angeli
1107 1459 1214 1494 tunc
1253 1459 1555 1506 apparuerunt
1587 1453 1632 1494 in
1663 1466 1744 1494 sua

249 1515 404 1564 forma,
433 1529 547 1570 quae
574 1522 644 1557 est
671 1515 884 1565 humana,
909 1529 999 1556 non
1026 1529 1178 1556 coram
1200 1516 1297 1556 visu
1319 1515 1552 1556 oculorum
1579 1529 1742 1569 corpo-

248 1578 306 1618 ris
333 1578 413 1619 sed
445 1591 598 1619 coram
629 1579 726 1619 visu
759 1579 941 1632 spiritus
973 1592 1142 1628 eorum,
1170 1579 1243 1632 qui
1274 1579 1394 1620 visus
1426 1585 1533 1620 tunc
1568 1579 1743 1633 aperie-

249 1641 393 1682 batur.
457 1640 558 1682 Hoc
585 1640 705 1682 clare
733 1647 944 1683 constare
971 1648 1126 1696 potest

317 1746 368 1778 Ex
384 1746 463 1778 viso
485 1746 641 1778 Domino
661 1757 683 1778 a
698 1747 891 1788 discipulis,
906 1747 965 1788 qui
985 1748 1078 1789 quod
1100 1746 1222 1779 Homo
1235 1753 1330 1779 esset
1347 1747 1381 1779 in
1399 1734 1498 1779 ornni
1517 1746 1642 1787 forma,
1661 1746 1744 1789 Ipse

423 1791 579 1822 ostendit
599 1790 667 1822 illis
687 1791 783 1831 (Luc.
803 1791 897 1823 xxiv.
915 1799 978 1831 39;
1006 1791 1088 1833 Jolz.
1105 1801 1162 1823 xx.
1180 1792 1322 1831 20-28);

250 1902 297 1937 et
324 1910 466 1950 usque
497 1895 730 1937 invisibilis
761 1894 904 1937 fastus
936 1902 1035 1937 est:
1069 1909 1170 1937 cum
1193 1897 1312 1937 enim
1337 1896 1545 1938 viderunt
1573 1896 1740 1950 Ipsum,

251 1960 395 2012 aperti
421 1966 526 1999 sunt
550 1959 672 2000 oculi
699 1959 881 2012 spiritus
907 1972 1061 2000 eorum
1083 1974 1091 2010 ;
1124 1965 1172 2001 at
1204 1973 1306 2000 cum
1337 1959 1570 2000 invisibilis
1601 1957 1743 2000 faetus

251 2028 336 2069 est,
357 2027 464 2062 tunc
489 2021 627 2062 clausi
646 2028 750 2062 sunt
770 2021 833 2062 illi
855 2022 986 2062 oculi.
1049 2021 1186 2075 Quod
1213 2022 1318 2063 talis
1335 2022 1455 2063 visus
1479 2022 1650 2063 homini
1667 2023 1740 2071 sit,

251 2090 436 2125 constat
469 2084 577 2124 mihi
609 2098 667 2124 ex
700 2084 844 2125 multa
876 2085 1188 2138 experientia3
1221 2085 1372 2125 omnia
1402 2085 1521 2126 enim
1553 2099 1668 2139 quae
1698 2085 1743 2126 in

251 2146 387 2187 caelis
424 2146 528 2195 vidi,
562 2160 640 2199 per
677 2159 778 2187 eum
821 2148 964 2188 visum
1002 2148 1099 2189 visa
1138 2154 1270 2199 sunt;
1303 2153 1350 2189 et
1386 2153 1493 2189 tunc
1530 2148 1575 2188 in
1611 2147 1743 2189 simili

251 2214 376 2250 statu
398 2209 522 2262 vigili
555 2209 613 2250 sui
639 2210 683 2250 in
706 2224 794 2263 quo
819 2210 877 2250 sui
904 2223 1004 2251 cum
1028 2224 1119 2251 non
1144 2211 1265 2251 visa:
1298 2210 1378 2251 sed
1403 2210 1479 2251 ille
1501 2211 1621 2252 visus
1642 2225 1743 2252 raro

251 2271 382 2312 alicui
404 2272 600 2325 aperitur
626 2272 760 2313 hodie
790 2286 816 2313 a
842 2273 1056 2323 Domino,
1083 2287 1143 2314 ex
1168 2271 1367 2327 pluribus
1393 2274 1550 2314 causis.

329 2353 424 2398 54.
462 2343 532 2383 “ln
570 2344 774 2385 Dominioa
807 2345 1107 2398 diest—Quod
1138 2345 1366 2398 significet
1394 2345 1616 2386 Divinum
1645 2351 1746 2387 tunc

251 2405 480 2460 influxum,
500 2412 683 2447 constat
709 2421 768 2448 ex
794 2406 1128 2460 significatione
1154 2408 1279 2448 “diei
1302 2407 1606 2457 Dominicae‚’'
1624 2408 1744 2462 quod

254 2471 312 2510 sit
339 2482 441 2510 cum
467 2468 688 2509 Dominus
714 2470 896 2510 instruit
923 2469 1170 2518 hominem,
1199 2471 1264 2510 ita
1289 2483 1391 2511 cum
1417 2470 1573 2511 influit.
1634 2470 1744 2511 Dies

253 2532 494 2573 Dominica
519 2538 589 2572 est
612 2532 708 2572 dies
734 2531 950 2584 Sabbati3
984 2540 1031 2573 et
1055 2532 1308 2574 Sabbatum
1333 2534 1378 2574 in
1400 2532 1603 2574 ecclesiis
1625 2534 1743 2574 anti-

254 2595 368 2648 quis,
392 2608 506 2648 quae
531 2594 708 2635 fuerunt
736 2595 956 2636 ecclesiae
978 2596 1407 2648 repraesentativae‚
1432 2602 1529 2636 erat
1553 2594 1744 2637 sanetis-

253 2659 414 2698 simum
446 2656 608 2705 cultus,
640 2671 699 2697 ex
732 2671 868 2698 causa
899 2659 1002 2711 quia
1033 2658 1318 2711 significabat
1350 2659 1561 2699 unionem
1594 2658 1744 2699 Divini

253 2727 299 2761 et
344 2720 543 2760 Humani
586 2720 630 2760 in
676 2719 888 2769 Domino,
932 2727 979 2761 et
1024 2722 1128 2762 inde
1164 2735 1341 2775 quoque
1381 2719 1744 2774 conjunctionem

254 2781 406 2822 Divini
429 2780 630 2821 Humani
653 2781 798 2834 Ipsius
816 2794 918 2821 cum
936 2782 1067 2822 caelo
1086 2792 1244 2830 (videatur
1254 2802 1286 2822 n.
1302 2795 1391 2831 8494,
1405 2795 1494 2831 8495,
1509 2792 1617 2830 10356,
1634 2792 1743 2830 10360.

254 2862 486 2892 10370,10374.
509 2854 639 2892 10668):
667 2843 747 2883 sed
769 2850 1015 2897 postquam
1041 2844 1265 2884 Dominus
1291 2845 1435 2886 univit
1458 2857 1588 2885 suum
1613 2843 1742 2884 Divi-

253 2921 358 2948 num
374 2920 475 2948 cum
490 2921 570 2948 suo
586 2907 814 2957 Humano,
830 2913 937 2948 tunc
957 2907 1163 2949 sanctum
1180 2908 1290 2949 illud
1304 2908 1742 2962 repraesentativum

253 2968 464 3019 cessavit,
491 2981 542 3010 ac
570 2969 665 3010 dies
696 2968 773 3010 ille
802 2967 945 3010 factus
975 2975 1047 3010 est
1077 2969 1173 3010 dies
1203 2969 1513 3011 instructionis
1544 2978 1738 3020 (n.10360).
