2060 3476
715 369 822 402 CAP.
846 370 906 410 v.,
930 369 1069 402 VERS.
1097 370 1238 402 1.--N.
1262 371 1357 414 297,
1702 371 1776 414 501

289 483 510 524 Dominus
525 484 672 537 quoad
691 483 903 525 Divinum
922 483 1112 533 Bonum,
1130 490 1176 525 et
1196 498 1275 537 per
1291 482 1542 536 “Agnum”
1558 482 1779 523 Dominus

287 547 436 600 quoad
469 546 658 588 Divinus
684 546 882 588 Verum:
916 553 1021 588 sunt
1053 547 1173 588 enim
1204 547 1294 587 duo
1324 560 1438 600 quae
1470 546 1722 599 procedunt
1753 559 1780 586 a

288 609 486 651 Domino
509 617 557 652 ut
580 609 686 651 Sole
707 610 835 659 caeli,
859 623 1022 663 nempe
1049 610 1261 651 Divinum
1288 610 1464 651 Bonum
1487 623 1538 650 ac
1567 609 1779 650 Divinum

287 672 489 724 Verum;
533 673 745 714 Divinum
784 673 960 714 Bonum
997 686 1024 714 a
1060 672 1259 713 Domino
1295 679 1485 714 vocatur
1524 672 1700 713 “Pater
1735 673 1779 712 in

286 736 463 784 caelis,’'
494 743 542 777 et
572 736 643 777 hic
675 735 946 789 intelligitur
977 749 1056 789 per
1090 734 1378 777 “Sedentem
1410 749 1542 788 super
1573 735 1780 784 throno,''

285 812 338 840 ac
371 799 583 840 Divinum
615 799 787 841 Verum
818 813 845 840 a
876 799 1075 840 Domino
1105 805 1296 840 vocatur
1329 798 1510 839 “Filius
1543 797 1778 847 hominis‚’'

285 862 357 903 hic
390 869 542 903 autem
577 862 782 916 “Agnus
802 862 836 914 ;'’
877 869 924 904 et
955 863 1058 916 quia
1094 862 1308 903 Divinum
1342 861 1519 902 Bonum
1551 862 1778 902 neminem

278 925 467 978 judicat,
488 926 567 966 sed
591 925 1013 975 Divinum-Verum,
1032 925 1136 967 ideo
1158 925 1229 966 hic
1253 925 1415 965 dicitur
1437 924 1557 978 quod
1583 923 1778 976 “Agnus

284 989 512 1042 acceperit
535 988 695 1029 librum
717 1002 744 1029 a
765 988 966 1030 Sedente
988 1002 1122 1042 super
1139 987 1345 1029 throno.”
1406 986 1542 1040 Quod
1565 986 1778 1027 Divinum

285 1050 462 1092 Bonum
488 1052 715 1092 neminem
743 1051 914 1104 judicet
942 1052 1023 1092 sed
1055 1051 1268 1092 Divinum
1295 1050 1481 1099 Verum,
1509 1049 1778 1102 intelligitur

283 1127 363 1167 per
388 1113 571 1155 Domini
596 1114 735 1155 verba
760 1114 879 1168 apud
905 1114 1174 1164 Johannem,

360 1202 471 1234 “Non
486 1202 594 1234 Pater
604 1202 739 1244 judicat
755 1213 980 1244 quemquam,
997 1203 1061 1235 sed
1078 1213 1186 1235 omne
1202 1202 1375 1244 judicium
1388 1202 1487 1234 dedit
1501 1201 1592 1234 Filio
1596 1226 1688 1241 .....
1696 1202 1779 1243 quia

459 1246 570 1279 Filius
585 1246 744 1279 hominis
761 1246 844 1279 est'¹
861 1248 909 1287 (v.
925 1255 977 1285 22,
993 1248 1067 1287 27);

283 1346 362 1385 per
400 1332 650 1374 “Patrem”
684 1332 957 1386 intelligitur
992 1333 1214 1374 Dominus
1251 1333 1400 1387 quoad
1438 1332 1651 1373 Divinum
1688 1332 1777 1373 Bo-

283 1408 404 1445 num,
438 1402 485 1437 et
517 1410 597 1450 per
631 1395 834 1437 “Filium
867 1395 1093 1437 hominis''
1127 1396 1349 1437 Dominus
1382 1396 1531 1450 quoad
1564 1395 1778 1436 Divinum

283 1458 468 1500 Verum.
525 1458 660 1513 Quod
679 1460 892 1501 Divinum
911 1459 1087 1500 Bonum
1106 1473 1196 1500 non
1209 1459 1381 1512 judicet
1400 1471 1687 1513 quemquam,
1706 1464 1777 1501 est

282 1522 386 1575 quia
419 1521 530 1563 illud
566 1522 780 1577 explorat
811 1523 1064 1574 neminem;
1107 1523 1187 1564 sed
1225 1522 1438 1563 Divinum
1470 1521 1657 1571 Verum,
1687 1521 1776 1562 hoc

282 1586 402 1626 enim
419 1586 632 1639 explorat
650 1587 1006 1640 unumquemvis.
1068 1585 1136 1627 At
1159 1599 1299 1640 usque
1317 1585 1550 1626 sciendum
1568 1591 1638 1626 est
1657 1584 1777 1639 quod

282 1648 386 1702 Ipse
418 1649 640 1690 Dominus
672 1663 754 1691 nec
781 1649 952 1703 judicet
984 1649 1180 1703 aliquem
1212 1663 1271 1690 ex
1305 1649 1471 1690 Divino
1499 1648 1624 1689 Vero
1656 1648 1776 1702 quod

281 1713 488 1765 procedit
515 1713 573 1753 ab
599 1713 719 1767 Ipso,
742 1713 829 1754 hoc
852 1714 971 1754 enim
994 1714 1169 1754 unitum
1191 1719 1262 1754 est
1290 1712 1456 1753 Divino
1483 1711 1612 1752 Bono
1637 1711 1702 1752 ita
1728 1718 1776 1752 ut

282 1776 372 1817 sint
400 1789 550 1825 unum,
578 1776 658 1817 sed
683 1776 804 1830 quod
835 1775 974 1816 homo
1005 1776 1187 1828 spiritus
1218 1789 1266 1816 se
1298 1776 1444 1828 ipsum
1471 1774 1673 1827 judicet;
1706 1781 1776 1819 est

280 1838 401 1879 ,enim
424 1838 637 1879 Divinum
655 1838 826 1879 Verum
848 1839 905 1879 ab
922 1839 1020 1892 ipso
1038 1844 1271 1891 receptum
1290 1838 1410 1892 quod
1432 1837 1558 1878 illum
1575 1837 1774 1890 judicat;

282 1908 329 1943 et
355 1902 440 1943 hoc
468 1903 571 1956 quia
595 1909 785 1956 apparet
812 1903 928 1944 sicut
958 1902 1180 1942 Dominus
1206 1901 1393 1955 judicet,
1421 1901 1524 1941 ideo
1549 1901 1595 1941 in
1621 1900 1776 1957 Verbo

281 1966 444 2007 dicitur
461 1966 581 2020 quod
599 1979 756 2007 omnes
769 1965 1025 2018 judicentur
1042 1979 1067 2006 a
1086 1965 1308 2006 Domino:
1339 1964 1425 2005 hoe
1444 1978 1620 2018 quoque
1639 1964 1775 2005 docet

281 2028 504 2070 Dominus
530 2029 649 2083 apud
675 2022 943 2078 Johannem,

346 2117 452 2160 Jesus
471 2118 570 2156 dixit,
597 2118 667 2150 “Si
689 2118 767 2159 quis
791 2118 966 2149 audiverit
989 2127 1070 2149 mea
1089 2118 1208 2155 verba,
1231 2127 1305 2148 non
1330 2123 1451 2148 tamen
1476 2116 1676 2153 crediderit,
1700 2115 1777 2156 Ego

455 2172 530 2194 non
542 2161 660 2202 judico
674 2162 784 2199 illurn,
801 2171 875 2193 non
889 2162 987 2193 enim'
998 2161 1081 2193 veni
1094 2168 1133 2193 ut
1145 2161 1298 2212 judicem
1312 2161 1496 2198 mundum,
1513 2160 1576 2191 sed
1589 2166 1628 2191 ut
1640 2159 1776 2191 salvem

456 2206 650 2237 mundum·
642 2206 733 2249 qui
750 2205 887 2246 spernit
901 2205 973 2243 Me,
990 2211 1026 2237 et
1042 2215 1115 2236 non
1128 2205 1256 2245 accipit
1268 2204 1378 2236 verba
1390 2214 1481 2242 mea,
1497 2204 1604 2235 habet
1619 2203 1778 2244 judican-

455 2256 527 2281 tem
545 2259 594 2287 se,
614 2251 763 2281 verbum
780 2250 874 2291 quod
890 2249 1028 2281 locutus
1046 2259 1137 2286 sum,
1158 2249 1244 2280 illud
1260 2248 1429 2289 judicabit
1445 2229 1545 2279 illum
1563 2247 1599 2278 in
1617 2250 1777 2279 extremo

455 2293 542 2325 die”
560 2293 634 2333 (xii.
647 2301 702 2332 47,
719 2293 786 2334 48).

283 2382 396 2425 Cum
431 2382 606 2436 Judicio
642 2383 762 2424 enim
798 2383 863 2424 ita
898 2382 948 2424 fit
966 2382 1260 2423 z—Dominus
1297 2395 1512 2435 praesens
1548 2387 1619 2422 est
1656 2381 1775 2434 apud

282 2458 454 2495 omneS‚
478 2451 525 2486 et
548 2459 608 2486 ex
631 2445 796 2486 Divino
819 2445 991 2486 Amore
1013 2444 1111 2486 vult
1134 2445 1308 2486 salvare
1331 2457 1504 2493 omnes,
1529 2450 1576 2485 et
1598 2457 1774 2497 quoque

279 2510 418 2551 vertit
445 2515 491 2550 et
518 2508 703 2549 adducit
729 2509 786 2550 ad
815 2508 873 2550 Se
900 2522 1071 2550 omnes.
1134 2507 1223 2561 Qui
1248 2508 1441 2549 inbono
1466 2514 1571 2549 sunt
1597 2514 1644 2548 et
1670 2507 1774 2547 inde

279 2574 412 2622 veris,
435 2572 500 2613 illi
522 2578 782 2626 sequuntur,
802 2585 907 2612 nam
929 2571 1161 2625 applicant
1183 2585 1258 2622 se;
1291 2577 1339 2612 at
1362 2572 1435 2625 qui
1458 2571 1502 2612 in
1525 2569 1647 2611 malo
1669 2577 1774 2610 sunt

280 2643 327 2678 et
345 2636 450 2678 inde
466 2635 604 2684 salsis,
624 2649 713 2676 non
732 2641 993 2689 sequuntur,
1012 2635 1092 2676 sed
1109 2641 1294 2676 vertunt
1312 2649 1359 2675 se
1376 2641 1499 2675 retro
1516 2648 1542 2674 a
1560 2633 1773 2680 Domino,

281 2707 328 2741 et
359 2706 537 2740 vertere
568 2712 616 2739 se
653 2704 776 2739 retro
812 2698 838 2740 ἐ,
875 2698 1074 2740 Domino
1104 2704 1174 2739 est
1212 2712 1238 2739 a
1274 2697 1403 2739 caelo
1433 2697 1491 2738 ad
1528 2696 1773 2737 infernum:

281 2763 428 2804 omnis
464 2763 583 2803 enim
620 2761 759 2802 homo
790 2762 971 2815 spiritus
1004 2767 1074 2802 est
1106 2761 1179 2802 vel
1216 2774 1344 2802 suum
1381 2761 1550 2801 bonum
1587 2766 1634 2800 et
1671 2759 1776 2799 inde

282 2838 452 2873 verum,
473 2824 546 2865 vel
568 2831 639 2866 est
661 2838 789 2865 suum
812 2824 981 2865 malum
1003 2831 1049 2864 et
1071 2824 1176 2865 inde
1198 2823 1384 2874 falsum;
1418 2824 1491 2877 qui
1514 2829 1584 2863 est
1607 2822 1775 2862 bonum

280 2896 326 2930 et
353 2889 456 2929 inde
478 2901 647 2936 verum,
672 2888 747 2928 ille
770 2902 817 2928 se
843 2887 1005 2928 adduci
1031 2888 1202 2940 patitur
1227 2901 1253 2927 a
1267 2887 1504 2947 Domin03
1537 2892 1584 2926 at
1608 2885 1680 2938 qui
1704 2892 1774 2925 est

280 2951 448 2992 malum
475 2957 521 2992 et
548 2951 651 2992 inde
677 2950 851 2999 falsum,
875 2950 951 2991 ille
973 2963 1063 2990 non
1090 2963 1137 2990 se
1160 2949 1322 2990 adduci
1349 2950 1531 3003 patitur,
1557 2948 1627 2988 hic
1651 2949 1775 2988 omni

279 3016 322 3055 vi
354 3021 400 3057 et
432 3021 600 3056 conatu
631 3015 852 3064 renititur,
881 3013 997 3054 vult
1009 3013 1128 3054 enim
1160 3013 1216 3054 ad
1249 3026 1376 3053 suum
1408 3025 1623 3060 amorem,
1656 3012 1772 3051 hunc
