2060 3476
682 345 789 379 CAP.
814 345 879 387 11.,
903 344 1042 378 VERs.
1066 344 1241 389 27.—N.
1269 344 1359 389 177.
1688 344 1770 388 233

230 477 239 487 ·
271 459 324 500 iis
348 458 485 510 falsa3
517 465 564 501 et
589 472 696 501 vera
720 472 834 513 quae
859 459 920 500 ibi
945 464 1134 500 exstant
1161 470 1314 499 coram
1340 456 1495 506 oculis,
1523 455 1596 497 vel
1622 461 1770 497 trans·

271 529 381 564 eunt
422 524 536 565 sicut
578 536 669 564 non
709 522 911 572 videant,
948 521 1022 563 vel
1062 521 1331 572 falsificant;
1376 534 1512 562 causa
1551 526 1636 569 est,
1669 521 1772 574 quia

271 585 425 640 legere
450 586 653 628 Verbum
679 585 826 627 solum
852 592 1036 640 propter
1061 598 1228 626 nomen
1253 584 1532 633 eruditionis,
1560 590 1607 624 et
1636 597 1770 637 prop-

271 655 342 691 ter
366 650 532 692 famam
558 657 607 692 ut
632 649 882 692 evehantur
906 649 965 690 ad
996 649 1193 690 honores
1219 655 1266 690 et
1298 648 1526 689 lucrentur
1551 661 1675 701 opes,
1701 654 1771 688 est

271 721 456 767 propter
492 728 540 755 se
577 720 624 755 et
661 713 879 755 mundum
915 720 965 754 ut
1001 712 1127 762 fines,
1161 713 1225 753 ita
1262 726 1322 753 ex
1359 711 1585 752 amoribus
1622 712 1687 751 sui
1724 718 1770 751 et

271 777 451 828 mundi;
479 777 523 819 hi
545 791 720 819 amores
742 778 845 831 quia
865 783 970 818 sunt
993 776 1158 831 proprii
1179 776 1386 824 hominis,
1410 775 1514 816 ideo
1536 775 1674 816 homo
1695 774 1772 815 illa

270 854 385 894 quae
407 855 466 882 ex
489 841 575 882 illis
597 840 722 882 videt
744 847 791 882 et
814 841 1003 895 percipit
1025 846 1130 881 sunt
1153 854 1212 881 ex
1236 839 1415 893 propria
1436 839 1767 892 intelligentia:

269 911 317 945 at
349 905 423 958 qui
459 904 619 958 legunt
650 903 855 945 Verbum
891 918 951 945 ex
988 902 1225 945 affeffione
1261 903 1354 944 veri
1391 903 1622 956 spirituali,
1656 917 1771 956 quae

269 967 444 1009 affectio
471 974 540 1009 est
566 981 692 1009 amor
717 968 887 1009 sciendi
918 981 1073 1009 verum
1100 968 1203 1021 quia
1232 973 1302 1008 est
1328 980 1497 1015 verum,
1524 966 1586 1007 illi
1613 967 1769 1007 vident

268 1046 375 1073 vera
399 1032 459 1072 ibi
484 1037 531 1072 et
557 1031 761 1085 gaudent
787 1032 924 1072 corde
949 1045 1051 1083 cum
1076 1031 1234 1072 vident
1259 1030 1361 1071 illa:
1396 1043 1531 1071 causa
1557 1036 1641 1079 est,
1669 1032 1771 1084 quia

267 1095 312 1135 in
352 1095 653 1136 illustratione
694 1101 799 1135 sunt
839 1109 866 1135 a
907 1095 1134 1146 Domino;
1182 1094 1421 1135 descendit
1462 1093 1705 1135 illustratio
1743 1108 1772 1135 a

268 1159 466 1200 Domino
493 1172 572 1212 per
597 1157 772 1199 caelum
799 1172 823 1199 e
855 1158 955 1199 luce
980 1158 1053 1207 ibi,
1081 1172 1196 1212 quae
1227 1158 1306 1198 lux
1334 1164 1403 1199 est
1436 1156 1647 1198 Divinum
1675 1157 1769 1198 Ve-

265 1235 389 1273 rum;
430 1221 533 1263 ideo
564 1221 698 1262 datur
727 1221 816 1262 illis
846 1221 1001 1262 videre
1033 1236 1139 1262 vera
1169 1235 1228 1262 ex
1261 1235 1341 1262 sua
1378 1221 1490 1269 luce,
1523 1227 1570 1262 et
1602 1221 1688 1262 hoc
1725 1222 1770 1263 in

238 1285 436 1335 ¹“Verbo,
460 1284 788 1342 quia-Verbum
814 1291 884 1326 est
912 1285 1125 1325 Divinum
1148 1284 1334 1334 Verum,
1359 1291 1406 1326 et
1433 1285 1477 1325 in
1503 1284 1582 1325 illo
1608 1299 1768 1326 recon-

266 1348 362 1389 dita
388 1354 493 1390 sunt
515 1349 667 1389 omnia
687 1362 794 1389 vera
821 1348 947 1389 caeli.
1008 1348 1099 1389 Sed
1126 1348 1189 1389 illi
1215 1348 1361 1389 solum
1388 1349 1432 1389 in
1458 1348 1542 1389 hac
1569 1348 1768 1390 illustra-

263 1412 389 1453 tione
415 1418 535 1460 sunt,
563 1412 636 1466 qui
662 1412 706 1452 in
733 1412 847 1453 binis
873 1412 1100 1460 amoribus
1127 1412 1240 1453 caeli
1266 1418 1385 1460 sunt,
1410 1412 1483 1466 qui
1511 1417 1615 1452 sunt
1642 1426 1769 1453 amor

262 1476 308 1516 in
347 1475 592 1516 Dominum
629 1481 676 1516 et
714 1489 841 1516 amor
877 1489 986 1528 erga
1023 1477 1306 1529 proximum;
1352 1475 1397 1516 hi
1434 1475 1554 1516 enirn
1592 1489 1769 1516 amores

264 1539 469 1592 aperiunt
497 1545 699 1579 mentem
726 1540 986 1580 interiorem
1013 1553 1090 1580 seu
1117 1540 1405 1593 superiorem,
1435 1552 1549 1592 quae
1575 1538 1769 1579 formata

263 1608 335 1643 est
362 1602 419 1643 ad
445 1602 751 1655 recipiendum
779 1602 927 1643 lucem
951 1603 1090 1654 caeli;
1123 1616 1202 1656 per
1223 1602 1347 1643 illam
1374 1602 1492 1655 apud
1520 1616 1598 1642 eos
1625 1602 1767 1643 influit

264 1665 344 1706 lux
367 1665 480 1706 caeli
503 1672 550 1707 et
572 1665 768 1716 illustrat
787 1681 796 1717 3
829 1666 909 1707 sed
933 1680 1023 1707 non
1046 1667 1298 1720 percipiunt
1320 1680 1427 1706 vera
1448 1666 1491 1706 in
1515 1665 1591 1706 illa
1614 1672 1768 1706 mente

263 1729 370 1770 dum
393 1730 550 1770 vivunt
573 1730 616 1770 in
641 1730 824 1779 mundo,
847 1743 1002 1771 verum
1025 1730 1182 1771 vident
1205 1730 1282 1770 illa
1303 1731 1347 1770 in
1370 1736 1524 1770 mente
1547 1729 1766 1776 inferiore,

263 1807 377 1846 quae
409 1806 537 1834 mens
569 1799 640 1834 est
672 1794 854 1834 externi
885 1807 965 1835 seu
991 1793 1206 1834 naturalis
1238 1794 1457 1834 hominis:
1491 1793 1535 1834 hi
1561 1800 1666 1834 sunt
1693 1795 1767 1847 qui

263 1870 354 1897 non
380 1871 439 1897 ex
467 1857 646 1910 propria
671 1856 979 1910 intelligentia
1005 1858 1211 1910 cogitant
1239 1870 1339 1898 cum
1367 1856 1526 1909 legunt
1549 1856 1766 1898 Verbum.

263 1920 506 1974 Praecipua
527 1933 676 1968 causa,
701 1920 822 1974 quod
849 1920 893 1961 hi
916 1934 1006 1961 non
1030 1934 1089 1960 ex
1112 1921 1290 1974 propria
1312 1920 1617 1973 intelligentia
1640 1922 1766 1973 cogi-

262 1990 363 2024 tent
395 1997 496 2024 cum
534 1983 694 2039 legunt
728 1983 946 2031 Verbum,
980 1991 1049 2024 est
1081 1985 1185 2037 quia
1220 1984 1380 2024 horum
1418 1997 1545 2025 mens
1581 1985 1768 2026 interior

262 2061 340 2088 seu
366 2047 609 2100 spiritualis
636 2045 814 2101 spec‘tat
841 2047 899 2088 ad
928 2047 1188 2096 Dominum,
1216 2054 1262 2088 et
1289 2054 1396 2088 tunc
1425 2047 1646 2088 Dominus
1673 2048 1765 2089 ele-

262 2117 339 2152 vat
371 2110 509 2160 illam,
543 2116 589 2151 et
622 2110 754 2151 simul
792 2117 993 2152 mentem
1030 2111 1281 2152 inferiorem
1313 2125 1391 2152 seu
1424 2111 1676 2152 naturalem
1708 2112 1766 2152 ad

262 2173 335 2223 Se,
360 2181 407 2215 et
433 2175 495 2215 sic
521 2174 732 2216 subducit
758 2188 784 2215 a
811 2175 992 2228 proprio
1018 2175 1237 2225 hominis3
1270 2175 1391 2228 quod
1418 2189 1508 2216 non
1541 2174 1632 2216 fieri
1662 2182 1765 2228 pot-

262 2244 332 2279 est
350 2237 468 2291 apud
491 2237 594 2279 illos
612 2239 686 2291 qui
708 2252 757 2279 se
780 2244 826 2279 et
845 2238 1387 2291 mundum-principaliter
1404 2237 1628 2292 spectant.
1652 2236 1654 2238 ’
1690 2239 1765 2279 Ex

262 2302 330 2342 his
349 2307 560 2343 constare
578 2308 747 2355 potest,
768 2302 888 2355 quod
913 2302 1050 2342 homo
1068 2316 1127 2342 ex
1150 2303 1328 2355 propria
1346 2302 1651 2355 intelligentia
1675 2316 1765 2342 non

262 2366 480 2419 percipiat
513 2366 596 2406 nisi
627 2365 747 2406 mala
778 2372 824 2406 et
856 2366 1011 2407 videat
1044 2367 1126 2406 nisi
1158 2365 1298 2416 falsa;
1336 2372 1383 2407 at
1415 2366 1536 2420 quod
1568 2366 1688 2406 bona
1719 2372 1767 2407 et

262 2442 382 2476 vera,
416 2442 530 2482 quae
562 2435 667 2469 sunt
699 2429 813 2469 caeli
845 2435 891 2469 et
923 2428 1156 2484 ecclesiae,
1190 2429 1408 2482 percipiat
1440 2435 1487 2470 et
1518 2429 1673 2470 videat
1705 2443 1765 2470 ex

265 2491 476 2532 Domino.
538 2490 735 2544 Quando
757 2492 960 2532 internus
983 2505 1060 2532 seu
1083 2492 1324 2546 spiritualis
1346 2492 1498 2541 homo,
1518 2493 1561 2533 in
1585 2507 1673 2547 quo
1696 2500 1766 2534 est

263 2569 392 2596 mens
414 2555 599 2596 interior
616 2569 694 2596 seu
711 2556 925 2608 superior,
945 2555 1002 2596 de
1019 2569 1106 2609 qua
1129 2555 1266 2596 modo
1285 2554 1455 2597 dictum
1478 2563 1563 2605 est,
1583 2563 1766 2610 apertus

263 2625 347 2667 est,
368 2625 475 2659 tunc
500 2618 721 2659 Dominus
745 2619 903 2659 domat
927 2618 1060 2668 mala,
1084 2626 1130 2660 et
1153 2619 1373 2673 dispergit
1396 2620 1507 2661 falsa
1525 2635 1639 2674 quae
1661 2630 1765 2662 sunt

262 2684 307 2723 in
341 2688 536 2722 externo
570 2695 649 2722 seu
683 2682 877 2723 naturali
910 2682 1104 2723 homine.
1179 2682 1307 2724 Haec
1341 2697 1458 2724 nunc
1497 2690 1616 2733 sunt,
1651 2699 1766 2738 quae

262 2745 580 2798 intelliguntur
614 2745 658 2786 in
695 2759 830 2786 sensu
866 2745 1083 2799 spirituali
1120 2760 1199 2800 per
1234 2747 1354 2800 quod
1398 2747 1536 2788 Filius
1573 2748 1766 2788 hominis

265 2809 490 2850 “daturus
522 2809 581 2865 sit
614 2808 702 2849 illis
735 2815 1015 2862 potestatem
1048 2823 1181 2863 super
1211 2816 1389 2862 gentes,
1423 2818 1470 2852 et
1502 2818 1631 2864 reget
1666 2811 1765 2852 illas

262 2873 390 2926 virga
420 2872 586 2922 ferrea;
620 2878 837 2926 tanquam
869 2886 978 2913 vasa
1008 2871 1160 2914 fic‘tilia
1191 2873 1567 2927 confringentur.”
1629 2874 1763 2928 Quod

265 2939 411 2976 “vasa
436 2933 617 2976 fiffiliffl'
639 2935 894 2989 significent
917 2936 993 2977 illa
1015 2951 1128 2990 quae
1155 2951 1214 2978 ex
1241 2938 1419 2990 propria
1444 2938 1762 2991 intelligentia,

263 2999 327 3042 ita
347 2999 458 3040 salsa
480 3013 593 3053 quae
616 3006 719 3041 sunt
746 3001 789 3040 in
814 3000 1006 3042 naturali
1031 3000 1229 3051 homine,
1253 3007 1436 3043 constat
1459 3015 1518 3043 ex
1542 3002 1674 3043 variis
1695 3001 1763 3043 lo-
