2060 3476
558 352 663 389 CAP.
687 356 772 396 111.,
797 354 935 388 VERS.
963 356 1133 400 17.-—N.
1157 312 1343 400 236[a].-
1608 349 1686 400 355

193 465 467 511 “videntes”
488 466 606 511 inter
630 483 742 524 quos
768 469 933 517 errant,
957 468 1213 522 significant
1239 468 1341 510 illos
1363 469 1437 522 qui
1459 468 1591 508 visuri
1617 482 1688 509 es-

191 540 292 575 sent
307 547 412 574 vera
430 547 439 583 ;
464 533 690 574 “titubare
698 531 904 585 judicio‚'’
916 531 1139 590 significat
1154 532 1469 572 insanitionem
1490 545 1499 581 ;
1524 535 1548 551 ‘⁴
1562 544 1689 572 men-

193 587 268 637 sae
280 596 300 610 ”
318 595 573 649 significant
591 597 743 636 omnia
759 609 874 649 quae
892 596 1113 636 nutrirent
1136 594 1415 648 spiritualem
1437 595 1592 642 vitam,
1612 607 1690 647 per

193 664 411 700 “mensas
424 659 443 674 '’
475 660 593 700 enim
624 658 941 711 intelliguntur
971 659 1056 699 cibi
1088 659 1160 712 qui
1193 672 1325 711 super
1355 659 1420 706 iis,
1454 664 1500 698 et
1534 657 1691 698 “cibi’'

167 749 170 751 Δ
193 722 448 776 significant
475 723 627 763 omnia
647 735 754 763 vera
774 728 821 763 et
847 722 979 770 bona,
1004 723 1106 775 quia
1127 722 1204 762 illa
1226 728 1330 762 sunt
1351 735 1465 774 quae
1488 722 1690 762 nutriunt

192 787 333 826 vitam
360 785 664 839 spiritualem3
696 785 767 826 hic
797 786 949 838 itaque
980 799 1058 839 per
1085 789 1303 825 “mensas
1334 784 1493 837 plenas
1518 785 1691 825 vomitu

193 849 480 902 egestionis,”
516 848 827 902 significantur
863 848 1023 890 eadem
1063 847 1300 889 falsificata
1335 854 1382 888 et
1419 846 1689 888 adulterata.

193 912 332 966 Apud
360 912 536 962 Mosen,

259 1000 346 1033 “Ne
370 1001 516 1042 polluite
533 1011 598 1033 vos
622 1001 790 1033 omnibus
809 1001 876 1039 his,
898 1001 980 1042 quia
1003 1001 1170 1032 omnibus
1194 1001 1250 1032 his
1274 1000 1432 1041 pollutae
1457 1006 1540 1032 sunt
1564 1006 1691 1040 gentes

365 1055 452 1086 quas
467 1045 544 1085 Ego
557 1045 662 1085 ejicio
676 1054 797 1076 coram
811 1045 914 1076 vobis
929 1054 936 1082 ;
959 1045 1055 1076 unde
1069 1045 1206 1085 polluta
1218 1050 1272 1076 est
1285 1050 1380 1076 terra
1383 1069 1475 1082 .....
1484 1050 1519 1076 et
1533 1044 1692 1076 evomuit

364 1094 459 1120 terra
481 1089 701 1120 habitatores
718 1098 804 1120 suos
818 1098 825 1126 ;
850 1088 901 1120 ita
916 1092 994 1120 non‘
1013 1095 1158 1120 evomet
1181 1094 1276 1120 terra
1290 1097 1368 1126 vos,
1379 1113 1387 1120 .
1402 1113 1410 1120 .
1423 1113 1431 1120 .
1446 1088 1694 1129 ,quemadmo-

364 1133 448 1164 dum
465 1132 625 1164 evomuit
640 1137 767 1172 gentes
785 1142 875 1173 quae
891 1138 975 1164 ante
991 1142 1057 1164 vos
1068 1132 1087 1144 ”
1104 1132 1227 1171 (Levit.
1243 1132 1341 1164 xviii.
1359 1140 1411 1170 24,
1429 1139 1481 1170 25,
1499 1132 1574 1171 28);

193 1219 341 1273 agitur
372 1219 430 1259 ibi
462 1218 518 1259 de
550 1219 696 1259 omnis
731 1219 909 1271 generis
940 1218 1186 1268 adulteriis,
1218 1233 1297 1272 per
1327 1233 1442 1272 quae
1477 1219 1521 1259 in
1559 1232 1693 1259 sensu

191 1281 407 1336 spirituali
438 1281 753 1334 intelliguntur
785 1282 937 1323 omnia
972 1295 1140 1334 genera
1171 1282 1555 1323 adulterationum
1586 1282 1694 1323 boni

193 1353 240 1387 et
269 1344 629 1387 falsificationum
654 1346 762 1394 veri,
790 1359 868 1386 seu
899 1345 1261 1399 profanationes;
1295 1351 1341 1386 et
1367 1346 1470 1399 quia
1495 1345 1615 1386 mala
1645 1351 1692 1387 et

193 1410 325 1457 bona,
348 1415 445 1450 tum
471 1408 584 1449 falsa
608 1408 714 1449 mali
739 1415 786 1449 et
812 1422 918 1449 vera
943 1408 1063 1456 boni,
1091 1421 1181 1449 non
1208 1415 1398 1462 possunt
1425 1408 1555 1449 simul
1578 1422 1691 1456 esse,

187 1473 295 1526 *quin
318 1468 563 1525 ejiciantur,
586 1472 689 1513 ideo
711 1471 875 1512 dicitur
897 1471 1017 1525 quod
1043 1475 1068 1491 ‘⁴
1085 1472 1244 1521 terra‚”
1267 1468 1351 1512 hoc
1378 1479 1462 1520 est,
1486 1471 1691 1519 ecclesia,

193 1536 479 1577 “evomuerit
491 1535 511 1550 ''
534 1549 625 1576 eos,
686 1535 760 1575 Ex
784 1535 851 1576 his
874 1548 990 1576 nunc
1015 1541 1226 1576 constare
1248 1541 1403 1589 potest
1425 1535 1531 1589 quid
1554 1536 1692 1588 signi-

193 1597 296 1639 ficat
325 1598 610 1639 “evomere’'

270 1672 486 1727 236[a].
517 1684 625 1722 [Vers.
648 1684 711 1722 17.]
743 1673 888 1719 “Quod
908 1673 1026 1714 dieas
1045 1674 1152 1726 quod
1171 1673 1281 1714 dives
1304 1673 1381 1714 sim
1404 1677 1449 1714 et
1468 1674 1694 1726 locupleta-

194 1738 275 1781 tus,
305 1737 350 1774 et
375 1733 524 1774 nullius
552 1746 652 1786 opus
681 1732 1087 1786 habeam.''—Quod
1118 1733 1342 1786 significet
1361 1734 1504 1787 fidem
1527 1748 1691 1783 eorum,

192 1794 312 1846 quod
323 1795 507 1835 credant
530 1808 578 1835 se
607 1795 652 1835 in
678 1795 797 1835 veris
821 1809 916 1835 esse
939 1801 1055 1847 prae
1079 1795 1199 1844 aliis,
1227 1802 1410 1836 constat
1436 1810 1495 1836 ex
1523 1795 1693 1848 signifi—

192 1859 370 1900 catione
398 1858 628 1906 “dicere,‘'
654 1859 774 1912 quod
807 1858 1011 1899 involvat
1042 1858 1086 1898 id
1116 1858 1236 1911 quod
1268 1859 1325 1899 ab
1355 1858 1444 1899 illis
1470 1859 1693 1907 creditur;

191 1929 237 1964 et
255 1923 358 1976 quia
379 1922 528 1974 agitur
549 1921 620 1962 hic
639 1921 696 1962 de
718 1921 804 1961 illis
822 1922 896 1975 qui
918 1922 962 1961 in
985 1921 1082 1961 sola
1104 1920 1190 1962 fide
1212 1928 1331 1969 sunt:
1355 1921 1457 1962 ideo
1476 1921 1663 1963 “dicere
1675 1921 1694 1936 ''

192 1985 416 2039 significat
438 1983 574 2025 fidem
598 1997 751 2025 eorum
770 1999 779 2034 ;
811 1991 1046 2038 praeterea
1065 1988 1089 2004 “
1102 1984 1283 2025 dicere”
1301 1985 1345 2024 in
1364 1998 1496 2025 sensu
1514 1985 1693 2038 spiritu-

191 2049 249 2089 ali
271 2047 495 2101 significat
518 2048 736 2100 cogitare,
756 2048 858 2101 quia
877 2047 997 2101 quod
1015 2047 1177 2087 dicitur
1193 2048 1290 2088 exit
1313 2062 1372 2088 ex
1395 2048 1692 2100 cogitatione,

191 2124 242 2151 ac
261 2111 483 2163 cogitatio
502 2117 572 2151 est
590 2111 832 2163 spiritualis
850 2111 952 2164 quia
971 2116 1041 2151 est
1060 2111 1239 2163 spiritus
1258 2110 1464 2159 hominis,
1485 2124 1535 2151 ac
1555 2109 1694 2152 diffio

192 2180 239 2215 et
271 2168 420 2214 sermo
450 2174 658 2215 inde'est
690 2174 908 2215 naturalis
940 2174 1043 2227 quia
1074 2180 1143 2214 est
1176 2175 1404 2227 corporis;
1446 2188 1506 2215 ex
1538 2188 1593 2215 eo
1624 2181 1694 2215 est

193 2237 314 2290 quod
342 2236 560 2277 “dicere”
586 2238 630 2277 in
656 2237 812 2278 Verbo
839 2237 966 2290 plura
992 2236 1242 2290 significet:
1276 2251 1335 2277 ex
1363 2236 1695 2290 significatione

194 2299 360 2340 “dives
386 2301 523 2350 esse,’‘
548 2301 668 2354 quod
700 2301 757 2341 sit
790 2300 1020 2354 possidere
1053 2301 1338 2353 cognitiones
1370 2301 1463 2341 veri
1495 2307 1541 2341 et
1573 2301 1693 2349 boni,

193 2369 239 2404 et
266 2363 369 2404 inde
394 2364 657 2417 intelligens
679 2371 725 2405 et
748 2365 926 2417 sapiens
949 2378 1049 2404 esse
1074 2363 1150 2417 (de
1172 2377 1261 2417 qua
1283 2363 1502 2417 sequitur)
1525 2378 1534 2414 ;
1566 2371 1613 2405 et
1635 2378 1695 2405 ex

194 2425 524 2479 significatione
558 2427 902 2481 “locupletatus
934 2441 1032 2468 esse
1064 2433 1110 2468 et
1143 2427 1305 2467 nullius
1343 2441 1454 2480 opus
1490 2427 1696 2475 habere,”

194 2489 314 2543 quod
346 2490 405 2531 sit
436 2491 587 2531 omnia
617 2491 744 2539 scire,
771 2497 819 2531 ut
852 2490 960 2531 nihil
993 2491 1123 2531 desit.
1186 2489 1321 2543 Quod
1355 2490 1472 2531 tales
1501 2491 1591 2531 sint
1618 2504 1693 2531 seu

193 2553 258 2593 ita
284 2553 486 2603 credant,
510 2555 583 2608 qui
609 2554 653 2594 in
676 2552 882 2594 doctrina
907 2554 963 2594 de
990 2553 1087 2594 sola
1112 2552 1199 2594 fide
1226 2560 1272 2594 et
1295 2554 1352 2594 de
1373 2553 1694 2606 justificatione

194 2629 273 2669 per
302 2615 426 2656 illam
453 2623 571 2665 sunt,
599 2630 690 2657 non
722 2618 868 2657 sciunt
899 2617 962 2657 illi
988 2617 1061 2670 qui
1094 2630 1184 2657 non
1217 2623 1335 2664 sunt,
1363 2618 1548 2657 tametsi
1579 2617 1695 2658 inter

194 2679 435 2730 eos'sunt;
468 2686 515 2720 at
542 2694 681 2734 usque
713 2680 832 2734 quod
865 2680 982 2721 tales
1014 2681 1118 2729 sint,
1146 2694 1205 2721 ex
1238 2680 1382 2721 multa
1413 2681 1695 2734 experientia

195 2742 308 2799 scire
332 2742 489 2783 datum
516 2749 599 2784 est.
660 2743 862 2784 Locutus
888 2757 985 2784 sum
1009 2757 1110 2784 cum
1133 2743 1329 2797 pluribus
1356 2744 1428 2797 qui
1454 2745 1498 2784 in
1525 2744 1695 2784 mundo

195 2805 482 2846 crediderunt
509 2820 557 2846 se
583 2819 689 2859 prae
710 2806 807 2846 aliis
833 2806 1142 2859 intelligentes
1168 2812 1214 2848 et
1241 2807 1470 2859 sapientes
1496 2820 1609 2855 esse,
1634 2820 1694 2846 ex

197 2882 252 2909 eo
273 2869 394 2922 quod
421 2870 633 2910 sciverint
658 2869 785 2922 plura
806 2870 862 2911 de
889 2870 986 2911 sola
1010 2869 1097 2911 fide
1123 2876 1169 2911 et
1195 2870 1252 2911 de
1273 2869 1594 2922 justificatione
1616 2883 1694 2922 per

196 2931 334 2981 illam,
360 2938 406 2973 et
436 2932 616 2986 quidem
647 2931 757 2973 talia
787 2946 900 2986 quae
932 2933 1158 2987 simplices
1189 2947 1280 2974 non
1312 2934 1552 2981 sciverunt,
1580 2946 1694 2986 quae

197 2995 334 3036 etiam
356 3001 631 3036 vocaverunt
654 2996 865 3037 interiora
891 3002 936 3037 et
960 3010 1123 3037 arcana
1145 2995 1390 3045 doctrinae,
1415 3002 1460 3036 et
1487 2995 1692 3036 credide-
