2060 3476
292 341 350 395 96
707 350 1040 384 APOCALYPSIS
1071 351 1370 383 EXPLICATA.

292 469 339 505 et
365 463 484 518 apud
511 463 720 514 eundern,
745 471 749 476 '

521 546 658 589 “Jesus
675 546 774 585 dixit,
797 546 874 587 Ego
890 555 969 578 sum
986 546 1054 586 via,
1074 547 1217 586 veritas,
1237 552 1273 579 et
1288 548 1363 579 vita
1373 546 1392 559 ”
1409 546 1492 589 (xiv.
1509 546 1555 589 6).

292 633 454 672 (Creditur
468 634 499 663 in
514 635 636 663 mundo
651 634 738 671 quod
759 633 857 663 homo
877 634 994 663 habeat
1006 634 1103 663 vitam
1117 635 1175 664 sibi
1196 635 1329 670 insitam,
1345 638 1376 664 et
1390 635 1434 664 sic
1448 635 1536 673 quod
1556 643 1621 664 non
1636 634 1785 665 continue

290 681 403 710 influat
417 682 458 710 ab
474 682 549 719 Ipso
563 682 617 718 qui
638 682 724 710 solus
745 681 841 710 habet
855 681 950 710 vitam
971 681 1004 710 in
1025 681 1067 711 Se
1089 681 1174 720 Ipso,
1189 686 1221 711 et
1235 682 1290 719 qui
1303 682 1348 711 sic
1362 682 1447 711 solus
1461 682 1501 711 sit
1514 682 1604 718 Vita:
1626 683 1683 712 sed
1697 684 1786 721 quod

291 728 369 758 haec
384 729 463 758 fides
477 730 515 758 sit
530 729 608 758 fides
623 729 699 763 falsi,
715 729 859 758 videatur
873 728 906 757 in
921 737 1017 767 opere
1031 729 1083 758 De
1101 730 1193 759 Caelo
1207 733 1239 759 et
1250 729 1388 768 Inferna,
1404 738 1436 759 n.
1451 729 1495 768 9.)

371 782 464 835 83.
502 782 581 822 “Et
602 782 742 822 {actus
764 794 854 821 sum
876 781 1299 834 mortuus‚¹'--Qu0d
1325 781 1550 835 significet
1575 783 1696 836 quod
1713 798 1783 826 re-

257 840 261 845 ’
287 843 450 899 sellus,
471 850 682 884 constare
705 849 859 896 potest
883 857 942 884 ex
960 857 1029 892 eo,
1048 843 1168 897 quod
1192 843 1413 884 Dominus
1431 843 1606 885 dicatur
1625 847 1782 886 “mor-

292 906 426 947 tuus'’
457 906 637 960 quando
674 919 764 946 non
801 905 992 959 amplius
1029 912 1099 947 est
1135 905 1245 947 fides
1282 912 1328 947 et
1365 920 1492 947 amor
1522 907 1566 948 in
1604 906 1782 960 Ipsum;

293 969 515 1010 Dominus
546 970 666 1010 enim
698 969 807 1010 vivit
839 969 957 1022 apud
989 968 1092 1010 illos
1117 970 1190 1023 qui
1221 970 1265 1010 in
1297 983 1450 1010 amore
1482 976 1528 1011 et
1559 969 1646 1011 fide
1678 978 1782 1012 sunt

291 1033 335 1074 in
362 1032 529 1086 Ipsum,
555 1032 634 1073 sed
661 1045 750 1072 non
773 1032 882 1073 vivit
905 1032 1023 1085 apud
1048 1031 1149 1073 illos
1171 1033 1246 1086 qui
1268 1045 1358 1073 non
1380 1033 1424 1073 in
1446 1046 1610 1079 amore.
1626 1039 1672 1075 et
1695 1033 1783 1075 fide

291 1102 422 1146 sunt;
455 1090 574 1149 apud
600 1095 684 1136 hos
710 1095 872 1136 dicitur
899 1095 1119 1136 Dominus
1143 1099 1383 1136 “mortuus
1395 1095 1413 1111 ’'
1435 1096 1538 1150 quia
1562 1095 1780 1148 rejectum

291 1158 377 1199 hoc
405 1159 447 1199 in
475 1172 608 1199 sensu
633 1159 811 1199 interno
838 1157 1106 1211 intelligitur
1131 1157 1201 1200 hic
1229 1172 1307 1212 per
1332 1157 1511 1200 “factus
1537 1173 1635 1200 sum
1663 1173 1782 1201 mor-

292 1228 394 1263 tuus
412 1222 444 1272 ;”
487 1229 534 1263 at
572 1223 615 1262 in
654 1235 787 1262 sensu
830 1221 1010 1262 litterae
1047 1221 1166 1275 quod
1207 1223 1264 1263 sit
1303 1221 1554 1263 crucifixus.
1629 1222 1783 1264 Simile

291 1286 429 1326 etiam
461 1284 740 1338 significatur
770 1285 814 1325 in
846 1298 980 1325 sensu
1011 1285 1189 1325 interno
1221 1298 1299 1338 per
1324 1285 1444 1339 quod
1477 1285 1705 1326 Dominus
1724 1286 1781 1326 sit

292 1347 544 1397 crucifixus,
570 1361 733 1402 nempe
756 1348 875 1402 quod
901 1346 1090 1400 rejectus
1117 1353 1162 1388 et
1189 1348 1254 1388 ita
1278 1346 1500 1389 tractatus
1526 1362 1552 1389 a
1575 1348 1780 1402 Judaeis:

293 1411 513 1452 Dominus
545 1412 663 1452 enim
697 1424 798 1452 cum
835 1411 880 1451 in
917 1410 1085 1451 mundo
1121 1410 1217 1460 fuit,
1251 1417 1348 1452 erat
1385 1412 1531 1465 ipsum
1567 1411 1780 1453 Divinum

291 1473 462 1515 Verum
479 1488 488 1525 ;
522 1481 568 1515 et
587 1475 689 1528 quia
708 1474 920 1515 Divinum
936 1473 1105 1514 Verum
1125 1487 1150 1514 a
1165 1473 1347 1527 Judaeis
1369 1487 1550 1527 prorsus
1567 1472 1781 1527 rejeftum

291 1543 376 1586 est,
401 1537 502 1578 ideo
520 1551 696 1591 quoque
716 1537 950 1586 Dominus,
970 1537 1042 1591 qui
1065 1537 1173 1578 illud
1197 1543 1307 1586 erat,
1325 1536 1382 1578 Se
1405 1536 1602 1590 crucifigi
1624 1551 1782 1591 passus

291 1607 373 1643 est.
435 1601 566 1641 Talia
587 1600 897 1654 significantur
918 1614 996 1653 per
1014 1601 1164 1641 omnia
1181 1614 1296 1654 quae
1318 1600 1436 1654 apud
1459 1599 1783 1654 Evangelistas

292 1670 601 1705 memorantur
622 1665 678 1705 de
706 1664 919 1705 Passione
947 1663 1155 1714 Domini;
1188 1662 1366 1716 singula
1388 1662 1527 1717 usque
1550 1663 1607 1704 ad
1629 1664 1782 1717 singu-

292 1728 511 1768 larissima
529 1727 571 1768 id
589 1726 826 1768 involvunt
844 1741 853 1778 ;
877 1733 1151 1780 quapropter
1166 1726 1239 1767 ubi
1258 1726 1479 1767 Dominus
1495 1727 1551 1767 de
1570 1726 1783 1768 Passione

291 1805 371 1831 sua
396 1790 605 1844 loquitur,
629 1796 764 1831 vocat
788 1789 845 1831 Se
871 1789 1071 1830 “Filium
1093 1789 1327 1838 hominis,”
1349 1789 1435 1830 hoc
1459 1795 1543 1839 est,
1569 1789 1780 1831 Divinum

292 1853 462 1895 Verum
503 1852 727 1907 (videatur
765 1867 910 1907 supra,
950 1866 992 1893 n.
1023 1852 1113 1906 63).
1188 1852 1323 1906 Quod
1361 1852 1573 1894 Divinum
1611 1852 1783 1894 Verum

291 1930 470 1970 prorsus
502 1915 715 1969 rejectum
748 1917 805 1957 sit
837 1930 862 1956 a
892 1916 1087 1969 Judaeis,
1122 1922 1280 1957 notum
1313 1922 1409 1966 est3
1442 1929 1547 1956 nam
1579 1929 1670 1956 non
1701 1929 1782 1969 ag·-

292 1986 514 2022 noverunt
537 1981 774 2034 quicquam
797 1980 917 2033 quod
940 1979 997 2020 ab
1020 1979 1125 2033 Ipso
1147 1977 1315 2020 dictum
1341 1985 1425 2028 est,
1450 1985 1496 2019 et
1523 1992 1579 2020 ne
1601 1979 1781 2032 quidem

291 2044 411 2098 quod
445 2044 548 2097 Ipse
567 2046 695 2084 ‘esset
726 2042 864 2083 Filius
892 2042 989 2083 Dei.
1050 2042 1125 2082 Ex
1151 2041 1220 2082 his
1246 2042 1346 2082 sciri
1373 2047 1526 2095 potest
1553 2042 1782 2095 quomodo

291 2107 429 2148 etiam
451 2105 750 2159 intelligenda
772 2111 876 2145 sunt
899 2118 1013 2158 quae
1037 2104 1257 2146 Dominus
1279 2105 1334 2145 de
1356 2103 1597 2157 rejectione
1624 2103 1699 2145 Sui
1725 2105 1783 2146 ab

290 2169 378 2210 illis
405 2169 582 2210 locutus
609 2175 679 2210 est
706 2169 763 2209 ad
790 2168 1033 2222 discipulos
1046 2167 1183 2209 :—Ut
1209 2168 1327 2222 apud
1352 2167 1528 2216 Lucam,

360 2260 382 2273 ‘¹
394 2258 544 2299 Oportet
562 2257 688 2289 Filium
705 2257 861 2289 hominis
879 2257 992 2288 multa
1014 2257 1087 2297 pati
1103 2262 1139 2288 et
1155 2257 1336 2297 reprobari
1353 2266 1374 2288 a
1390 2257 1590 2288 senioribus
1607 2263 1642 2289 et
1655 2257 1784 2298 princi-

466 2302 568 2343 pibus
586 2302 810 2333 sacerdotum
828 2307 864 2333 et
880 2301 1004 2332 scribis
1015 2300 1034 2314 ''
1051 2300 1109 2339 (ix.
1127 2301 1181 2341 22)
1195 2309 1203 2338 ς

292 2381 412 2436 apud
438 2381 647 2429 eundem,

362 2464 544 2548 “Op0(rtet
569 2463 694 2495 Filium
719 2463 875 2495 hominis
900 2462 1011 2494 multa
1033 2462 1107 2503 pati
1131 2467 1167 2494 et
1190 2461 1372 2503 reprobari
1396 2472 1418 2493 a
1433 2461 1665 2502 generatione
1688 2460 1785 2494 hac”

480 2508 563 2540 xvii.
581 2510 635 2548 25)
650 2517 657 2547 ;

293 2569 411 2658 αἶψά
435 2602 657 2652 Marcum,

362 2683 569 2758 “Scrigtum
586 2672 641 2714 est
656 2683 700 2767 {ie
718 2682 807 2766 Fili)o
823 2682 980 2714 hominis
1004 2681 1099 2723 quod
1117 2681 1229 2713 multa
1244 2686 1433 2721 pateretur,
1454 2686 1489 2712 et
1512 2689 1578 2721 pro
1595 2679 1706 2711 nihilo
1721 2679 1783 2711 ha-

492 2732 609 2758 eretur
622 2726 639 2738 '’
671 2727 716 2759 ix,
735 2735 774 2757 12
801 2736 808 2766 ;

293 2822 412 2876 apud
437 2821 614 2871 Lucam,

363 2903 499 2946 “Jesus
516 2902 708 2942 assumptis
725 2902 911 2934 duodecim
928 2902 1016 2933 dixit
1032 2901 1095 2939 eis,
1116 2900 1205 2932 Ecce
1222 2901 1447 2932 ascendimus
1474 2898 1778 2940 Hierosolymam,

467 2952 502 2978 et
526 2946 750 2986 perficientur
765 2946 888 2977 omnia
903 2955 993 2986 quae
1017 2943 1197 2985 praedicta
1220 2950 1303 2976 sunt
1326 2954 1389 2985 per
1412 2944 1604 2984 prophetas
1619 2942 1664 2974 de
1689 2942 1780 2973 Filio

467 2990 633 3028 hominis,
654 2990 747 3031 quod
764 2990 921 3021 tradetur
936 2989 1114 3031 gentibus,
1134 2994 1169 3020 et
1188 2988 1364 3025 illudetur,
1384 2994 1420 3020 et
1435 2986 1659 3020 contumeliis
1675 2985 1782 3017 affici·
