2060 3476
660 373 766 406 CAP.
789 372 848 413 v.,
871 371 1010 405 VERS.
1031 362 1179 403 6.—N.
1204 361 1363 416 316[c].
1681 370 1761 415 557

266 486 448 541 quando
478 487 722 528 devastata
752 491 838 535 est,
872 484 1152 539 significatur
1182 498 1262 538 per
1290 483 1763 525 “excandescentiam

266 550 356 591 irae
383 549 566 591 Domini
582 549 616 601 ;‘'
647 555 694 591 et
714 549 916 590 vastatio
941 547 1034 601 ejus
1060 547 1219 589 totalis
1244 546 1514 588 describitur
1540 560 1619 600 per
1639 546 1760 600 quod

269 613 585 654 “destruxerit
601 612 882 653 munimenta
899 610 1243 664 filiaeJehudae,
1257 609 1495 663 projecerit
1514 609 1559 649 in
1577 615 1759 657 terram,

266 675 570 729 profanaverit
587 688 778 729 regnum
800 681 847 716 et
870 674 1094 728 principes
1116 673 1209 726 ejus
1226 673 1260 724 ;’'
1294 672 1421 713 “filia
1437 671 1673 725 Jehudae‘’
1690 678 1761 712 est

266 738 474 788 ecclesia,
504 737 854 779 “munimenta'’
879 737 972 791 ejus
1003 743 1109 778 sunt
1137 743 1244 778 vera
1275 750 1335 777 ex
1366 736 1502 784 bono,
1534 738 1761 788 “regnum

266 807 313 842 et
351 801 604 856 principes'¹
635 807 740 842 sunt
775 815 883 842 vera
919 798 1151 842 doc‘trinae
1188 799 1307 853 ejus:
1352 799 1456 839 inde
1494 804 1624 852 patet
1655 798 1762 852 quid

267 864 546 917 significatur
562 878 641 918 per
660 868 686 885 ‘⁴
698 864 890 905 abscidit
910 877 1045 904 omne
1063 876 1202 904 cornu
1220 861 1439 910 Israelis,”
1457 861 1578 915 quod
1596 874 1761 914 nempe

266 940 449 968 omnem
465 928 721 981 potentiam
733 928 825 968 veri
843 926 1063 968 ecclesiae
1078 926 1318 968 resistendi
1335 931 1496 966 contra
1513 924 1626 965 falsa
1639 924 1758 965 mali.

349 987 430 1043 [6.]
473 989 613 1042 Apud
637 988 886 1037 Danielem,

332 1070 473 1103 Danieli
497 1072 594 1104 visae
618 1072 654 1103 in
679 1072 822 1103 somnio
845 1073 1030 1116 “quatuor
1053 1071 1189 1103 bestiae
1212 1070 1447 1102 ascendentes
1472 1080 1516 1101 ex
1540 1069 1628 1101 mari
1643 1067 1711 1107 ;''..
1725 1094 1733 1101 .
1747 1093 1756 1102 .

439 1121 565 1157 quarta
581 1116 727 1147 robusta
742 1115 857 1153 valde,
877 1115 933 1147 cui
957 1115 1083 1147 dentes
1106 1115 1202 1152 ferri,
1222 1114 1379 1146 comedit
1402 1120 1438 1145 et
1453 1114 1622 1145 contrivit
1625 1137 1719 1151 .....
1726 1119 1762 1144 et

439 1160 563 1191 decem
576 1169 711 1191 cornua
724 1159 794 1191 illi:
816 1161 838 1174 “
849 1165 885 1191 et
897 1159 1045 1197 attendi,
1060 1164 1095 1190 et
1108 1169 1189 1190 ecce
1200 1158 1295 1190 aliud
1308 1167 1420 1189 cornu
1433 1167 1584 1198 parvum
1601 1157 1763 1189 ascendit

440 1203 534 1235 inter
556 1213 610 1241 ea,
635 1209 671 1234 et
694 1203 762 1234 tria
784 1203 828 1234 de
852 1203 1018 1234 cornibus
1043 1203 1219 1243 prioribus
1243 1202 1422 1233 eradicata
1444 1208 1528 1232 sunt
1551 1211 1671 1232 coram
1695 1210 1761 1236 eo:

439 1247 531 1278 oculi
549 1247 639 1278 sicut
655 1246 747 1278 oculi
770 1246 927 1278 hominis
952 1247 988 1277 in
1005 1256 1116 1278 cornu
1139 1246 1218 1283 hoc,
1239 1251 1275 1277 et
1291 1255 1332 1277 os
1353 1245 1503 1286 loquens
1520 1254 1653 1285 magna
1664 1255 1688 1277 ε.
1703 1269 1711 1276 .
1725 1269 1733 1276 .
1747 1269 1755 1276 .

438 1291 513 1322 vidi
529 1290 624 1332 quod
647 1300 759 1322 cornu
782 1290 850 1322 hoc
873 1290 1006 1322 faceret
1028 1290 1160 1321 bellum
1182 1299 1262 1321 cum
1279 1287 1426 1326 sanctis,
1445 1295 1481 1320 et
1505 1288 1763 1329 praevaluisset

440 1334 491 1366 eis
495 1359 588 1372 .....
595 1340 631 1366 et
658 1334 752 1375 quod
779 1335 889 1366 verba
919 1339 1045 1366 contra
1072 1333 1297 1365 Altissimum
1330 1332 1762 1373 loquereturz....quoad

439 1388 572 1409 cornua
585 1378 719 1415 decem,
735 1383 819 1409 sunt
834 1378 956 1409 decem
973 1387 1076 1418 reges
1081 1402 1173 1414 .....
1181 1382 1217 1408 et
1233 1382 1305 1408 tres
1322 1386 1424 1417 reges
1441 1376 1642 1407 humiliabit
1652 1375 1671 1387 ”
1685 1374 1758 1415 (vii.

439 1430 471 1462 3,
487 1429 516 1461 7,
531 1422 561 1460 8,
577 1430 629 1460 20,
643 1430 696 1460 21,
711 1430 763 1460 23,
780 1419 868 1479 {25}
889 1421 962 1461 24):

265 1497 387 1552 quod
418 1511 497 1551 per
525 1497 760 1539 “cornua''
785 1497 857 1538 hic
889 1497 1206 1551 intelligantur
1237 1496 1349 1538 falsa
1380 1510 1495 1550 quae
1521 1495 1761 1536 destruunt

266 1575 372 1602 vera
404 1561 639 1611 ecclesiae,
667 1575 745 1602 seu
776 1562 985 1615 potentia
1015 1561 1230 1602 falsorum
1262 1566 1424 1601 contra
1454 1573 1574 1608 vera,
1603 1565 1760 1613 patet;

266 1638 346 1678 per
370 1619 602 1666 “‘bestiam
624 1624 952 1666 ascendentem
978 1638 1038 1665 ex
1065 1624 1176 1665 mari
1188 1623 1208 1639 ’¹
1229 1622 1510 1677 significatur
1530 1635 1658 1663 amor
1679 1623 1759 1670 sui,

268 1701 328 1728 ex
351 1701 440 1741 quo
465 1688 616 1728 omnia
639 1687 784 1739 mala3
817 1687 904 1737 hic,
928 1701 1057 1729 amor
1078 1687 1328 1741 imperandi
1357 1700 1490 1739 super
1511 1685 1687 1726 caelum
1714 1692 1761 1726 et

266 1754 449 1799 terram,
474 1752 543 1792 cui
574 1751 824 1792 inserviunt
850 1749 1009 1792 sancta
1039 1765 1122 1805 pro
1148 1750 1334 1801 mediis;
1366 1749 1510 1804 qualis
1537 1762 1664 1790 amor
1690 1755 1760 1789 est

265 1814 339 1867 qui
376 1813 646 1867 intelligitur
682 1827 761 1867 per
799 1813 1153 1867 “Babylonem’'
1190 1814 1235 1854 in
1270 1811 1557 1865 Apocalypsi.
1626 1810 1762 1864 Quod

268 1880 367 1918 “ex
393 1878 503 1918 mari
514 1877 533 1892 ’'
554 1878 649 1918 visa
674 1878 732 1918 sit
758 1878 1019 1927 ascendere,
1048 1883 1119 1918 est
1144 1877 1248 1931 quia
1273 1890 1353 1930 per
1377 1879 1537 1916 “mare
1549 1874 1568 1890 '¹
1591 1874 1761 1927 signifi-

266 1946 395 1980 catur
420 1939 637 1981 naturalis
665 1939 804 1981 homo
831 1946 1066 1994 separatus
1092 1954 1118 1981 a
1144 1938 1378 1993 spirituali,
1405 1938 1480 1979 ille
1507 1938 1626 1979 enim
1653 1943 1760 1978 tunc

265 2002 370 2044 talis
402 2009 473 2044 est
505 2009 554 2044 ut
586 2003 696 2044 nihil
728 2003 827 2057 plus
859 2004 1012 2057 cupiat
1043 2016 1178 2057 quam
1209 2003 1430 2056 imperare
1461 2001 1684 2049 omnibus,
1715 2007 1762 2041 et

265 2066 501 2120 imperium
519 2066 784 2108 confirmare
806 2081 867 2108 ex
890 2080 1024 2107 sensu
1046 2066 1228 2108 litterae
1243 2064 1411 2115 Verbi;
1446 2068 1471 2086 “
1485 2064 1644 2105 decem
1663 2077 1761 2104 cor-

266 2129 386 2170 nua”
417 2129 674 2183 significant
706 2129 819 2170 falsa
850 2130 997 2170 omnis
1028 2130 1222 2183 generis,
1256 2141 1362 2169 nam
1395 2127 1625 2168 “decem''
1657 2133 1762 2171 sunt

266 2193 444 2244 omnia;
487 2207 623 2247 quare
654 2194 794 2234 etiam
825 2194 988 2238 dicitur
1018 2193 1139 2247 quod
1173 2192 1371 2234 “decem
1403 2204 1572 2232 cornua
1603 2191 1762 2232 decem

265 2269 397 2308 reges
429 2256 560 2305 sint,''
588 2259 757 2310 “reges
769 2256 788 2271 ”
813 2257 933 2297 enim
963 2255 1221 2310 significant
1247 2270 1367 2305 vera,
1396 2262 1443 2297 et
1474 2255 1518 2296 in
1550 2255 1764 2308 opposito

266 2331 415 2367 sensu,
439 2324 489 2360 ut
514 2318 602 2368 hic,
626 2319 751 2360 falsa.
815 2319 1004 2361 “Cornu
1029 2333 1217 2373 parvum
1232 2319 1252 2334 ''
1274 2320 1394 2373 quod
1417 2318 1624 2360 ascendit
1646 2318 1765 2359 inter

266 2395 334 2430 ea,
368 2394 521 2422 coram
553 2396 642 2436 quo
673 2383 759 2423 tria
789 2383 846 2424 de
880 2383 1091 2424 cornibus
1128 2383 1348 2436 prioribus
1379 2382 1610 2424 eradicata
1641 2388 1760 2430 sunt,

267 2443 492 2497 significat
514 2444 763 2499 plenariam
786 2446 1121 2499 perversionem
1144 2445 1285 2486 Verbi
1307 2459 1386 2499 per
1407 2444 1763 2498 applicationem

267 2521 425 2548 sensus
442 2507 622 2549 litterae
640 2507 732 2561 ejus
750 2509 807 2549 ad
825 2508 1183 2550 confirmandum
1198 2521 1400 2549 amorem
1416 2507 1614 2548 dominii.
1660 2506 1762 2548 Hoc

267 2584 407 2612 cornu
423 2571 586 2613 dicitur
605 2572 868 2626 “parvum,‘’
886 2573 990 2626 quia
1011 2586 1103 2613 non
1125 2578 1314 2626 apparet
1336 2571 1457 2625 quod
1479 2576 1766 2625 pervertatur

267 2633 470 2675 Verbum
488 2649 498 2686 ;
530 2641 577 2676 et
599 2635 720 2689 quod
742 2649 834 2676 non
855 2641 1044 2689 apparet
1067 2648 1221 2676 coram
1244 2636 1341 2676 visu
1363 2635 1545 2688 spiritus
1567 2633 1764 2674 hominis

266 2711 345 2739 seu
385 2711 539 2739 coram
578 2697 815 2740 intellectu
851 2699 958 2752 ejus,
997 2698 1083 2740 hoc
1121 2699 1498 2739 animadvertitur
1533 2698 1606 2739 vel
1647 2699 1763 2739 sicut

267 2761 440 2802 nullum
464 2761 537 2803 vel
569 2762 686 2803 sicut
717 2769 932 2815 parvum;
964 2763 1009 2803 in
1035 2763 1205 2803 mundo
1236 2762 1457 2816 spirituali
1488 2761 1591 2803 talis
1623 2774 1763 2815 appa-

266 2825 413 2865 rentia
445 2831 517 2866 est
549 2838 640 2866 non
670 2825 1101 2879 apprehensibilium
1133 2826 1217 2867 nisi
1253 2840 1280 2867 a
1316 2826 1481 2879 paucis.
1545 2824 1765 2866 “Cornua

267 2889 353 2929 tria
364 2887 383 2903 '’
401 2901 515 2942 quae
541 2901 694 2930 coram
716 2888 795 2930 illo
817 2889 1048 2931 eradicata
1071 2895 1192 2939 sunt,
1217 2888 1475 2942 significant
1498 2902 1604 2929 vera
1622 2887 1763 2927 Verbi

265 2951 338 3000 ibi,
354 2965 470 3005 quae
483 2951 545 2992 sic
564 2965 643 3005 per
653 2951 990 2994 falsificationes
1004 2951 1234 2994 destructa
1252 2958 1357 2993 sunt
1376 2967 1385 3002 ;
1411 2951 1488 2992 illa
1501 2965 1608 2992 vera
1622 2950 1762 2992 etiam

266 3013 577 3067 significantur
602 3029 682 3069 per
707 3011 838 3058 “'tres
864 3015 1025 3070 reges'‘
1047 3030 1161 3070 quos
1186 3016 1466 3066 humiliavit;
1500 3028 1578 3068 per
1606 3013 1731 3054 “tria
1744 3012 1764 3027 ''
