2060 3476
728 354 836 388 CAP.
859 355 906 396 1.,
931 355 1070 388 VERS.
1099 356 1270 399 14—N.
1296 347 1364 389 66.
1733 359 1785 403 71

299 478 398 511 tum
421 468 541 523 quod

361 546 607 588 Quadraginta
622 546 694 578 duo
709 546 810 587 pueri
826 546 993 587 discerpti
1009 546 1143 579 fuerint
1159 548 1204 578 ab
1220 547 1323 585 ursis,
1340 547 1424 589 quia
1439 547 1628 580 illuserunt
1642 547 1786 581 Elisaeo

471 596 640 622 vocantes
656 590 755 622 illum
773 590 914 622 calvum
931 590 965 632 (2
977 591 1060 633 Reg.
1076 591 1111 623 ii.
1128 599 1181 631 23.
1199 591 1274 632 24):

297 674 345 708 ut
371 673 415 709 et
443 666 562 721 quod

362 743 456 776 Elias
484 744 628 775 indutus
656 743 763 775 fuerit
790 743 910 775 tunica
938 743 1053 783 pilosa
1079 742 1112 783 (2
1130 744 1211 785 Reg.
1231 743 1253 776 i.
1274 743 1328 784 8);
1360 749 1396 775 et
1418 743 1603 786 Joha-nnes
1630 743 1792 785 Baptista

469 788 550 828 pilis
566 787 782 820 camelorum
799 787 926 828 (Marc.
945 795 974 819 1.
993 787 1047 828 6):

294 880 341 915 et
373 879 623 927 praeterea,
656 872 762 927 quid
793 871 1050 926 significant
1080 871 1287 926 “caput”
1315 872 1545 926 “capilli,”
1574 872 1790 922 “barba,''

294 943 340 977 et
370 935 682 984 “calvitium‚’'
707 935 782 976 ubi
808 935 1101 976 nominantur
1125 935 1170 975 in
1197 934 1366 976 Verbo.
1783 943 1788 948 “

367 994 515 1051 ‘Quod
533 997 575 1038 N
578 998 777 1039 aziraeus
796 1011 887 1038 non
904 997 1083 1038 raderet
1101 1010 1295 1046 comam,
1314 998 1417 1052 quia
1434 997 1525 1047 illa,
1545 1004 1594 1039 ut
1613 998 1789 1047 dicitur,

294 1067 392 1102 erat
422 1060 719 1101 Naziraeatus
746 1060 832 1101 Dei
863 1073 996 1114 super
1021 1060 1170 1113 capite
1202 1059 1310 1113 ejus,
1339 1066 1386 1101 et
1418 1060 1539 1114 quod
1570 1060 1792 1102 absolutis

293 1123 450 1164 diebus
476 1123 715 1163 abraderet
738 1121 876 1171 illam,
901 1128 947 1163 et
974 1129 1277 1172 consecraret,
1301 1129 1399 1164 erat
1422 1124 1525 1176 quia
1547 1122 1589 1163 N
1593 1124 1792 1164 aziraeus

292 1185 668 1239 repraesentabat
696 1185 944 1226 Dominum
969 1186 1014 1225 in
1041 1186 1194 1238 primis
1221 1192 1268 1226 et
1294 1186 1339 1226 in
1365 1184 1552 1235 ultimis,
1580 1199 1632 1226 ac
1665 1185 1792 1226 Divi-

293 1261 400 1288 num
423 1248 569 1302 Ipsius
591 1248 636 1288 in
658 1246 828 1288 ultimis
851 1253 948 1288 erat
968 1247 1230 1288 Humanum
1251 1248 1410 1301 Ipsius,
1430 1247 1551 1302 quod
1578 1248 1792 1289 Divinum

291 1310 398 1351 fecit
429 1324 569 1364 usque
600 1310 658 1350 ad
694 1315 877 1350 carnem
910 1316 956 1350 et
994 1324 1111 1358 ossa,
1145 1324 1259 1364 quae
1297 1316 1402 1351 sunt
1439 1310 1625 1361 ultima3
1671 1311 1792 1364 quod

292 1386 431 1427 usque
453 1373 510 1413 ad
537 1385 719 1413 carnem
742 1378 788 1413 et
815 1386 932 1420 ossa,
957 1378 1087 1426 patet
1114 1386 1174 1413 ex
1200 1387 1269 1422 eo,
1294 1372 1414 1427 quod
1441 1372 1551 1413 nihil
1574 1373 1618 1413 in
1641 1373 1792 1427 sepul-

292 1448 369 1477 cro
395 1434 640 1489 reliquerit,
669 1440 716 1475 et
743 1434 864 1488 quod

359 1524 442 1566 Ipse
458 1525 503 1556 ad
519 1524 714 1565 discipulos
728 1510 870 1562 dixerit,
891 1524 984 1566 quod
1011 1524 1166 1568 Carnem
1184 1531 1219 1556 et
1237 1524 1331 1557 Ossa
1346 1525 1504 1564 haberet,
1525 1536 1615 1567 quae
1633 1536 1706 1557 non
1723 1526 1794 1567 spi-

466 1569 555 1600 ritus
572 1568 669 1609 (Luc.
686 1569 782 1600 xxiv.
800 1577 853 1609 39,
869 1569 926 1609 40)
942 1580 949 1601 ε

292 1658 338 1693 et
365 1664 467 1693 cum
495 1651 648 1705 Ipsum
672 1651 886 1692 Divinum
907 1653 1047 1692 etiam
1070 1653 1114 1693 in
1141 1651 1311 1693 ultimis
1334 1659 1405 1693 est
1429 1653 1658 1702 Divinum,
1683 1659 1794 1694 tuno

292 1728 353 1754 ex
383 1715 535 1767 primis
567 1727 646 1767 per
672 1713 831 1754 ultima
856 1714 974 1767 regit
1001 1715 1166 1754 omnia.
1229 1724 1287 1762 (Ut
1302 1730 1446 1754 constase
1466 1730 1571 1763 potest
1585 1735 1624 1754 ex
1638 1725 1697 1754 iuis
1711 1734 1794 1763 quae

291 1790 398 1818 supra,
417 1791 451 1810 n.
464 1781 514 1821 41
525 1802 534 1818 ‚
546 1780 633 1809 dic‘ta
642 1785 672 1809 et
683 1785 809 1809 ostensa
817 1786 906 1815 sunt;
928 1781 1081 1818 imprimis
1092 1790 1131 1810 ex
1140 1781 1199 1810 illis
1210 1790 1292 1818 quae
1304 1781 1336 1809 in
1347 1781 1487 1810 Arcanis
1502 1782 1690 1811 Caelestibus
1699 1782 1795 1811 allata

291 1834 380 1865 sunt:
403 1831 492 1867 quod
506 1839 622 1868 nempe
636 1830 784 1859 interiora
797 1830 972 1859 successive
986 1830 1122 1859 influant
1143 1831 1175 1859 in
1193 1831 1357 1865 exteriora,
1373 1840 1475 1868 usque
1489 1831 1530 1860 ad
1545 1836 1722 1860 extremum
1737 1840 1794 1859 seu

292 1877 449 1911 ultimum,
467 1881 499 1906 et
520 1878 608 1914 quod
630 1878 672 1906 ibi
694 1878 789 1906 etiam
811 1877 946 1906 existant
966 1882 998 1906 et
1018 1878 1198 1912 subsistant,
1219 1887 1250 1908 n.
1266 1878 1336 1915 634,
1351 1879 1441 1915 6239,
1457 1878 1546 1915 6465,
1564 1876 1686 1915 [¹19215,
1702 1879 1792 1915 9216.

292 1925 390 1962 Quod
404 1934 470 1954 non
485 1925 583 1954 modo
597 1925 772 1954 successive
786 1925 931 1959 influant,
946 1926 1003 1954 sed
1024 1925 1119 1954 etiarn
1134 1925 1271 1954 forment
1291 1926 1324 1954 in
1345 1925 1456 1954 ultimo
1478 1925 1712 1959 simultaneum,
1727 1934 1793 1962 quo

290 1973 412 2006 ordine,
427 1981 459 2002 n.
475 1974 565 2009 5897,
579 1972 669 2009 6451.
686 1973 774 2009 8603.
790 1981 897 2010 10099.
941 1973 1039 2009 Quod
1054 1973 1127 2001 ideo
1142 1973 1250 2001 omnia
1264 1973 1412 2001 interiora
1426 1972 1647 2002 contineantur
1660 1973 1694 2000 in
1708 1975 1794 2001 nexu

290 2029 311 2049 a
327 2020 430 2057 primo
447 2028 505 2057 per
518 2019 676 2054 ultimum,
694 2028 726 2049 n.
741 2021 838 2057 9828;
861 2024 892 2049 et
906 2020 939 2048 in
957 2029 1053 2057 opere
1068 2021 1120 2049 De
1138 2020 1230 2049 Caelo
1245 2023 1276 2050 et
1289 2020 1426 2058 Inferna,
1442 2029 1473 2050 n.
1491 2028 1559 2057 297.
1603 2019 1701 2056 Quod
1719 2019 1793 2048 inde

291 2067 438 2096 ultimum
452 2075 529 2105 prae
543 2066 742 2096 interioribus
756 2067 795 2096 sit
809 2067 966 2101 sanctum.
977 2076 1008 2097 n.
1024 2069 1114 2104 9824.
1148 2067 1245 2103 Quod
1260 2067 1334 2096 inde
1348 2067 1380 2095 in
1396 2067 1513 2096 ultimis
1527 2067 1566 2095 sit
1580 2067 1678 2095 robur
1691 2071 1722 2095 et
1735 2075 1794 2104 po-

246 2139 251 2143 ·
291 2123 398 2158 tentia,
412 2131 444 2152 n.
460 2121 565 2160 9836.)
645 2112 757 2153 Inde
794 2125 911 2153 nunc
944 2118 1029 2161 est,
1063 2113 1184 2166 quod
1222 2112 1518 2153 Naziraeatus
1554 2113 1791 2153 institutus

293 2175 366 2215 sit.
429 2173 564 2227 Quod
590 2173 753 2215 ultimo
784 2180 1074 2215 consecraret
1106 2175 1275 2215 crinem
1307 2187 1449 2223 suum,
1478 2174 1706 2215 mittendo
1737 2173 1791 2214 il-

292 2236 386 2277 lum
411 2237 456 2277 in
488 2237 642 2290 ignem
668 2236 839 2285 altaris,
868 2243 965 2278 erat
998 2238 1101 2291 quia
1127 2235 1333 2278 sanetum
1366 2237 1579 2277 Divinum
1611 2250 1791 2290 reprae-

293 2299 522 2347 sentabat,
550 2304 597 2339 et
631 2299 786 2352 “ignis
817 2298 974 2339 altaris
986 2298 1006 2314 '’
1032 2298 1317 2352 significabat
1350 2299 1394 2340 id
1426 2297 1632 2340 sanetum
1662 2309 1706 2346 (n.
1723 2318 1792 2346 934.

292 2359 556 2448 ⁶314'E5332liis
582 2421 759 2461 quoque
785 2414 997 2449 constare
1024 2414 1179 2462 potest
1206 2422 1282 2449 cur
1309 2408 1503 2449 Simsoni
1530 2415 1627 2449 erat
1659 2408 1793 2449 robur

243 2482 249 2488 ⁴
293 2470 339 2510 in
365 2470 560 2510 crinibus
595 2468 766 2524 (Judic.
794 2471 885 2511 xvi.
916 2469 1008 2524 [13]
1032 2469 1090 2510 ad
1116 2468 1240 2522 fin.);
1274 2481 1378 2509 nam
1406 2469 1569 2510 dicitur
1595 2470 1714 2523 quod

440 2558 634 2591 Naziraeus
651 2559 757 2592 fuerit
773 2561 818 2591 ab
835 2566 937 2591 utero
955 2560 1079 2592 matris
1096 2559 1235 2602 (Judit.
1252 2559 1326 2591 xiii.
1345 2567 1362 2598 7
1379 2569 1386 2598 ;
1410 2569 1487 2601 cap.
1502 2560 1574 2592 xvi.
1594 2559 1658 2600 17).

296 2642 410 2684 Inde
432 2655 610 2696 quoque
636 2648 750 2692 erat,

362 2731 469 2773 Quod
492 2740 566 2762 non
590 2730 712 2762 liceret
728 2741 870 2763 summo
887 2731 1062 2763 sacerdoti
1079 2741 1120 2763 ac
1137 2731 1219 2763 filiis
1232 2731 1322 2772 ejus,
1343 2741 1409 2763 nee
1427 2731 1572 2769 Levitis,
1592 2730 1717 2762 radere
1734 2739 1792 2761 ca-

470 2780 544 2849 ppt,
563 2784 605 2805 ac
613 2775 788 2859 )inducere
803 2775 870 2807 sibi
887 2775 1067 2807 calvitium
1085 2775 1208 2816 (Levit.
1224 2785 1258 2807 x.
1275 2776 1295 2806 6
1308 2785 1318 2813 ς
1342 2785 1419 2816 cap.
1435 2775 1508 2807 xxi.
1526 2782 1556 2814 5,
1575 2783 1635 2807 10:
1663 2773 1789 2806 Ezech.

469 2828 494 2850 x
508 2828 554 2850 ιν.
571 2825 614 2849 20
640 2827 648 2857 ;

296 2897 396 2932 tum
421 2890 543 2944 quod

363 2966 584 2998 Abscindere
601 2967 747 2998 barbam
765 2965 869 3008 (quae
886 2967 994 2999 etiam
1011 2967 1129 3000 simile
1146 2967 1383 3008 significabat)
1399 2967 1494 3008 apud
1512 2966 1681 3008 populum
1701 2946 1800 2998 Ista-¹

472 3010 629 3042 eliticum
646 3017 743 3042 esset
759 3010 1042 3052 ignominiosum
1059 3012 1092 3053 (2
1109 3012 1201 3044 Sam.
1218 3022 1252 3044 x.
1268 3021 1300 3051 4,
1319 3012 1362 3052 5).
