2060 3476
274 355 370 398 43Q
688 354 1020 390 APOCALYPSIS
1050 354 1348 388 EXPLICATA.

280 467 478 521 “viginti
503 467 726 521 quatuor''
748 467 1003 522 significant
1030 467 1193 517 omnia,
1218 481 1269 508 ac
1295 466 1486 508 “throni
1497 466 1516 485 '¹’
1533 464 1761 520 judicium,

279 543 330 571 ac
356 531 593 571 “seniores
607 530 627 546 ‘'
652 530 754 572 illos
779 531 852 585 qui
883 531 928 571 in
952 531 1068 572 veris
1100 544 1159 571 ex
1185 530 1306 571 bono
1333 535 1436 570 sunt
1463 535 1510 571 et
1536 528 1762 572 abstra8oe

277 607 383 634 vera
408 607 467 634 ex
493 593 641 634 bono:
675 594 795 647 quod
821 593 933 634 caeli
959 593 1208 647 superiores
1237 592 1308 633 hic
1334 591 1663 645 intelligantur,
1691 599 1761 634 est

278 656 379 709 quia
397 668 553 696 omnes
568 656 634 696 vibi
656 657 700 696 in
717 657 832 697 veris
856 670 915 697 ex
937 656 1058 696 bono
1080 656 1244 696 amoris
1261 660 1380 704 sunt,
1400 659 1447 695 et
1464 655 1566 709 quia
1586 654 1631 695 in
1653 667 1762 695 mox

279 716 574 769 sequentibus
604 717 768 759 dicitur
792 717 849 758 de
879 716 1018 758 caelis
1048 715 1343 757 inferioribus.
1402 726 1514 764 (Quod
1526 722 1670 763 ,“viginfi
1688 735 1765 763 qua-

279 783 350 807 tuor
359 777 376 787 ''
389 777 563 814 significent
578 778 693 812 omnia,
706 783 753 807 est
764 778 838 815 quia
849 778 900 806 ille
914 786 1064 807 numerus
1078 777 1177 806 simile
1189 776 1343 814 significat
1354 785 1426 806 eum
1441 785 1574 805 numero
1586 776 1764 810 duodecim.

279 827 309 851 et
321 826 338 836 ‘⁴
349 822 517 851 duodecim
528 822 544 831 '¹
557 823 733 860 significant
745 823 852 851 omnia
866 827 897 851 et
910 822 1131 859 praedicantur
1142 822 1182 851 de
1196 821 1285 855 veris,
1298 821 1440 850 videatur
1450 830 1481 850 n.
1494 827 1563 858 577,
1576 822 1664 858 2089,
1676 829 1767 858 2129,

280 875 367 904 2130,
390 875 480 904 3272,
503 869 541 904 38
544 869 592 903 58,
615 876 693 904 3913
705 877 711 902 ;
742 868 830 904 quod
855 875 1005 896 numerus
1026 867 1134 904 viginti
1163 871 1300 904 quatuor
1320 866 1419 894 simile
1440 865 1593 904 significet
1613 873 1686 894 cum
1707 873 1766 894 nu-

279 920 367 940 mero
382 912 562 946 duodecim,
578 916 624 940 est
638 912 713 949 quia
733 911 786 941 ille
807 916 853 940 est
867 911 984 949 duplus
1005 912 1082 949 ejus,
1097 915 1129 940 et
1143 911 1277 948 duplum
1298 910 1453 948 significat
1467 910 1568 939 simile
1584 917 1658 939 cum
1678 909 1732 938 illo
1747 918 1766 938 a

279 970 344 998 quo
355 970 412 998 per
423 961 716 998 multiplicationem
729 961 918 999 exsurgit,n.
931 967 1020 998 5291,
1033 967 1122 998 5335,
1135 962 1224 997 5708,
1237 960 1342 998 7973.)
1382 948 1538 990 Simile
1552 948 1673 1002 quod
1690 947 1763 989 hic

280 1011 556 1064 significatur
587 1025 665 1064 per
692 1011 951 1066 “,thronos’'
982 1025 1114 1064 super
1144 1011 1302 1065 quibus
1333 1010 1496 1051 sessuri
1526 1008 1764 1050 duodecim

280 1073 509 1127 Apostoli,
538 1074 593 1114 de
620 1074 777 1127 quibus
803 1074 922 1128 apud
946 1073 1239 1123 Matthaeum,

348 1170 453 1202 “Vos
471 1171 529 1212 qui
546 1171 656 1203 secuti
673 1171 758 1203 estis
777 1170 837 1203 Me
855 1171 890 1203 in
908 1172 1190 1212 regeneratione,
1210 1180 1316 1212 quum
1334 1170 1464 1202 sederit
1485 1169 1593 1202 Filius
1609 1169 1765 1201 hominis

452 1224 559 1254 super
576 1215 704 1246 throno
726 1215 859 1255 gloriae
877 1225 972 1252 suae,
993 1215 1159 1247 sedebitis
1176 1220 1211 1246 et
1227 1224 1293 1246 vos
1310 1223 1416 1254 super
1435 1211 1651 1256 [duodecim]
1670 1213 1766 1245 thro-

453 1258 508 1290 nis
524 1257 722 1298 judicantes
739 1258 924 1291 duodecim
942 1259 1053 1290 tribus
1071 1257 1241 1290 Israelis”
1258 1258 1342 1298 (xix.
1360 1258 1401 1290 28
1416 1267 1423 1296 ;
1447 1257 1530 1289 Luc.
1545 1257 1629 1293 xxii.
1647 1255 1722 1297 3o);

280 1375 358 1415 per
400 1362 675 1404 “duodecim
715 1361 1002 1416 Apostolos‘’
1041 1358 1351 1416 significantur
1391 1362 1542 1403 omnia
1576 1375 1682 1403 vera
1720 1361 1765 1402 in

280 1424 536 1478 complexu.
599 1424 813 1467 Similiter
837 1426 881 1466 in
908 1425 1198 1479 sequentibus
1222 1426 1267 1466 in
1292 1424 1577 1478 Apocalypsi,

348 1523 465 1607 “Vidi(
486 1524 646 1607 thro)nos‚
666 1530 701 1556 et
717 1524 956 1556 consederunt
979 1533 1086 1565 super
1101 1524 1181 1562 illis,
1201 1529 1237 1556 et
1258 1523 1428 1565 judicium
1445 1523 1566 1557 datum
1590 1529 1645 1556 est
1668 1512 1766 1556 illis³¹

467 1577 524 1599 xx.
540 1576 561 1606 4
588 1577 595 1606 ;

280 1666 399 1720 quod
427 1665 672 1719 “judicium
695 1667 852 1708 datum
875 1667 932 1708 sit
959 1667 1046 1708 illis
1068 1667 1141 1721 qui
1167 1667 1379 1711 sederunt
1406 1680 1537 1720 super
1559 1665 1734 1708 thronis
1745 1664 1766 1681 ”

280 1728 504 1782 significat
536 1730 656 1783 quod
682 1729 896 1782 judicium
922 1731 980 1772 sit
1011 1730 1095 1771 soli
1128 1729 1338 1778 Domino,
1367 1742 1470 1770 nam
1502 1743 1581 1783 per
1608 1729 1765 1770 “seni-

280 1791 411 1832 ores’'
437 1793 481 1832 in
513 1791 668 1833 Verbo
700 1791 1010 1846 significantur
1041 1805 1198 1833 omnes
1229 1793 1302 1846 qui
1333 1792 1377 1832 in
1408 1792 1523 1833 veris
1555 1806 1614 1833 ex
1645 1792 1766 1833 bono

280 1860 398 1902 sunt,
428 1860 474 1895 et
506 1853 734 1896 abstracte
765 1869 871 1896 vera
902 1869 960 1896 ex
991 1855 1112 1896 bono
1143 1869 1202 1896 ex
1233 1854 1390 1908 quibus
1417 1853 1659 1907 judicium:
1692 1854 1765 1907 qui
1826 1874 1830 1876 -

280 1917 422 1957 credit
455 1917 574 1970 quod
605 1918 649 1958 in
682 1917 837 1959 Verbo
868 1931 946 1972 per
974 1917 1241 1959 “seniores”
1273 1923 1319 1958 et
1351 1931 1430 1970 per
1462 1915 1765 1970 “apostolos”

279 1979 594 2033 intelligantur
620 1980 818 2022 seniores
843 1987 889 2022 et
916 1980 1127 2034 apostoli,
1155 1979 1348 2022 multum
1378 1978 1571 2030 fallitur;
1604 1979 1648 2019 in
1674 1979 1764 2031 spi-

279 2041 427 2082 rituali
453 2055 587 2083 sensu
612 2042 753 2084 Verbi
779 2057 869 2084 non
895 2043 1071 2097 aliquae
1097 2056 1315 2096 personae
1344 2042 1660 2096 percipiuntur,
1685 2041 1764 2082 sed

279 2117 349 2144 res
375 2103 604 2146 abstracste
635 2119 661 2146 a
692 2107 908 2159 personis,
937 2119 1042 2146 nam
1068 2104 1299 2159 spirituale
1325 2117 1415 2145 non
1441 2103 1607 2158 aliquid
1639 2116 1764 2145 com-

280 2179 413 2207 mune
445 2166 583 2208 habet
611 2181 711 2208 cum
738 2169 965 2221 personis:
999 2167 1131 2208 aliter
1161 2168 1205 2207 in
1237 2180 1370 2208 sensu
1401 2166 1582 2207 litterae
1607 2166 1763 2216 Verbi,

280 2230 354 2283 qui
378 2235 448 2270 est
472 2230 716 2281 naturalis;
749 2232 793 2271 in
819 2230 905 2272 hoc
929 2244 1063 2271 sensu
1085 2243 1175 2271 non
1197 2230 1333 2270 modo
1355 2230 1644 2270 nominantur
1665 2243 1766 2282 per·
1797 2271 1800 2274 ‚

281 2306 432 2342 sonae,
467 2293 546 2334 sed
578 2295 716 2334 etiam
753 2294 853 2335 idea
889 2307 1107 2347 personae
1144 2294 1261 2334 inest
1293 2293 1446 2334 multis
1476 2293 1675 2342 vocibus,
1708 2293 1768 2334 ob

281 2368 464 2397 causam
486 2362 535 2397 ut
558 2356 760 2397 Verbum
787 2357 844 2398 sit
870 2357 914 2397 in
941 2358 1029 2398 suis
1052 2356 1220 2398 ultimis
1244 2354 1462 2405 naturale,
1486 2361 1533 2397 et
1560 2356 1621 2397 sic
1647 2355 1768 2397 basis

281 2421 429 2461 sensui
466 2419 697 2473 spirituali.
774 2419 886 2461 Cum
923 2419 1253 2473 significatione
1292 2418 1586 2460 “seniorum’'
1623 2418 1766 2459 simile

281 2489 351 2524 est
377 2496 427 2524 ac
454 2496 555 2524 cum
582 2483 910 2536 significatione
939 2482 1237 2531 “infantum,'’
1264 2481 1578 2536 “puerorum,’'
1605 2481 1765 2534 “juve-

282 2545 428 2594 num,''
457 2546 691 2595 “senum,'’
721 2545 1019 2598 “virginum‚”
1047 2544 1360 2593 “mulierum”
1386 2550 1432 2586 et
1458 2544 1648 2598 plurium
1674 2543 1767 2597 ejus

282 2609 472 2662 generis.
530 2608 630 2649 Hae
648 2615 694 2649 et
712 2608 775 2649 illi
793 2622 883 2649 non
901 2608 1345 2662 comprehenduntur
1361 2608 1406 2648 in
1423 2607 1616 2648 naturali
1633 2620 1766 2656 sensu

283 2671 413 2712 aliter
434 2672 478 2712 in
504 2672 604 2712 idea
626 2685 759 2724 quam
781 2678 830 2712 ut
857 2685 1090 2725 personae,
1115 2671 1194 2712 sed
1220 2671 1264 2711 in
1290 2684 1423 2711 sensu
1445 2670 1662 2723 spirituali
1688 2684 1767 2723 per

286 2733 549 2775 “infantes’'
581 2733 850 2787 intelligitur
880 2735 1154 2782 innocentia,
1187 2747 1265 2787 per
1293 2732 1521 2786 “pueros''
1553 2732 1764 2781 charitas,

284 2810 362 2850 per
401 2795 623 2849 “juvenes
638 2796 657 2811 ’'
694 2796 1011 2849 intelligentia,
1053 2810 1132 2849 per
1170 2799 1340 2836 “senes
1355 2794 1375 2810 ’¹
1412 2795 1647 2848 sapientia,
1688 2808 1767 2848 per

288 2859 520 2911 “virgines
535 2858 554 2873 ’'
585 2856 761 2898 affee‘cio
792 2859 884 2899 veri
915 2864 961 2899 et
993 2858 1113 2907 boni,
1147 2863 1193 2899 et
1225 2871 1303 2911 per
1335 2857 1583 2898 “mulieres
1595 2856 1616 2872 ''
1647 2857 1767 2898 bona

285 2935 399 2974 quae
425 2920 668 2972 ecclesiae;
701 2927 747 2961 et
774 2921 834 2961 sic
864 2921 908 2961 in
934 2917 1109 2961 ce'teris.
1171 2919 1324 2961 Simile
1350 2926 1419 2961 est
1446 2932 1547 2960 cum
1573 2919 1766 2960 naturali

287 2991 331 3026 et
350 2983 566 3038 spirituali
582 2996 716 3025 sensu
733 2987 758 3004 ‘¹
770 2984 963 3037 proximi
980 2983 1014 3024 :”
1040 2984 1083 3024 in
1101 2982 1295 3024 naturali
1312 2996 1458 3032 sensu,
1477 2995 1556 3036 per
1574 2982 1765 3034 “proxi-
