2060 3476
346 336 428 388 384
513 330 519 341 ‘
752 343 1084 389 APOCALYPSIS
1116 345 1418 379 EXPLICATA.

343 456 444 509 quia
458 455 567 496 fides
585 455 661 496 1113
676 469 765 497 non
783 462 852 498 est
870 456 914 497 in
933 456 1114 498 homine
1132 456 1211 498 sed
1228 463 1361 498 extra
1377 456 1501 498 illum
1518 470 1527 498 ε
1561 458 1679 511 quod
1696 459 1759 500 ita
1773 459 1831 501 sit

344 518 578 559 manifeste
600 525 809 560 constare
835 526 988 572 potest
1014 534 1072 560 ex
1099 533 1166 569 eo,
1190 520 1309 573 quod
1335 533 1493 560 omnes
1515 521 1588 573 qui
1613 534 1637 561 e
1662 521 1831 562 mundo

342 581 528 621 veniunt
552 581 741 633 primum
763 582 1033 635 recipiantur
1050 582 1107 623 ab
1129 582 1303 635 angelis
1326 588 1371 622 et
1394 596 1419 622 a
1441 582 1570 623 bonis
1593 583 1830 636 spiritibus,

342 656 393 683 ac
421 644 542 684 omni
574 643 710 684 modo
740 644 1042 695 instruantur3
1075 645 1212 684 immo
1238 645 1375 685 etiam
1402 643 1528 698 plura
1558 644 1643 685 illis
1675 652 1830 687 osten-

343 706 508 746 duntur
538 706 596 746 ad
632 707 780 747 vivum
812 713 858 747 et
890 707 946 747 ad
983 707 1140 755 visum,
1173 706 1252 747 sed
1289 721 1428 760 usque
1459 720 1547 747 non
1585 708 1830 761 recipiunt;

342 782 477 822 quare
499 783 547 809 se
569 769 625 810 ab
643 769 728 810 illis
746 769 1018 818 abalienant,
1038 775 1084 810 et
1106 769 1328 810 accedunt
1351 769 1408 810 ad
1430 769 1530 810 illos
1549 771 1622 823 qui
1643 771 1687 810 in
1710 770 1832 811 nulla

342 830 429 872 fide
455 838 572 872 sunt.
633 830 813 872 Dictum
840 832 975 872 etiam
1003 838 1072 872 est
1098 830 1185 871 illis
1210 831 1329 884 quod
1361 832 1396 872 si
1427 822 1702 885 reciperetur
1722 832 1831 874 fides

342 907 420 947 per
445 894 590 935 solum
622 895 734 935 scire
764 901 810 935 et
843 895 1061 947 cogitare,
1090 891 1180 934 mab
1211 894 1418 934 omnibus
1449 908 1590 947 aeque
1621 894 1748 936 malis
1780 909 1830 936 ac

342 957 473 998 bonis
495 958 778 1010 reciperetur,
798 963 843 997 et
866 958 927 997 sic
951 970 1084 997 nemo
1102 956 1403 997 damnaretur.
1465 955 1598 1009 Quod
1621 957 1829 1006 charitas,

341 1033 454 1073 quae
486 1026 556 1060 est
587 1018 763 1060 affectio
794 1019 1047 1072 spiritualis,
1076 1030 1293 1072 nusquam
1324 1019 1482 1059 dabilis
1514 1020 1571 1060 sit
1603 1020 1720 1073 apud
1750 1020 1830 1061 ali-

341 1096 473 1136 quem
505 1083 586 1123 nisi
623 1083 735 1123 sciat
766 1096 885 1130 vera,
919 1081 1126 1135 exploret
1158 1096 1205 1123 se
1243 1082 1488 1122 secundum
1526 1081 1614 1131 illa,
1647 1083 1831 1136 recipiat

341 1145 430 1193 illa,
449 1152 495 1186 et
518 1158 680 1186 novam
699 1146 839 1186 vitam
861 1145 946 1185 illis
970 1145 1318 1186 convenientem
1341 1151 1463 1197 agat,
1481 1145 1685 1186 videatur
1701 1159 1833 1199 supra

343 1207 405 1261 (n.
429 1208 546 1262 239).
597 1208 708 1248 Inde
730 1208 928 1261 sequitur
950 1207 1070 1261 quod
1093 1207 1185 1247 vita
1207 1206 1309 1247 fidei
1331 1208 1387 1247 sit
1411 1207 1620 1256 charitas,
1643 1214 1690 1248 et
1712 1209 1830 1261 quod

341 1272 448 1312 nihil
467 1272 586 1312 vitae
605 1271 709 1311 insit
732 1270 833 1311 fidei
855 1271 937 1311 nisi
954 1275 1169 1324 quantum
1187 1269 1417 1310 charitatis
1440 1270 1570 1318 inest,
1591 1276 1636 1311 et
1655 1284 1831 1324 quoque

340 1335 459 1389 quod
487 1340 702 1388 quantum
729 1333 963 1374 charitatis
989 1333 1104 1373 inest
1131 1331 1248 1380 fidei,
1272 1338 1449 1372 tantum
1473 1332 1659 1373 ducatur
1684 1346 1710 1373 a
1736 1333 1830 1374 Do-

340 1399 461 1439 mino
478 1413 487 1449 ;
517 1404 564 1439 at
583 1397 702 1451 quod
720 1403 936 1450 quantum
955 1396 1185 1436 charitatis
1204 1408 1294 1435 non
1311 1395 1428 1436 inest
1446 1401 1623 1436 tantum
1641 1395 1830 1437 ducatur

339 1475 365 1502 a
396 1467 567 1511 semet;
610 1466 656 1501 et
688 1460 760 1513 qui
792 1459 968 1499 ducitur
999 1472 1025 1499 a
1055 1463 1199 1498 semet
1231 1464 1276 1498 et
1309 1471 1399 1498 non
1436 1471 1462 1498 a
1498 1457 1706 1507 Domino,
1740 1472 1830 1499 non

340 1524 541 1577 cogitare
568 1529 722 1576 potest
753 1522 935 1569 bonum,
963 1522 1108 1561 minus
1133 1519 1251 1560 velle
1277 1526 1322 1560 et
1349 1520 1493 1560 facere
1520 1520 1685 1561 bonum
1711 1522 1830 1574 quod

339 1587 507 1628 bonum
533 1587 576 1626 in
600 1600 647 1626 se
670 1591 753 1633 est,
778 1597 881 1625 nam
904 1598 962 1625 ex
989 1584 1167 1637 proprio
1192 1583 1383 1623 hominis
1407 1596 1497 1623 non
1523 1584 1726 1636 procedit
1749 1585 1831 1625 nisi

339 1663 472 1703 quam
505 1649 698 1689 malum:
742 1661 841 1688 cum
874 1648 991 1688 enim
1025 1647 1199 1699 cogitat
1241 1647 1406 1687 bonum
1439 1659 1489 1687 ac
1522 1646 1617 1687 vult
1649 1653 1694 1687 et
1726 1647 1830 1688 facit

339 1713 505 1753 bonum
528 1709 622 1752 mex
650 1711 841 1764 proprio,
866 1716 935 1751 est
963 1710 1100 1750 modo
1126 1715 1309 1762 propter
1334 1723 1395 1758 se,
1420 1715 1465 1750 et
1492 1715 1674 1762 propter
1700 1722 1828 1750 mun-

339 1776 459 1824 dum,
483 1789 596 1828 quae
619 1780 723 1815 sunt
749 1773 860 1814 fines
882 1785 1065 1826 operum
1092 1772 1197 1825 ejus,
1221 1785 1272 1813 ac
1299 1771 1409 1813 fines
1431 1778 1535 1812 sunt
1561 1785 1736 1813 amores
1757 1773 1830 1826 qui

339 1839 508 1880 ducunt
526 1838 677 1883 illum:
711 1843 756 1878 et
779 1837 916 1877 homo
937 1850 963 1876 a
984 1836 1162 1889 proprio
1180 1849 1259 1876 suo
1278 1848 1366 1876 non
1385 1834 1544 1875 abduci
1566 1848 1643 1875 seu
1666 1834 1830 1875 elevari

339 1908 505 1955 potest,
534 1902 630 1949 nisi,
658 1899 805 1954 quoad
838 1899 914 1940 illa
939 1912 1052 1952 quae
1081 1899 1199 1939 vitae
1231 1904 1349 1946 sunt,
1377 1895 1551 1950 spe&et
1582 1897 1639 1937 ad
1672 1897 1828 1937 Domi-

339 1977 471 2015 num;
504 1978 582 2018 per
607 1964 723 2004 hunc
746 1963 888 2002 visum
911 1961 1197 2014 conjungitur
1218 1960 1292 2001 ille
1318 1960 1458 2008 caelo,
1483 1965 1528 2000 et
1554 1959 1657 2000 inde
1683 1973 1708 1999 a
1735 1959 1828 2000 Do-

339 2028 459 2067 mino
491 2027 622 2067 datur
648 2026 687 2067 ei
717 2023 893 2066 affec'tio
924 2023 1179 2077 spiritualis.
1241 2022 1351 2064 Cum
1384 2022 1494 2062 haec
1527 2028 1572 2062 et
1603 2021 1679 2062 illa
1710 2021 1829 2063 dicta
1895 2039 1903 2046 ·

338 2096 457 2138 sunt,
482 2089 638 2130 datum
665 2095 733 2129 est
759 2088 860 2136 illis,
885 2101 985 2128 cum
1008 2087 1165 2140 quibus
1192 2086 1247 2126 de
1272 2085 1354 2125 hac
1381 2098 1426 2132 re
1453 2083 1628 2124 locutus
1651 2098 1761 2134 sum,
1784 2086 1828 2125 in

338 2152 435 2193 luce
458 2151 675 2205 spirituali
697 2165 793 2191 esse
812 2165 821 2201 ;
854 2164 966 2203 quae
993 2150 1071 2190 lux
1094 2149 1196 2189 talis
1218 2154 1302 2197 est,
1326 2154 1374 2188 ut
1400 2148 1444 2187 in
1466 2147 1543 2187 illa
1564 2147 1702 2187 videri
1728 2161 1830 2200 pos-

338 2216 426 2256 sint
449 2228 554 2255 vera
578 2220 671 2254 tam
695 2213 814 2253 clare
837 2213 950 2253 sicut
972 2212 1179 2252 videntur
1202 2209 1378 2263 obje&a
1399 2211 1443 2250 in
1470 2209 1639 2250 mundo
1661 2210 1704 2250 in
1731 2209 1829 2251 luce

338 2277 456 2330 ejus;
490 2283 534 2317 et
562 2282 669 2317 tunc
702 2275 765 2316 illi
790 2276 863 2328 qui
895 2276 937 2315 in
964 2273 1168 2315 doctrina
1194 2273 1249 2314 de
1275 2273 1373 2314 sola
1404 2272 1489 2313 fide
1516 2278 1560 2313 et
1588 2272 1643 2313 de
1670 2272 1827 2325 justifi-

337 2341 516 2381 catione
543 2353 621 2392 per
646 2338 768 2379 illam
795 2344 939 2386 erant,
968 2350 1057 2378 non
1083 2342 1324 2390 potuerunt
1352 2349 1440 2376 non
1468 2335 1687 2387 affirmare
1709 2337 1828 2389 quod

337 2403 400 2443 ita
425 2403 509 2452 sit;
543 2401 622 2441 sed
650 2407 698 2442 ut
725 2401 914 2454 primum
944 2400 1022 2440 lux
1049 2413 1102 2440 ea
1125 2399 1211 2439 illis
1237 2399 1452 2451 adempta
1477 2404 1559 2447 est,
1587 2404 1632 2439 et
1658 2399 1829 2440 remissi

337 2471 442 2505 sunt
479 2465 522 2504 in
562 2477 686 2504 suam
725 2463 884 2511 lucem,
917 2477 1030 2516 quae
1064 2468 1159 2503 erat
1197 2461 1426 2509 naturalis,
1460 2474 1548 2501 non
1586 2467 1828 2513 potuerunt

336 2527 488 2568 videre
513 2526 644 2567 aliter
671 2539 803 2579 quam
830 2526 949 2579 quod
975 2526 1094 2565 visus
1121 2525 1430 2577 cognitionum
1457 2529 1575 2564 esset
1602 2523 1712 2564 fides
1738 2523 1826 2564 sal-

335 2603 460 2639 vans,
491 2595 537 2630 et
569 2589 673 2629 inde
705 2588 824 2642 quod
857 2588 980 2637 falsa,
1013 2601 1126 2641 quae
1157 2587 1358 2628 fecerunt
1389 2586 1490 2626 fidei
1522 2600 1642 2634 suae,
1675 2593 1826 2627 essent

335 2667 455 2694 vera.
517 2652 653 2692 Falsa
678 2651 789 2692 fiunt
815 2651 916 2692 fidei
943 2651 1121 2704 quando
1147 2650 1266 2691 mala
1292 2656 1396 2690 sunt
1421 2650 1554 2690 vitae.

423 2717 513 2772 [ὦ]
558 2717 646 2758 Sed
683 2717 917 2758 redeamus
948 2717 1005 2757 ad
1042 2716 1392 2770 explicationem
1424 2716 1659 2756 verborum
1696 2715 1821 2769 hujus

334 2780 435 2829 loci,
463 2794 575 2833 quae
602 2786 719 2828 sunt,
750 2779 965 2820 “Suadeo
991 2780 1071 2820 tibi
1096 2793 1244 2820 emere
1273 2793 1299 2819 a
1330 2779 1405 2819 Me
1431 2792 1584 2819 aurum
1612 2778 1822 2831 explora—

334 2849 430 2883 tum
452 2843 555 2895 igne
577 2847 625 2882 ut
643 2842 812 2882 ditatus
831 2842 888 2882 sis
905 2841 938 2892 ;'’
970 2855 1048 2895 per
1065 2856 1177 2895 quae
1194 2840 1470 2895 significatur
1486 2848 1534 2882 ut
1557 2848 1822 2894 comparent

333 2906 416 2946 sibi
446 2919 472 2946 a
503 2905 699 2946 Domino
731 2905 972 2957 genuinum
1003 2905 1170 2946 bonum
1196 2911 1244 2946 ut
1275 2905 1470 2958 recipere
1502 2905 1674 2958 possint
1699 2917 1819 2944 vera.

334 2967 395 3009 Et
428 2981 543 3008 nunc
576 2967 906 3008 ostendendum
938 2973 1007 3009 est
1033 2967 1152 3022 quod
1181 2967 1406 3009 “aurum'’
1433 2969 1475 3008 in
1502 2967 1657 3008 Verbo
1682 2966 1820 3019 signi-
