2060 3476
740 327 849 360 CAP.
873 328 919 368 1.,
942 327 1082 360 VERS.
1102 327 1252 371 4.-Ν.
1275 329 1342 360 22.
1740 331 1794 373 23

296 440 370 491 ali,
397 440 541 496 qualis
567 446 637 483 est
668 439 949 495 angelorum,
977 440 1034 482 de
1064 441 1322 494 regionibus
1348 439 1474 494 hujus
1501 440 1699 493 telluris;
1732 441 1795 483 illi

295 518 399 546 cum
426 506 683 546 nominatur
704 504 818 546 Asia
848 505 1100 558 percipiunt
1127 505 1373 553 meridiem,
1402 517 1504 545 cum
1537 506 1796 546 nominatur

295 567 478 622 Europa
503 569 753 622 percipiunt
775 569 1147 621 septentrionem,
1171 574 1217 608 et
1240 581 1341 608 cum
1364 567 1519 608 Africa
1544 569 1793 622 percipiunt

295 631 546 681 orientem;
579 637 625 672 et
652 631 754 684 quia
779 644 859 684 per
885 631 1157 671 “meridiem
1168 630 1188 646 ”
1214 629 1492 683 significatur
1518 630 1597 671 lux
1623 630 1794 672 intelli-

294 694 478 746 gentiae
504 693 639 742 clara,
666 693 768 734 ideo
799 706 878 747 per
901 692 1100 733 “Asiam
1116 693 1136 708 ’'
1162 692 1239 733 illa
1265 693 1344 733 lux
1367 692 1672 746 significatum
1705 694 1792 735 hoc

293 769 472 810 quoque
498 756 606 796 mihi
631 755 788 796 datum
814 761 885 797 est
911 756 1155 809 percipere,
1179 756 1358 809 quoties
1380 756 1424 796 in
1451 756 1552 796 idea
1574 756 1793 810 spirituali

293 819 354 859 fui
384 825 432 860 et
457 819 656 872 cogitavi
687 818 753 863 de.
775 817 901 859 Asia.
963 817 1098 871 Quod
1130 818 1233 859 talis
1265 819 1367 859 idea
1397 818 1453 859 de
1482 818 1597 859 Asia
1622 819 1695 868 sit,
1723 826 1794 861 est

293 881 397 935 quia
421 880 614 922 ecclesia
638 881 698 922 ibi
723 881 919 934 antiquis
941 881 1219 934 temporibus
1245 880 1339 929 fuit,
1364 887 1471 922 tunc
1495 887 1690 922 extensa
1715 895 1798 935 per

295 943 444 997 plures
475 944 684 996 regiones
714 943 800 994 ibi;
833 949 880 984 et
910 943 1013 984 ideo
1043 942 1107 984 illi
1138 943 1212 997 qui
1242 943 1347 984 inde
1373 944 1418 984 in
1450 943 1579 984 caelo
1610 950 1716 984 sunt
1748 945 1793 984 in

294 1007 393 1047 luce
418 1005 750 1059 intelligentiae
775 1012 880 1046 sunt
900 1019 910 1056 ;
943 1005 1061 1046 unde
1087 1012 1172 1054 est,
1200 1018 1300 1046 cum
1327 1006 1557 1059 cogitatur
1578 1006 1635 1047 de
1662 1006 1791 1056 Asia,

293 1068 415 1123 quod
446 1068 540 1117 luX,
573 1068 715 1122 qualis
747 1074 817 1109 est
849 1069 893 1108 in
925 1068 1109 1109 meridie
1141 1067 1268 1117 caeli,
1301 1067 1470 1109 influat.
1531 1079 1644 1116 (Quod
1658 1079 1795 1117 antiquis

292 1130 497 1168 temporibus,
512 1135 544 1159 et
557 1139 687 1167 quoque
701 1130 933 1167 antiquissimis,
949 1130 1082 1159 ecclesia
1101 1130 1193 1159 suerit
1213 1130 1246 1159 in
1262 1129 1348 1164 Asia,
1364 1135 1495 1159 extensa
1514 1139 1572 1168 per
1585 1131 1677 1168 plura
1697 1140 1794 1168 regna

291 1178 344 1212 ibi,
359 1178 504 1207 videatur
517 1180 557 1206 ex
571 1178 711 1207 Arcanis
729 1178 916 1207 Caelestibus
936 1177 969 1206 in
990 1178 1147 1215 opusculo
1163 1178 1214 1207 De
1227 1178 1322 1207 Nova
1336 1178 1557 1216 Hierosolyma
1577 1182 1609 1207 et
1627 1179 1695 1216 ejus
1710 1176 1796 1208 Doc‘·

290 1226 391 1260 trina,
407 1234 438 1255 n.
454 1234 530 1262 2472
560 1229 591 1254 et
605 1225 694 1262 quod
709 1228 726 1239 ¹¹
736 1225 908 1261 meridies''
924 1225 1079 1263 significet
1099 1225 1203 1254 lucem
1225 1225 1457 1262 intelligentiae,
1473 1226 1505 1254 in
1520 1235 1618 1263 opere
1633 1227 1684 1255 De
1702 1227 1792 1256 Caela

292 1279 324 1305 et
336 1276 474 1315 Infima,
486 1284 518 1305 n.
532 1283 680 1313 141—153‚
692 1275 748 1304 ubi
759 1275 862 1313 agitur
874 1276 924 1305 De
940 1276 1087 1312 Quatuor
1100 1275 1203 1313 Plagis
1218 1275 1250 1304 in
1265 1275 1389 1314 Caelo.)
1450 1266 1622 1307 Verum
1653 1281 1793 1321 usque

293 1343 371 1383 per
394 1329 592 1370 “Asiam
604 1329 623 1345 ”
645 1329 715 1370 hic
738 1343 830 1370 non
852 1329 1168 1382 intelliguntur
1189 1329 1251 1370 illi
1274 1330 1348 1383 qui
1373 1330 1418 1370 in
1440 1328 1567 1378 Asia,
1591 1329 1670 1370 sed
1693 1343 1792 1370 orn-

292 1405 387 1441 nes,
404 1392 658 1446 ubicunque
674 1398 793 1442 sunt,
810 1392 884 1446 qui
906 1392 950 1432 in
969 1391 1068 1432 luce
1086 1391 1417 1445 intelligentiae
1434 1391 1666 1445 spirituali,
1682 1392 1790 1440 sive,

291 1454 412 1509 quod
442 1455 576 1504 idem,
603 1455 678 1509 qui
708 1456 753 1495 in
782 1455 898 1495 veris
930 1469 989 1495 ex
1021 1454 1141 1495 bono
1173 1460 1304 1504 sunt;
1347 1455 1421 1508 qui
1452 1454 1572 1495 enim
1604 1454 1649 1495 in
1675 1455 1791 1495 veris

291 1531 351 1558 ex
372 1517 495 1558 bono
516 1524 634 1566 sunt,
658 1518 702 1558 in
725 1517 823 1558 luce
849 1517 1181 1570 intelligentiae
1203 1516 1421 1570 spirituali
1442 1523 1574 1568 sunt;
1607 1516 1670 1557 illi
1692 1530 1789 1558 om-

291 1592 372 1620 nes
408 1579 646 1621 ecclesiam
688 1576 871 1620 Domini
909 1580 1207 1621 constituunt.
1269 1589 1382 1627 (Quod
1403 1589 1535 1619 ecelesia
1551 1590 1682 1619 Domini
1696 1590 1790 1620 etiam

289 1642 378 1679 apud
390 1646 500 1679 gentes
513 1642 562 1677 sit,
578 1642 700 1671 tametsi
715 1642 747 1671 in
761 1642 867 1680 specie
881 1642 936 1671 ubi
951 1642 1110 1671 Dominus
1124 1646 1219 1670 notus
1233 1645 1280 1670 est
1301 1645 1332 1670 et
1346 1641 1489 1670 Verbum
1511 1640 1633 1678 legitur,
1649 1641 1791 1671 videath

289 1689 322 1718 in
337 1698 434 1727 opere
448 1690 500 1719 De
518 1690 609 1720 Caelo
623 1693 654 1719 et
666 1690 805 1730 lnfirno,
817 1699 848 1719 n.
861 1691 1018 1727 318—328;
1044 1694 1076 1718 et
1090 1690 1142 1718 De
1155 1690 1249 1719 Nova
1264 1689 1484 1727 Hierosolyma
1498 1691 1529 1717 et
1541 1689 1608 1726 ejus
1622 1689 1790 1723 Doctrina.

292 1745 324 1766 n.
339 1736 522 1826 24222162
534 1783 676 1825 Gratia
712 1784 818 1825 vobis
850 1788 896 1825 et
924 1783 1251 1838 pax.''—Quod
1291 1782 1515 1838 significet
1539 1784 1790 1837 jucundum

289 1860 385 1887 verz
414 1852 458 1886 et
487 1845 598 1895 boni,
632 1851 814 1887 constat
846 1860 905 1886 ex
937 1844 1266 1899 significatione
1294 1844 1548 1898 “gratiae‚''
1574 1845 1694 1898 quod
1730 1846 1788 1887 sit

283 1909 531 1963 jucundum
556 1909 664 1958 veri,
692 1909 748 1950 de
780 1922 867 1962 qua
898 1910 1127 1963 sequitur;
1159 1914 1205 1950 et
1232 1922 1292 1949 ex
1314 1907 1646 1962 significatione
1675 1912 1789 1963 “pa-

289 1971 379 2021 cis:
383 1972 533 2026 ’quod
559 1972 617 2013 sit
638 1971 883 2024 jucundum
905 1971 1011 2012 boni
1036 1971 1326 2012 innocentiae
1351 1976 1397 2011 et
1423 1971 1587 2011 amoris
1609 1981 1665 2020 (de
1679 1990 1744 2019 qua
1757 1983 1788 2012 in

289 2048 385 2077 opere
396 2039 448 2069 De
462 2039 554 2069 Caelo
568 2042 600 2068 et
611 2039 750 2078 Inferna,
762 2039 818 2068 ubi
831 2039 936 2076 agitur
947 2038 997 2068 De
1011 2038 1103 2068 Statu
1115 2038 1227 2067 Pacis
1219 2047 1251 2067 in
1263 2037 1372 2072 Caelo,
1384 2046 1415 2067 n.
1429 2037 1596 2077 284-290).
1652 2027 1788 2081 Quod

291 2090 509 2144 “gratia”
531 2091 589 2132 sit
616 2090 863 2144 jucundum
894 2091 1002 2140 veri,
1025 2097 1096 2132 est
1127 2091 1230 2144 quia
1265 2090 1371 2131 bina
1401 2095 1506 2130 sunt
1537 2104 1652 2144 quae
1683 2104 1786 2145 pro·

289 2153 456 2194 cedunt
492 2167 520 2194 a
555 2153 768 2203 Domino,
801 2159 1040 2207 utrumque
1070 2153 1115 2194 in
1147 2153 1320 2207 origine
1351 2153 1551 2203 unitum3
1589 2159 1637 2194 at
1668 2155 1786 2207 apud

288 2215 389 2257 illos
420 2216 494 2269 qui
524 2216 744 2269 recipiunt
775 2216 1080 2269 distinguitur,
1104 2229 1209 2256 nam
1231 2221 1336 2256 sunt
1358 2216 1432 2269 qui
1463 2215 1684 2269 recipiunt
1705 2216 1786 2257 Di-

287 2278 440 2318 vinum
455 2278 626 2319 Verum
649 2278 748 2332 plus
769 2291 904 2332 quam
927 2278 1138 2319 Divinum
1157 2277 1348 2326 Bonum,
1364 2284 1410 2318 et
1428 2284 1534 2318 sunt
1552 2279 1625 2331 qui
1642 2279 1785 2332 recip-

287 2341 384 2382 iunt
417 2341 629 2383 Divinum
657 2341 835 2383 Bonum
861 2341 960 2396 plus
986 2354 1121 2395 quam
1148 2341 1359 2381 Divinum
1383 2340 1580 2391 Verum;
1618 2341 1681 2382 illi
1712 2343 1785 2395 qui

287 2405 506 2458 recipiunt
529 2404 740 2446 Divinum
763 2404 934 2447 Verum
961 2404 1060 2458 plus
1085 2418 1218 2458 quam
1243 2405 1455 2445 Divinum
1479 2404 1655 2445 Bonum
1681 2411 1784 2446 sunt

287 2468 331 2508 in
368 2482 510 2522 regno
546 2469 764 2522 spirituali
801 2468 997 2517 Domini,
1031 2474 1077 2509 et
1113 2469 1217 2509 inde
1248 2475 1469 2509 vocantur
1504 2468 1783 2521 spirituales;

286 2530 350 2571 illi
371 2538 524 2572 autem
542 2533 615 2586 qui
636 2532 855 2586 recipiunt
875 2531 1087 2572 Divinum
1106 2531 1282 2572 Bonum
1301 2531 1399 2584 plus
1417 2544 1551 2585 quam
1570 2531 1784 2572 Divinum

287 2593 475 2644 Verum,
505 2601 610 2636 sunt
640 2595 685 2636 in
715 2609 859 2648 regno
891 2594 1077 2636 caelesti
1114 2594 1310 2643 Domini,
1345 2601 1391 2635 et
1429 2594 1532 2636 inde
1562 2601 1784 2636 vocantur

287 2670 311 2698 C
315 2656 522 2698 aeleSteS.
570 2667 636 2706 (De
643 2667 725 2697 binis
734 2668 793 2697 illis
803 2667 922 2706 Regnis
931 2667 963 2696 in
973 2667 1072 2698 Caelo
1082 2672 1113 2696 et
1123 2667 1273 2702 Ecclesia,
1284 2667 1428 2696 videatur
1436 2667 1468 2696 in
1478 2676 1574 2705 opere
1584 2668 1635 2697 De
1648 2667 1739 2697 Caelo
1752 2670 1785 2697 et

286 2724 425 2764 Inferna,
440 2733 471 2754 n.
487 2723 613 2763 20-28.)
684 2714 779 2772 Illis
816 2715 890 2768 qui
926 2714 971 2755 in
1003 2728 1146 2767 regno
1181 2714 1400 2768 spirituali
1433 2720 1553 2763 sunt,
1588 2714 1783 2754 donatur

286 2791 313 2818 a
338 2777 536 2818 Domino
561 2782 610 2823 ut
636 2776 729 2818 sint
756 2777 802 2818 in
827 2774 1064 2818 affeetione
1089 2777 1182 2817 veri
1208 2783 1392 2830 propter
1417 2784 1587 2825 verum,
1615 2782 1662 2817 et
1694 2776 1780 2816 hoc

287 2840 499 2881 Divinum
527 2846 597 2880 est
623 2840 743 2893 quod
774 2840 936 2881 dicitur
960 2840 1136 2893 gratia;
1168 2839 1273 2880 inde
1299 2846 1382 2888 est,
1410 2839 1531 2893 quod
1562 2845 1779 2893 quantum

286 2904 384 2957 quis
409 2904 454 2947 in
479 2903 556 2945 illa
581 2901 818 2944 affee‘tione
842 2909 927 2952 est,
955 2909 1135 2944 tanturn
1163 2903 1207 2943 in
1234 2902 1399 2943 Divina
1425 2903 1608 2943 Domini
1633 2903 1780 2955 gratia

286 2967 370 3015 sit:
403 2979 486 3008 nec
511 2965 599 3007 alia
623 2966 771 3019 gratia
796 2965 960 3007 Divina
985 2966 1102 3020 apud
1131 2965 1373 3015 hominem,
1397 2966 1599 3020 spiritum
1626 2971 1672 3006 et
1698 2977 1778 3006 an-
