2060 3476
689 366 796 400 CAP.
819 367 878 407 v.,
902 367 1041 400 VERs.
1063 367 1211 411 9.-Ν.
1237 357 1396 412 329[e].
1703 357 1785 411 615

297 480 554 535 significant
579 479 805 535 (videatur
821 494 967 534 supra,
988 494 1028 520 n.
1048 481 1114 532 83,
1140 490 1212 532 195
1222 479 1301 534 [c])
1321 494 1330 531 ;
1363 486 1409 521 et
1427 480 1530 534 quia
1551 480 1628 521 illa
1648 482 1788 534 signi-

295 543 434 586 ficant
452 544 673 586 Amorem
696 544 854 597 Ipsius,
873 550 921 584 et
938 543 1241 584 salvationem
1259 543 1454 584 hominis
1477 557 1555 597 per
1575 544 1787 584 Divinum

295 607 468 649 Verum
500 607 750 661 procedens
781 606 839 648 ab
870 606 990 660 Ipso,
1024 606 1126 647 ideo
1157 607 1306 657 etiam*
1329 606 1630 660 Evangelista
1663 607 1787 654 dicit.

300 669 428 724 “Qui
453 671 564 712 vidit
595 676 805 718 testatur,
833 676 879 711 et
911 669 1087 711 firmum
1113 676 1183 710 est
1216 670 1528 710 testimonium
1555 669 1676 723 ejus;
1714 669 1790 711 ille

295 735 381 775 scit
407 748 455 775 se
477 748 583 775 vera
604 734 754 775 dicere
779 739 828 774 ut
854 739 900 774 et
923 747 1005 774 vos
1031 732 1264 774 credatis.”
1325 725 1402 773 'Ad
1429 732 1506 773 illa
1528 747 1643 786 quae
1670 747 1787 773 nunc

295 795 493 839 adducta
529 804 648 845 sunt,
681 796 817 838 velim
853 796 1045 850 adjicere
1081 797 1317 850 sequentia
1352 810 1375 837 e
1408 796 1564 838 Verbo
1579 796 1790 851 t—Apud

298 860 578 910 Sachariam,

367 952 389 965 “
401 950 531 984 Exulta
546 951 662 989 valde,
682 950 755 982 filia
771 950 918 988 Zionis;
942 950 1080 990 clange,
1101 949 1174 981 filia
1192 949 1494 990 Hierosolymae;
1515 959 1597 980 ecce
1618 949 1694 980 Rex
1710 955 1792 980 tuus

471 994 571 1026 venit
575 1019 667 1032 .....
675 1000 711 1026 et
729 994 896 1035 loquetur
912 1003 1036 1034 pacem
1057 992 1246 1033 gentibus:
1271 998 1307 1024 et
1323 992 1503 1024 dominari
1525 992 1642 1033 Ipsius
1663 1003 1684 1024 a
1701 994 1792 1024 mari

471 1048 584 1079 usque
603 1038 648 1069 ad
668 1048 778 1075 mare,
798 1043 835 1069 et
852 1048 875 1069 a
893 1037 1040 1069 flumine
1060 1047 1172 1078 usque
1191 1037 1238 1068 ad
1257 1036 1347 1068 fines
1367 1043 1506 1068 terrae:
1531 1037 1642 1068 etiam
1663 1042 1709 1073 te,
1730 1046 1794 1076 per

473 1082 687 1122 sanguinem
711 1081 868 1113 foederis
889 1082 939 1113 tui
958 1081 1121 1113 emittam
1141 1079 1283 1112 vinctos
1303 1087 1385 1112 tuos
1404 1091 1424 1112 e
1447 1080 1554 1112 fovea
1573 1081 1609 1111 in
1629 1091 1700 1121 qua
1719 1090 1792 1111 non

472 1125 593 1167 aqua'’
610 1125 669 1166 (ix,
683 1125 782 1166 9-11)
795 1136 802 1157 :

300 1212 412 1254 haec
435 1213 492 1254 de
514 1213 726 1261 Domino,
746 1218 792 1253 et
815 1212 871 1253 de
893 1212 1222 1253 instauratione
1245 1211 1464 1252 ecclesiae
1486 1211 1604 1265 apud
1627 1218 1792 1264 gentes
1843 1207 1849 1216 “

300 1276 359 1316 ab
376 1276 482 1330 Ipso
498 1290 507 1327 ;
541 1290 619 1329 per
638 1276 942 1328 “sanguinem
959 1275 1152 1316 foederis
1163 1275 1182 1290 ”
1199 1275 1270 1316 hic
1290 1274 1560 1327 intelligitur
1578 1274 1792 1315 Divinum

301 1338 473 1381 Verum
495 1353 574 1393 per
590 1339 711 1393 quod
729 1337 986 1391 conjunctio
1005 1339 1188 1386 Domini
1205 1351 1307 1379 cum
1325 1338 1411 1378 illis
1429 1339 1503 1391 qui
1525 1338 1583 1378 ab
1600 1337 1795 1379 ecclesia

302 1403 447 1456 Ipsius
482 1409 614 1444 erunt
649 1401 717 1456 (ut
748 1401 933 1456 supra);
976 1416 1113 1456 quare
1145 1403 1283 1443 etiam
1314 1402 1490 1449 dicitur,
1527 1401 1793 1442 “Emittam

301 1464 478 1507 vinctos
503 1472 606 1507 tuos
632 1480 656 1507 e
681 1466 811 1506 fovea
836 1466 880 1506 in
907 1480 993 1519 qua
1020 1479 1110 1506 non
1137 1465 1292 1519 aqua,”
1317 1471 1364 1506 et
1392 1478 1471 1518 per
1496 1464 1598 1505 illos
1625 1464 1794 1517 signifi-

302 1535 463 1571 cantur
488 1536 651 1582 gentes
673 1543 787 1583 quae
813 1530 856 1570 in
882 1529 1004 1569 falsis
1026 1543 1085 1570 ex
1108 1528 1366 1582 ignorantia
1387 1534 1492 1568 sunt
1512 1542 1520 1578 ;
1557 1527 1724 1568 “fovea
1751 1529 1793 1568 in

304 1606 392 1646 qua
409 1606 499 1633 non
517 1606 632 1646 aqua
643 1592 662 1608 ”
679 1591 904 1645 significat
927 1593 1000 1633 ubi
1023 1605 1114 1633 non
1131 1605 1301 1640 verum,
1321 1598 1368 1632 et
1390 1593 1640 1632 “emittere
1662 1591 1764 1632 illos
1778 1591 1796 1605 ''

304 1656 408 1697 inde
431 1655 655 1709 significat
682 1656 869 1696 liberare
891 1669 951 1696 ex
973 1655 1060 1696 illis
1080 1670 1089 1706 ;
1122 1655 1242 1709 quod
1269 1669 1348 1709 per
1372 1659 1572 1708 “aquam
1585 1655 1604 1669 ’'
1627 1654 1796 1708 signifi-

306 1726 433 1761 cetur
453 1733 607 1760 verum
633 1719 868 1767 ecclesiae,
892 1719 1099 1759 videatur
1120 1732 1253 1772 supra
1281 1717 1342 1771 (n.
1367 1717 1441 1771 71)
1461 1732 1470 1768 ;
1503 1724 1549 1759 et
1573 1718 1692 1771 quod
1719 1731 1798 1771 per

309 1781 523 1823 “vinctos
548 1783 592 1823 in
617 1782 748 1823 fovea
758 1782 778 1797 ‘'
800 1782 1110 1835 significentur
1131 1783 1204 1836 qui
1226 1782 1270 1822 in
1291 1781 1414 1822 falsis
1437 1796 1495 1823 ex
1523 1782 1796 1834 ignorantia,

307 1850 356 1886 et
381 1850 538 1885 tamen
566 1845 611 1885 in
636 1844 863 1885 desiderio
888 1844 1062 1884 sciendi
1083 1858 1205 1892 vera,
1229 1844 1273 1884 in
1294 1843 1496 1884 Arcanis
1521 1843 1798 1885 caelestibus

308 1915 354 1954 (n.
370 1917 460 1953 4728.
475 1924 566 1953 4744,
582 1914 672 1952 5038,
687 1915 777 1952 6854,
793 1915 901 1952 7950).
961 1904 1102 1957 Apud
1129 1903 1368 1952 Davidem,

374 1999 472 2031 Deus
492 1999 664 2031 “animas
681 2008 878 2039 egenorum
896 1998 1064 2036 servabit,
1084 2008 1106 2029 a
1121 1998 1206 2029 dolo
1226 2005 1262 2030 et
1278 1997 1454 2030 violentia
1470 1998 1621 2030 redimet
1640 1999 1800 2030 animam

482 2053 617 2081 eorum,
634 2049 670 2075 et
686 2042 865 2083 pretiosus
878 2043 947 2074 erit
959 2042 1108 2082 sanguis
1126 2042 1270 2073 illorum
1288 2042 1325 2073 in
1343 2042 1458 2073 oculis
1478 2042 1616 2082 Ipsius;
1641 2048 1676 2073 et
1690 2042 1798 2079 vivet,

482 2093 518 2119 et
537 2087 636 2118 dabit
655 2087 706 2118 illi
726 2087 770 2118 de
790 2096 879 2118 auro
900 2086 1071 2123 Schebae,
1094 2092 1130 2117 et
1149 2086 1268 2117 orabit
1287 2096 1352 2126 pro
1373 2086 1436 2117 illo
1456 2085 1600 2126 jugiter,
1623 2086 1723 2117 omni
1743 2086 1802 2118 die

482 2131 670 2163 benedicet
681 2130 743 2168 illi,
756 2155 763 2162 .
778 2155 786 2162 .
799 2130 852 2163 .in
866 2130 980 2170 capite
991 2129 1169 2161 montium
1181 2130 1376 2170 agitabitur
1387 2128 1523 2161 frutstus
1535 2129 1612 2170 ejus
1623 2129 1641 2141 ''
1652 2130 1799 2170 (psalm.

483 2174 581 2207 lxxii.
601 2175 737 2214 13-16):

310 2262 461 2315 agitur
476 2261 548 2303 hic
566 2262 623 2303 de
644 2265 669 2283 “
681 2261 877 2315 egenis,”
894 2275 973 2315 per
988 2275 1102 2315 quos
1119 2260 1430 2314 significantur
1447 2263 1520 2315 qui
1542 2262 1802 2303 desiderant

311 2338 418 2366 vera
447 2338 508 2365 ex
539 2323 774 2366 affectione
802 2324 1047 2378 spirituali3
1080 2325 1137 2366 de
1169 2324 1238 2366 his
1263 2326 1427 2366 dicitur
1452 2325 1573 2379 quod
1602 2329 1666 2365 “a
1696 2324 1804 2364 dolo

307 2394 359 2429 et
381 2387 598 2429 violentia
619 2388 811 2429 redimet
837 2389 1035 2429 animam
1062 2389 1257 2437 eorum,''
1279 2403 1358 2442 per
1379 2389 1501 2442 quod
1527 2387 1806 2441 significatur

312 2450 520 2492 liberatio
551 2465 577 2492 a
609 2450 739 2491 malis
770 2458 816 2493 et
849 2451 971 2492 salsis
997 2466 1112 2505 quae
1138 2452 1376 2492 destruunt
1409 2452 1528 2492 bona
1559 2451 1725 2491 amoris
1757 2457 1803 2491 et

311 2528 420 2556 vera
450 2513 577 2555 fidei:
611 2515 812 2567 receptio
844 2514 995 2555 Divini
1026 2514 1135 2555 Veri
1166 2515 1223 2555 ab
1253 2514 1355 2562 illis,
1383 2514 1503 2568 quod
1535 2520 1727 2566 accepta
1758 2519 1804 2553 et

311 2583 459 2631 grata,
484 2576 762 2630 significatur
784 2591 862 2631 per
884 2577 1004 2631 quod
1030 2578 1292 2630 “pretiosus
1315 2578 1398 2618 erit
1421 2577 1605 2630 sanguis
1627 2576 1804 2617 illorum

313 2641 358 2681 in
380 2639 521 2681 oculis
547 2640 690 2693 Ipsius
707 2639 741 2690 ;”
775 2641 996 2693 “sanguis
1007 2640 1026 2655 ‘’
1043 2640 1103 2680 ibi
1125 2646 1195 2681 est
1218 2640 1432 2680 Divinum
1455 2639 1626 2681 Verum
1649 2652 1804 2692 recep-

314 2709 437 2745 tum:
464 2703 724 2744 reformatio
741 2716 895 2744 eorum
914 2703 1182 2744 describitur
1199 2717 1277 2757 per
1293 2703 1413 2757 quod
1434 2704 1595 2743 “vivet
1615 2708 1661 2743 et
1679 2702 1805 2742 dabit

314 2767 378 2808 illi
409 2766 466 2808 de
491 2780 598 2807 auro
630 2765 850 2814 Schebae‚
883 2773 930 2808 et
962 2767 1107 2808 orabit
1144 2780 1225 2820 pro
1256 2766 1334 2807 illo
1366 2766 1547 2820 jugiter,
1581 2765 1702 2806 omni
1734 2765 1806 2805 die

314 2831 556 2872 benedicet
587 2829 651 2871 illi
668 2829 702 2880 ;”
745 2833 938 2871 “aurum
970 2829 1207 2871 Schebae''
1238 2837 1308 2871 est
1341 2830 1509 2870 bonum
1542 2828 1805 2877 charitatis;

318 2898 484 2934 “orare
521 2906 601 2947 pro
632 2892 718 2933 illis
750 2892 949 2946 jugiter'’
980 2892 1204 2946 significat
1231 2893 1351 2947 quod
1383 2893 1598 2933 continue
1629 2891 1806 2932 detine-

314 2957 483 2998 buntur
507 2970 534 2997 a
563 2956 684 2998 falsis
716 2963 763 2998 et
794 2956 1069 2997 tenebuntur
1096 2956 1140 2996 in
1166 2957 1296 3003 veris,
1325 2962 1371 2996 et
1401 2955 1680 2996 “benedicet
1712 2954 1807 2994 illi‘·

315 3018 541 3074 significat
567 3019 687 3074 quod
719 3020 933 3062 continue
959 3026 1089 3061 erunt
1122 3020 1164 3060 in
1197 3019 1317 3060 bono
1343 3018 1580 3059 charitatis
1603 3025 1648 3058 et
1676 3017 1802 3059 fidei:
