2060 3476
293 345 377 397 284
706 351 1039 384 APOCALYPSIS
1071 351 1370 384 EXPLICATA.

292 472 340 507 et
362 466 479 520 apud
507 465 744 514 Davidem,
799 445 806 452 ’

361 550 383 563 “
396 548 603 580 Diviserunt
616 554 734 580 vestes
745 558 856 586 meas,
873 555 907 580 et
921 558 1027 589 super
1040 548 1294 580 vestimentum
1309 557 1427 578 meum
1443 546 1604 588 jecerunt
1620 553 1754 580 sortem
1765 546 1783 559 '⁹

466 591 613 632 (Psalm.
628 592 712 624 xxii.
732 600 772 633 19
791 590 850 634 [B.
865 593 912 624 A.
929 590 1018 633 18]):

294 699 371 739 per
395 689 584 726 “vestes
618 686 838 734 Domini‚”
861 699 970 739 quas
997 686 1257 734 diviserunt,
1282 683 1558 738 significatur
1580 684 1783 726 Verbum

292 751 335 790 in
361 749 526 797 littera,
550 762 627 802 per
652 749 887 789 “tunicam
900 748 918 764 '²
942 748 1085 801 Ipsius
1103 747 1304 788 Verbum
1323 748 1366 788 in
1390 761 1522 788 sensu
1540 746 1782 800 spirituali]

292 825 370 865 per
398 811 600 852 “milites
613 811 632 826 ''
654 810 964 864 significantur
989 810 1052 851 illi
1078 811 1151 864 qui
1183 811 1240 851 ab
1271 809 1462 851 ecclesia
1486 810 1561 863 qui
1591 823 1671 863 pro
1703 809 1782 850 Di-

292 875 396 915 vino
419 874 542 915 Vero
564 874 836 923 militarent;
869 874 970 914 ideo
993 874 1166 921 dicitur,
1193 873 1396 925 “milites
1423 873 1558 925 igitur
1583 873 1693 913 haec
1720 872 1782 913 fe-

293 933 492 974 cerunt.”
540 943 652 982 (Quod
668 941 684 951 ¹¹
697 944 805 972 tunica
815 943 831 952 ’'
848 943 1002 980 significet
1016 943 1167 971 Divinum
1181 943 1301 971 Verum
1316 952 1372 971 seu
1385 943 1527 971 Verbum
1542 943 1575 971 in
1589 951 1684 972 sensu
1697 943 1785 980 spiri-

292 994 378 1028 tuali,
393 994 536 1022 videatur
551 1003 581 1023 n.
596 994 686 1030 9826,
702 1003 797 1030 9942;
828 993 916 1030 quod
932 996 949 1006 ‘¹
961 993 1074 1021 milites
1084 993 1100 1001 ''
1117 992 1293 1030 significent
1308 992 1377 1021 illos
1392 992 1445 1029 qui
1460 993 1501 1021 ab
1516 993 1646 1021 ecclesia
1660 997 1691 1021 et
1706 992 1786 1021 mili-

291 1048 393 1072 tarent
414 1052 474 1081 pro
497 1043 615 1072 Divino
634 1043 729 1077 Vero,
749 1043 894 1071 videatur
911 1051 1016 1080 supra,
1037 1051 1067 1072 n.
1087 1031 1144 1082 64
1163 1042 1227 1076 fin.,
1248 1042 1303 1071 ubi
1322 1042 1400 1071 haec
1419 1042 1543 1080 plenius
1562 1042 1783 1080 explicantur.)

293 1093 534 1135 Sciendum
562 1100 631 1134 est
657 1093 777 1147 quod
804 1093 981 1146 singula
1006 1107 1120 1147 quae
1152 1093 1208 1133 de
1241 1093 1453 1134 Passione
1481 1093 1663 1134 Domini
1689 1106 1783 1134 me-

293 1163 524 1197 morantur
549 1156 667 1209 apud
694 1155 1029 1209 Evangelistas‚
1057 1155 1291 1197 involvant
1318 1162 1364 1196 et
1391 1155 1645 1209 significent
1672 1169 1783 1209 quo-

294 1219 429 1260 modo
443 1219 635 1260 ecclesia
652 1226 774 1268 tunc,
791 1233 903 1272 quae
918 1219 1035 1272 apud
1052 1218 1260 1272 Judaeos,
1279 1217 1551 1259 tractaverat
1572 1219 1783 1259 Divinum

293 1281 479 1331 Verum,
503 1283 566 1323 ita
589 1282 805 1331 Verbum,
830 1295 933 1322 nam
956 1271 1041 1323 hoc
1069 1288 1165 1323 erat
1187 1283 1305 1335 apud
1331 1282 1432 1323 illos
1456 1282 1666 1322 Divinum
1689 1281 1783 1323 Ve-

292 1358 388 1385 rum
411 1359 420 1396 ;
468 1352 515 1387 et
559 1345 779 1386 Dominus
821 1352 918 1386 erat
957 1344 1172 1393 Verbum,
1216 1346 1318 1399 quia
1360 1345 1570 1386 Divinum
1612 1345 1782 1386 Verum

296 1407 422 1462 (Jolz.
446 1409 470 1450 i.
500 1420 534 1458 1,
558 1420 596 1458 2,
626 1408 693 1462 14)
713 1422 722 1449 :
756 1409 834 1449 sed
857 1408 961 1462 quid
987 1408 1163 1461 singula
1184 1407 1420 1449 involvunt
1443 1415 1488 1449 et
1512 1407 1782 1461 significant,

294 1485 383 1512 non
410 1472 509 1513 sciri
536 1479 689 1526 potest
716 1472 798 1512 nisi
824 1486 882 1513 ex
907 1485 1039 1512 sensu
1065 1472 1271 1522 interno;
1305 1484 1419 1512 nunc
1444 1471 1587 1512 solum
1611 1484 1783 1512 memo-

294 1541 415 1576 ratur
439 1535 544 1589 quid
577 1534 891 1588 significabant
921 1539 1114 1575 “vestes
1148 1534 1369 1583 Domini‚”
1395 1535 1496 1587 quia
1528 1534 1583 1574 de
1615 1524 1783 1587 signifi-

295 1599 473 1640 catione
499 1602 522 1618 “
537 1599 729 1640 vestium
742 1598 761 1613 ’'
783 1598 854 1638 hic
878 1598 1041 1651 agitur,
1061 1598 1180 1651 quod
1201 1611 1361 1650 nempe
1385 1596 1640 1650 significent
1663 1611 1783 1646 vera,

294 1667 340 1702 et
364 1662 436 1702 ubi
462 1662 517 1702 de
542 1662 752 1710 Domino,
778 1661 988 1717 Divinpm
1013 1661 1198 1702 Verum.
1261 1660 1431 1701 Similia
1453 1674 1565 1714 quae
1594 1664 1784 1701 “vestes

295 1725 515 1774 Domini‚”
537 1725 674 1766 etiam
695 1729 883 1765 “vestes
902 1723 1162 1765 Aharonis”
1184 1731 1229 1765 et
1251 1722 1476 1764 “filiorum
1500 1722 1592 1776 ejus
1604 1723 1623 1738 '’
1645 1723 1783 1776 signi-

294 1788 497 1838 ficarunt,
531 1790 743 1842 quoniam
776 1788 964 1829 Aharon
998 1801 1098 1828 cum
1137 1786 1237 1828 filiis
1268 1787 1360 1839 ejus
1392 1793 1784 1841 repraesentarunt

296 1852 538 1892 Dominum
563 1852 710 1905 quoad
735 1851 945 1892 Divinum
971 1850 1160 1898 Bonum,
1185 1864 1235 1891 ac
1259 1857 1411 1891 vestes
1434 1850 1609 1891 illorum
1636 1850 1784 1903 quoad

296 1911 510 1952 Divinum
534 1911 719 1951 Verum.
769 1921 847 1959 (Sed
862 1921 940 1950 haec
954 1921 1120 1950 videantur
1131 1921 1163 1950 in
1175 1921 1312 1950 Arcanis
1328 1920 1511 1950 Caelestibus
1522 1920 1678 1957 explicata
1691 1924 1722 1948 et
1736 1926 1787 1949 os-

295 1975 397 2005 tensa;
422 1975 456 1999 ut
471 1971 558 2008 quod
573 1970 703 1999 Aharon
720 1970 997 2007 repraesentaverit
1015 1969 1190 1998 Dominum
1206 1969 1313 2006 quoad
1330 1968 1480 1997 Divinum
1497 1969 1633 2002 Bonum,
1649 1976 1680 1997 n.
1695 1968 1785 2005 9806,

295 2013 417 2052 [¹19946,
436 2023 548 2051 10017;
572 2015 648 2052 quid
664 2015 806 2052 singulae
822 2019 923 2043 vestes
938 2023 1060 2047 eorum,
1076 2022 1192 2051 nempe
1207 2014 1376 2051 pectorale,
1393 2013 1565 2051 ephodum,
1581 2013 1722 2050 pallium,
1738 2017 1787 2041 tu-

295 2061 365 2089 nica
380 2061 532 2094 tesselata‚
549 2060 670 2094 cidaris,
686 2060 840 2093 baltheus
857 2069 886 2088 n.
903 2061 992 2096 9814,
1003 2060 1193 2096 9823—9828‚
1204 2058 1284 2095 seq.)

375 2107 509 2158 196.
548 2106 633 2146 “ft
659 2105 919 2146 ambulabunt
945 2105 1100 2145 Mecum
1128 2104 1168 2144 in
1198 2104 1315 2151 albis,
1346 2096 1439 2157 quid
1468 2102 1580 2156 digni
1597 2103 1788 2143 sunt,”—

297 2167 430 2222 Quod
458 2167 680 2221 significet
706 2167 847 2208 vitam
871 2181 1017 2207 eorum
1043 2165 1324 2218 spiritualem
1345 2179 1455 2219 quae
1475 2165 1567 2206 illis
1583 2171 1669 2218 per
1688 2178 1785 2218 cog-

297 2231 479 2272 nitiones
515 2230 614 2271 veri
644 2237 686 2271 et
725 2230 828 2270 bom·
857 2244 912 2270 ex
958 2229 1108 2277 Verbo,
1146 2235 1328 2270 constat
1365 2243 1424 2269 ex
1461 2228 1787 2281 significatione

299 2300 323 2315 ‘⁴
337 2294 604 2342 ambulare,’'
622 2294 740 2347 quod
765 2295 821 2334 sit
839 2295 988 2334 vivere
1009 2292 1084 2346 (de
1102 2307 1189 2346 qua
1211 2306 1357 2346 supra,
1376 2305 1417 2332 n.
1435 2291 1509 2345 97)
1529 2306 1538 2342 ;
1571 2306 1630 2332 ex
1648 2292 1786 2344 signi-

297 2358 507 2399 ficatione
528 2358 609 2397 “in
627 2357 778 2406 albis,''
793 2357 912 2410 quod
930 2357 987 2397 sit
1005 2357 1049 2397 in
1067 2356 1196 2405 veris,
1217 2369 1321 2396 nam
1342 2359 1366 2376 “
1380 2355 1530 2396 album
1543 2355 1562 2370 ’‘
1576 2361 1622 2395 et
1639 2358 1665 2375 ‘⁴
1680 2367 1786 2395 can*-

298 2421 480 2462 didum‘'
511 2421 555 2461 in
582 2420 738 2461 Verbo
769 2420 930 2460 dicitur
961 2420 1017 2460 de
1042 2420 1158 2460 veris
1187 2418 1263 2472 (de
1294 2433 1381 2472 qua
1406 2418 1653 2472 sequitur);
1685 2418 1788 2458 ideo

298 2497 377 2538 per
396 2482 661 2524 “ambulare
685 2483 864 2524 Mecum
887 2484 930 2523 in
953 2483 1098 2523 albis''
1116 2482 1394 2535 significatur
1414 2483 1508 2522 vita
1529 2481 1784 2535 spiritualis,

299 2560 403 2588 nam
434 2547 527 2587 vita
558 2546 798 2599 spiritualis
830 2553 899 2587 est
931 2547 1023 2586 vita
1054 2547 1159 2594 veri,
1188 2546 1272 2586 hoc
1305 2553 1388 2594 est,
1416 2546 1510 2585 vita
1541 2544 1785 2585 secundum

297 2625 417 2659 vera,
451 2625 527 2651 seu
565 2611 811 2650 seeundum
850 2616 1093 2663 praecepta
1130 2610 1311 2650 Domini
1348 2610 1391 2649 in
1423 2608 1604 2658 Verb0;
1650 2613 1696 2648 et
1727 2621 1787 2648 ex

299 2673 627 2727 significatione
662 2674 801 2726 “quia
841 2674 964 2726 digni
1002 2672 1145 2721 sunt,”
1182 2672 1303 2725 quod
1339 2673 1397 2712 sit
1434 2672 1536 2725 quia
1571 2670 1658 2711 illis
1694 2671 1788 2711 vita

299 2736 540 2791 spiritualis
566 2743 635 2776 est
662 2750 687 2776 a
715 2736 936 2776 Domino:
972 2742 1189 2789 quantum
1217 2736 1312 2788 quis
1335 2749 1360 2775 a
1387 2734 1583 2775 Domino
1609 2733 1786 2786 accipit,

300 2806 478 2842 tantum
506 2799 667 2851 dignus
693 2805 762 2839 est
783 2813 792 2849 ;
825 2805 870 2839 at
898 2805 1114 2852 quantum
1141 2812 1199 2838 ex
1222 2812 1283 2846 se,
1307 2798 1391 2838 hoc
1416 2803 1500 2845 est,
1524 2811 1582 2837 ex
1605 2810 1684 2837 suo
1710 2802 1787 2835 aut

300 2863 492 2917 proprio,
512 2868 690 2903 tantum
710 2875 800 2902 non
819 2862 980 2914 dignus
998 2868 1080 2902 est.
1142 2860 1264 2901 Nihil
1282 2860 1402 2900 aliud
1420 2859 1537 2912 apud
1559 2858 1788 2899 hominem

299 2927 404 2967 facit
435 2926 575 2966 vitam
607 2924 883 2978 spiritualem
915 2937 1047 2978 quam
1080 2924 1364 2977 cognitiones
1392 2923 1484 2963 veri
1515 2927 1560 2962 et
1592 2921 1697 2961 boni
1729 2934 1788 2960 ex

301 2989 457 3030 Verbo
496 2987 748 3042 applicatae
786 2988 935 3038 vitae3
977 2993 1023 3028 et
1061 2994 1167 3028 tunc
1208 2985 1491 3040 applicantur
1526 2985 1646 3025 vitae
1686 2996 1787 3024 cum
