2060 3476
242 373 251 382 ο
291 330 378 373 474
707 327 1041 361 APOCALYPSIS
1072 328 1371 360 EXPLICATA.

378 440 463 495 [ἰὴ]
507 440 642 493 Quod
669 440 855 482 cherubi
880 441 962 481 visi
987 441 1078 481 sint
1104 446 1153 481 ut
1179 440 1429 488 Animalia,
1456 445 1527 481 est
1552 440 1656 493 quia
1681 452 1785 480 cae-

295 502 426 544 lestia
452 509 848 556 repraesentantur
872 503 1003 543 variis
1035 502 1181 543 modis
1212 503 1256 543 in
1288 501 1470 550 ultimis,
1497 507 1546 542 ut
1577 507 1787 542 constare

295 571 449 619 potest
475 579 535 606 ex
562 565 714 607 multis
741 565 851 606 locis
876 566 920 606 in
947 565 1127 607 Verbo:
1161 572 1294 619 prout

362 668 469 710 Quod
490 667 643 708 Spiritus
664 665 816 699 Sanctus
834 668 1041 708 apparuerit
1059 673 1099 699 ut
1118 667 1285 699 columba
1302 676 1412 707 supra
1428 665 1553 708 jesum
1574 675 1654 697 cum
1675 665 1790 706 bapti-

470 717 571 743 zatus
590 710 735 751 (Matth.
750 711 800 743 iii.
817 712 869 749 16,
886 711 938 752 17)
953 721 961 749 ;

364 755 408 787 Et
426 755 523 796 quod
544 755 717 786 Divinum
739 755 888 786 Domini
907 755 1114 796 apparuerit
1134 760 1172 786 ut
1191 754 1318 794 Agnus
1337 752 1452 795 (Apoc.
1466 763 1499 785 v.
1514 753 1544 791 6,
1560 753 1590 791 8,
1590 752 1680 794 )3);

364 798 471 831 Unde
488 798 597 830 etiam
619 798 799 830 Dominus
817 804 966 830 vocatus
987 804 1042 830 est
1059 798 1184 838 Agnus
1201 796 1314 839 (Apoc.
1330 797 1376 830 vi.
1394 805 1422 835 1,
1439 797 1498 835 16;
1523 806 1599 837 cap.
1614 796 1674 828 vii.
1688 806 1719 836 9,
1737 803 1787 833 10,

474 850 524 881 14,
542 849 601 881 175
630 852 707 882 cap.
721 842 782 874 xii.
799 850 836 873 11
852 851 859 881 ;
887 851 964 882 cap.
978 842 1053 873 xiii.
1067 842 1107 880 8,
1135 851 1212 882 cap.
1226 841 1297 873 xiv.
1315 849 1343 880 1,
1357 849 1398 880 4;
1427 850 1504 881 cap.
1518 840 1604 872 xvii.
1623 848 1682 879 14;
1711 849 1787 880 cap.

471 886 543 918 xix.
559 893 589 925 7,
603 895 624 927 9
637 895 644 923 ;
669 895 746 926 cap.
760 885 831 918 xxi.
846 893 898 924 22,
914 893 966 925 23,
981 883 1080 926 (¹127).

299 984 433 1038 Quod
456 984 637 1026 cherubi
659 984 819 1026 fuerint
842 990 1047 1038 quatuor,
1067 990 1113 1025 et
1137 983 1300 1037 singuli
1321 983 1556 1025 habuerint
1578 997 1660 1024 sex
1680 981 1790 1030 alas,

298 1055 368 1089 est
395 1049 495 1102 quia
521 1061 599 1101 per
623 1051 851 1101 “quatuor
864 1047 882 1062 ’'
909 1046 1185 1100 significatur
1210 1047 1376 1088 bonum
1403 1046 1614 1095 caeleste,
1642 1051 1688 1087 et
1714 1058 1792 1099 per

301 1111 452 1152 “sex’'
478 1111 644 1151 bonum
671 1110 926 1164 spirituale;
961 1109 1220 1164 “quatuor”
1245 1110 1363 1150 enim
1395 1108 1650 1162 significant
1682 1122 1791 1150 con-

294 1172 588 1228 junctionem,
608 1179 654 1214 et
677 1172 932 1227 conjunctio
954 1173 1112 1214 intima
1134 1187 1234 1214 cum
1258 1173 1454 1214 Domino
1476 1178 1545 1213 est
1568 1186 1645 1226 per
1666 1185 1791 1212 amo-

300 1250 394 1278 rem
418 1238 460 1278 in
485 1237 664 1291 Ipsum;
699 1240 821 1277 “sex
835 1236 854 1252 ’'
872 1243 1023 1278 autem
1046 1235 1302 1290 significant
1321 1235 1791 1283 communicationem,

300 1308 346 1341 et
362 1300 711 1342 communicatio
727 1313 827 1340 cum
843 1299 1040 1341 Domino
1055 1306 1124 1342 est
1141 1313 1219 1354 per
1233 1299 1499 1340 charitatem
1515 1311 1621 1352 erga
1639 1298 1792 1352 proxi-

302 1377 436 1404 mum.
499 1362 633 1416 Quod
668 1362 806 1404 “alae
819 1362 838 1378 '’
869 1362 1124 1416 significent
1156 1363 1367 1403 Divinum
1399 1361 1643 1415 spirituale,
1673 1360 1794 1414 quod

301 1428 344 1467 in
370 1440 449 1467 sua
475 1426 672 1467 essentia
697 1431 766 1466 est
789 1439 943 1467 verum
970 1440 1028 1467 ex
1055 1426 1190 1474 bono,
1214 1431 1395 1467 constat
1422 1439 1480 1466 ex
1505 1423 1794 1478 sequentibus

300 1491 368 1531 his
395 1488 729 1542 locisz—Apud
757 1488 995 1539 Davidem,

369 1590 438 1623 “Si
458 1590 652 1622 cubueritis
676 1588 768 1622 inter
784 1589 941 1627 ordines,
965 1589 1044 1620 alae
1064 1589 1253 1620 columbae
1273 1586 1452 1620 obductae
1472 1592 1635 1627 argento,
1655 1592 1692 1618 et
1711 1595 1796 1627 pen-

476 1645 543 1666 nae
568 1635 646 1676 ejus
677 1634 855 1665 flavedine
879 1633 968 1670 auri,
996 1642 1076 1664 cum
1101 1632 1287 1673 expandis,
1315 1631 1504 1669 Schaddai,
1532 1640 1634 1671 reges
1662 1630 1699 1662 in
1723 1629 1795 1661 ea''

474 1678 620 1719 (Psalm.
635 1678 746 1710 lxviii.
765 1686 814 1716 14,
832 1684 869 1716 15
890 1675 950 1719 [B.
966 1678 1011 1709 A.
1029 1685 1078 1716 13,
1096 1674 1186 1718 14]);

300 1774 405 1829 quid
432 1773 655 1828 significat
678 1773 798 1828 quod
824 1773 887 1814 eis
910 1773 983 1827 qui
1008 1772 1214 1813 “cubant
1239 1772 1356 1812 inter
1377 1770 1570 1819 ordines,
1594 1769 1692 1811 alae
1718 1767 1811 1811 co-‘

300 1838 478 1879 lumbae
497 1835 719 1879 obductae
737 1843 943 1890 argento,
964 1842 1009 1877 et
1033 1849 1208 1889 pennae
1226 1834 1447 1875 flavedine
1463 1833 1594 1882 auri,'’
1612 1839 1657 1874 et
1675 1832 1795 1887 quod

303 1905 470 1954 “reges
496 1902 539 1941 in
566 1915 619 1942 ea
645 1913 745 1942 cum
773 1899 993 1953 expandit
1020 1897 1284 1946 Schaddai,’'
1310 1910 1443 1938 nemo
1468 1896 1680 1949 intelligit
1712 1896 1795 1937 nisi

300 1978 360 2005 ex
383 1977 515 2005 sensu
541 1964 747 2004 interno:
781 1963 823 2003 in
851 1962 952 2011 hoc,
978 1962 1178 2002 “cubare
1203 1961 1319 2002 inter
1340 1960 1519 2001 ordines
1531 1959 1550 1974 '’
1571 1957 1794 2012 significat

300 2028 450 2069 vivere
468 2028 512 2068 in
529 2027 712 2067 statutis
729 2040 739 2077 ;
772 2029 797 2046 ‘⁴
810 2025 907 2066 alae
925 2024 1160 2066 columbae
1178 2022 1400 2065 obductae
1418 2021 1642 2075 argento''
1656 2022 1794 2075 signi·

301 2090 438 2131 ficant
463 2104 570 2130 vera
595 2088 866 2142 spiritualia;
901 2092 1115 2141 “pennae
1146 2086 1366 2127 flavedine
1392 2086 1484 2126 auri
1496 2085 1515 2100 ”
1540 2084 1796 2138 significant

301 2151 469 2195 bonum
484 2151 712 2206 spirituale
730 2165 788 2192 ex
804 2165 892 2205 quo
910 2151 985 2191 illa
998 2164 1104 2191 vera
1121 2165 1129 2200 ;
1155 2154 1179 2170 ‘⁴
1193 2149 1418 2191 Schaddai
1429 2148 1448 2164 ”
1463 2147 1687 2202 significat
1702 2154 1796 2190 sta-

302 2222 399 2257 tum
426 2215 760 2264 tentationum;
795 2218 963 2267 “reges
989 2214 1033 2254 in
1060 2227 1113 2254 ea
1124 2213 1143 2228 '’
1165 2211 1420 2266 significant
1445 2226 1552 2253 vera
1575 2212 1620 2252 in
1646 2211 1724 2253 illo
1749 2219 1796 2254 et

302 2285 406 2333 post
423 2278 561 2319 illum.
612 2277 746 2330 Quod
767 2277 905 2318 “alae
923 2277 1158 2317 columbae
1176 2274 1398 2317 obductae
1415 2281 1609 2328 argento
1620 2274 1640 2290 '’
1657 2275 1796 2328 signi-

303 2342 440 2384 ficent
471 2355 577 2382 vera
607 2340 868 2394 spiritualia,
897 2346 966 2380 est
996 2340 1098 2393 quia
1125 2338 1236 2379 “ala
1248 2338 1267 2354 ”
1298 2337 1520 2391 significat
1551 2337 1795 2391 spirituale,

307 2404 556 2446 “columba
567 2403 586 2419 ’'
611 2416 764 2444 verum
790 2417 850 2443 ex
876 2403 1010 2450 bono,
1038 2408 1084 2443 et
1112 2405 1390 2455 “argentum
1401 2401 1420 2416 ”
1445 2402 1590 2455 ipsum
1615 2413 1796 2451 verum;

304 2468 424 2523 quod
452 2471 666 2520 “pennae
697 2464 920 2507 obduc'tae
951 2465 1171 2506 flavedine
1196 2464 1318 2506 auri”
1344 2464 1598 2518 significent
1629 2464 1796 2505 bonum

305 2530 534 2586 spirituale
561 2544 619 2571 ex
644 2544 732 2583 quo
758 2529 835 2570 illa
860 2543 979 2578 vera,
1006 2535 1075 2570 est
1101 2529 1204 2582 quia
1227 2527 1443 2581 “penna”
1468 2526 1691 2580 significat
1715 2527 1797 2568 bo-

306 2607 415 2635 num
440 2593 668 2647 spirituale
694 2607 752 2633 ex
776 2606 864 2646 quo
886 2606 1005 2640 vera,
1029 2598 1074 2633 et
1101 2591 1243 2632 simile
1267 2590 1478 2631 “flavedo
1504 2591 1595 2631 auri
1612 2589 1646 2641 ;'’
1677 2590 1797 2644 quod

307 2661 448 2699 “cum
480 2656 701 2709 expandit
733 2654 989 2696 Schaddai''
1020 2654 1243 2708 significet
1275 2660 1443 2695 statum
1476 2653 1796 2701 tentationum,

306 2726 376 2761 est
402 2720 504 2773 quia
532 2719 693 2759 “Deus
725 2717 978 2759 Schaddai‘’
1004 2716 1228 2770 significat
1253 2716 1531 2758 tentationes
1563 2721 1609 2756 et
1635 2729 1797 2756 conso·

307 2783 499 2824 lationes
535 2787 638 2835 post
679 2781 806 2832 illas;
848 2787 894 2822 et
931 2781 1033 2834 quia
1067 2794 1173 2821 vera
1211 2793 1270 2820 ex
1310 2779 1431 2820 bono
1470 2778 1799 2832 implantantur

308 2846 479 2887 homini
520 2859 598 2899 per
633 2845 927 2893 tentationes,
964 2844 1066 2885 ideo
1103 2843 1263 2885 dicitur
1300 2846 1468 2895 “reges
1508 2842 1552 2882 in
1593 2841 1684 2891 ea,”
1719 2855 1799 2895 per

310 2912 478 2962 “reges
491 2908 510 2924 ''
536 2908 654 2949 enim
686 2906 993 2960 significantur
1017 2920 1123 2948 vera
1154 2920 1212 2947 ex
1245 2906 1366 2947 bono
1400 2904 1624 2958 (videatur
1648 2917 1795 2959 supra,

309 2985 350 3012 n.
375 2970 463 3026 31).
523 2970 661 3025 Apud
688 2969 896 3020 eundem,
