2060 3476
286 349 369 392 350
713 349 1046 384 APOCALYPSIS
1077 350 1377 383 EXPLICATA.
1423 351 1428 355 ”

285 474 483 511 noscere,
504 462 713 515 quoniam
735 462 797 503 illi
819 476 970 504 secum
993 463 1138 505 ferunt
1157 477 1314 505 omnes
1332 469 1478 504 status
1495 463 1615 505 vitae
1636 477 1740 504 suae
1759 478 1768 514 ;

284 524 368 568 hoc
391 530 542 565 autem
565 525 682 578 apud
705 525 922 575 homines,
942 526 1048 567 dum
1071 527 1227 567 vivunt
1250 527 1293 567 in
1316 525 1498 575 mundo,
1518 539 1607 568 non
1632 519 1770 567 videri

284 593 329 627 et
356 588 569 640 cognosci
595 594 761 640 potest,
788 590 997 642 quoniam
1023 589 1127 642 quid
1159 589 1351 630 hominis
1377 589 1554 642 spiritus
1581 589 1697 642 apud
1723 602 1770 629 se

283 651 471 703 cogitat,
498 651 640 691 credit
667 657 713 692 et
739 658 861 692 amat
887 653 930 692 in
957 651 1271 705 spiritualibus,
1296 665 1384 692 non
1415 650 1637 704 propalari
1668 655 1771 704 pot*-

284 718 353 753 est
379 713 455 753 ulli
481 727 612 767 quam
644 727 722 767 per
748 714 971 768 loquelam
997 721 1042 755 et
1070 720 1263 755 externa
1287 712 1429 764 factam
1462 720 1508 755 et
1532 713 1643 755 haec
1670 727 1771 767 pro-

283 775 451 816 cedunt
477 776 624 829 quoad
656 776 732 817 illa
757 790 870 830 quae
901 776 1003 817 fidei
1035 783 1139 818 sunt
1165 776 1237 817 vel
1268 790 1327 817 ex
1353 774 1558 817 dofitrina
1589 783 1771 830 recepta

282 838 325 878 in
349 838 551 888 ecclesia,
575 839 645 880 vel
669 853 726 880 ex
754 841 1005 893 praeceptis
1028 840 1209 893 Domini
1235 853 1259 880 e
1281 838 1436 880 Verbo
1457 839 1624 893 absque
1647 839 1771 892 cogi·

283 902 457 942 tatione
475 916 533 943 ex
549 900 751 944 doctrina
769 918 777 953 ;
810 903 917 943 illud
937 903 1053 956 apud
1072 900 1284 950 eruditos,
1300 902 1384 943 hoc
1400 902 1517 956 apud
1535 902 1769 955 simplices.

284 964 439 1018 Qualis
466 966 616 1020 itaque
642 972 712 1007 est
738 972 884 1007 status
910 967 1214 1019 cogitationis,
1239 965 1341 1006 fidei
1367 972 1412 1006 et
1435 966 1554 1006 vitae
1580 979 1639 1006 ex
1662 965 1772 1006 doc·

284 1028 414 1076 trina‚
440 1029 628 1082 primum
653 1029 839 1070 dicetur.
901 1027 1118 1070 Doctrina
1139 1028 1427 1070 ecclesiarum
1449 1029 1493 1069 in
1516 1028 1772 1069 Christiano

282 1091 389 1131 orbe
412 1092 546 1132 hodie
569 1090 710 1132 dictat
729 1092 848 1146 quod
871 1092 967 1132 sola
989 1091 1098 1132 fides
1115 1091 1274 1141 salvet,
1293 1097 1339 1132 et
1357 1091 1477 1145 quod
1499 1091 1592 1132 vita
1609 1092 1773 1132 amoris

283 1153 390 1193 nihil
416 1154 576 1204 faciat;
610 1160 704 1195 tum
731 1154 851 1208 quod
883 1155 1019 1196 homo
1045 1167 1145 1196 cum
1171 1154 1340 1207 recepit
1366 1153 1500 1195 fidem
1526 1153 1670 1207 justus
1699 1154 1770 1200 sit,
1813 1164 1818 1170 ·

282 1222 327 1256 et
360 1229 460 1257 cum
492 1217 554 1257 ita
580 1216 848 1269 justificatus
879 1223 949 1258 est
981 1217 1100 1271 quod
1133 1217 1234 1258 dein
1267 1230 1358 1257 non
1390 1216 1554 1270 aliquid
1592 1216 1696 1257 mali
1733 1217 1772 1257 ei

283 1279 526 1332 imputetur
543 1293 551 1330 ;
575 1280 762 1333 proinde
777 1280 894 1334 quod
914 1280 1113 1321 salvetur
1130 1280 1273 1321 omnis
1292 1279 1442 1327 homo,
1459 1280 1595 1320 etiam
1615 1279 1770 1327 malus,

283 1342 317 1382 si
349 1342 486 1383 modo
518 1341 650 1384 fidem
683 1343 849 1384 habeat
881 1342 953 1384 vel
984 1342 1117 1384 fidem
1149 1343 1348 1396 recipiat,
1376 1343 1551 1383 etiamsi
1582 1342 1626 1383 id
1658 1342 1772 1383 foret

281 1406 324 1445 in
357 1405 514 1446 ultima
539 1406 659 1447 vitae
691 1406 812 1446 hora.
877 1405 964 1459 Qui
995 1407 1146 1459 itaque
1177 1419 1236 1446 ex
1263 1403 1468 1446 doctrina
1493 1405 1699 1458 cogitant
1725 1411 1771 1445 et

283 1468 453 1517 vivunt,
487 1468 549 1509 illi
581 1469 799 1510 omittunt
831 1468 964 1516 bona,
997 1469 1099 1522 quia
1129 1468 1319 1509 credunt
1350 1467 1427 1508 illa
1457 1467 1564 1508 nihil
1595 1467 1772 1509 afficere

281 1531 508 1572 hominem
527 1545 604 1572 seu
627 1531 801 1572 efficere
824 1532 880 1572 ad
904 1531 1122 1582 salutem3
1155 1538 1200 1572 et
1223 1530 1285 1571 illi
1303 1540 1479 1584 quoque
1502 1544 1591 1571 non
1614 1537 1772 1572 curant

281 1594 399 1635 mala
425 1595 715 1647 cogitationis
747 1601 792 1636 et
819 1594 1065 1636 voluntatis
1092 1608 1211 1643 suae,
1239 1594 1332 1634 sive
1363 1594 1452 1634 sint
1484 1599 1772 1648 contemptus

282 1657 468 1698 aliorum
491 1671 597 1711 prae
619 1671 680 1706 se,
704 1658 796 1698 sive
823 1658 911 1698 sint
938 1658 1209 1706 inimicitiae,
1233 1656 1348 1705 odia,
1372 1654 1609 1706 vindictae,
1633 1663 1771 1706 astuS‚

281 1719 386 1769 doli,
409 1733 460 1761 ac
485 1720 643 1760 similia
665 1720 765 1770 alia,
785 1721 886 1774 quia
908 1720 1096 1761 credunt
1119 1719 1227 1761 talia
1249 1733 1338 1760 non
1361 1719 1569 1773 imputari
1590 1719 1677 1760 illis
1699 1719 1772 1773 qui

275 1782 505 1836 justificati
537 1790 640 1824 sunt
672 1797 750 1837 per
775 1783 935 1835 fidem;
957 1783 1171 1824 'dicentes
1198 1783 1333 1824 corde
1359 1796 1407 1823 se
1433 1795 1523 1823 non
1555 1782 1636 1823 sub
1662 1781 1772 1836 jugo

281 1845 392 1899 legis
424 1860 536 1895 esse,
569 1847 672 1900 quia
704 1847 923 1887 Dominus
955 1860 1034 1900 pro
1065 1845 1151 1887 illis
1182 1845 1385 1899 implevit
1418 1844 1581 1898 legem,
1614 1858 1695 1886 nec
1728 1845 1771 1886 in

279 1908 586 1957 damnatione,
614 1910 716 1963 quia
748 1910 970 1950 Dominus
1000 1908 1124 1950 illam
1155 1907 1349 1949 sustulit.
1411 1907 1522 1949 Inde
1553 1918 1669 1948 nunc
1693 1914 1771 1949 est

279 1972 399 2026 quod
430 1972 493 2013 illi
524 1973 597 2026 qui
628 1987 687 2014 ex
719 1971 924 2013 doctrina
955 1972 1011 2013 de
1042 1972 1139 2013 sola
1174 1971 1261 2012 fide
1293 1977 1338 2012 et
1371 1971 1426 2012 de
1452 1969 1771 2024 justificatione

279 2036 500 2088 cogitant,
527 2037 697 2084 vivunt,
724 2042 770 2077 et
797 2036 999 2093 credunt,
1027 2035 1135 2076 nihil
1165 2035 1209 2075 in
1241 2035 1334 2075 vita
1365 2047 1444 2074 sua
1474 2031 1681 2087 spectent
1713 2034 1770 2074 ad

280 2098 440 2148 Deum,
468 2099 547 2139 sed
580 2099 725 2140 solum
757 2099 814 2139 ad
845 2105 990 2140 semet
1019 2098 1065 2140 et'
1091 2098 1147 2139 ad
1180 2097 1421 2148 mundum;
1455 2103 1500 2137 et
1527 2097 1600 2150 qui
1626 2096 1772 2138 solum

278 2162 335 2202 ad
367 2168 510 2202 semet
540 2168 585 2202 et
617 2162 674 2202 ad
707 2162 921 2202 mundum
948 2159 1155 2215 spectant
1187 2161 1230 2200 in
1263 2174 1391 2200 cursu
1416 2160 1536 2200 vitae
1562 2173 1682 2208 suae,
1709 2159 1771 2200 illi

278 2224 527 2278 adjungunt
549 2238 596 2266 se
618 2225 798 2265 infernis
816 2239 825 2275 ;
858 2238 961 2265 nam
979 2237 1135 2265 omnes
1153 2224 1225 2277 qui
1246 2224 1289 2263 in
1311 2223 1490 2263 infernis
1513 2228 1630 2271 sunt,
1649 2222 1771 2262 nihili

279 2288 444 2329 faciunt
470 2288 651 2336 bonum,
675 2294 720 2328 et
743 2287 866 2328 nihili
892 2287 1071 2328 malum.
1124 2286 1292 2335 Verbo,
1316 2286 1464 2326 vivere
1487 2299 1545 2326 ex
1569 2283 1772 2326 doctrina

279 2350 368 2399 illa,
396 2357 466 2391 est
498 2364 545 2391 se
575 2349 840 2391 confirmare
871 2351 915 2391 in
947 2351 1054 2398 vita,
1082 2350 1201 2403 quod
1233 2349 1416 2402 perinde
1447 2349 1504 2389 sit
1536 2349 1572 2388 si
1603 2348 1770 2389 bonum

279 2415 498 2467 cogitent,
522 2413 677 2462 velint,
701 2420 747 2454 et
773 2414 952 2462 faciant,
977 2414 1078 2466 quia
1104 2426 1194 2453 non
1219 2412 1323 2453 inde
1349 2411 1494 2462 salus3
1527 2417 1573 2452 et
1596 2424 1771 2464 quoque

279 2477 397 2531 quod
421 2477 603 2530 perinde
627 2478 683 2517 sit
705 2477 740 2517 si
762 2476 929 2517 malum
952 2477 1172 2529 cogitent,
1195 2475 1351 2523 velint,
1371 2480 1417 2515 et
1440 2480 1657 2528 quantum
1679 2487 1770 2515 non

279 2541 441 2581 timent
464 2539 602 2592 leges,
623 2540 802 2589 faciant,
821 2541 924 2593 quia
945 2553 1036 2580 non
1057 2539 1161 2579 inde
1185 2538 1443 2588 damnatio;
1477 2537 1614 2578 modo
1635 2537 1772 2578 habe-

278 2609 356 2644 ant
383 2602 704 2644 confidentiam
731 2617 808 2644 seu
840 2602 1061 2652 fiduciam,
1089 2615 1203 2655 quae
1229 2607 1417 2641 vocatur
1447 2599 1558 2640 fides
1589 2599 1771 2640 salvans

278 2676 333 2713 (de
345 2675 453 2712 quain
466 2675 623 2704 Doc'trina
635 2676 744 2704 Novae
756 2675 998 2712 Hierosolymae,
1011 2683 1043 2704 n.
1058 2674 1143 2712 115).
1189 2661 1324 2715 Quod
1342 2661 1409 2702 illl
1429 2664 1455 2682 “
1468 2661 1644 2714 tePldi''
1661 2662 1769 2710 Sint,

278 2735 405 2783 patet
436 2742 495 2770 ex
527 2741 605 2769 eo:
639 2729 819 2782 quando
851 2742 909 2770 ex
937 2726 1142 2769 doctrina
1172 2727 1249 2767 illa
1280 2727 1501 2779 cogitant,
1529 2725 1771 2779 loquuntur

277 2799 354 2833 aut
391 2791 667 2845 praedicant,
701 2791 820 2845 quod
853 2792 909 2833 de
942 2791 1056 2840 Deo,
1089 2791 1145 2831 de
1178 2790 1388 2836 Domino,
1421 2789 1477 2829 de
1510 2788 1679 2838 Verbo,
1713 2789 1769 2829 de

276 2856 370 2896 Vita
391 2861 589 2904 aeterna,
614 2856 834 2908 cogitent,
859 2855 1099 2908 loquantur
1121 2859 1166 2894 et
1193 2853 1481 2906 praedicent;
1514 2857 1562 2892 at
1589 2865 1769 2905 prorsus

276 2918 384 2959 nihil
416 2919 522 2959 dum
554 2925 687 2959 extra
713 2917 964 2959 doctrinam
996 2923 1114 2958 sunt.
1175 2917 1257 2957 Per
1287 2915 1410 2956 illam
1442 2915 1767 2968 cogitationem

276 2980 484 3035 spectant
510 2981 566 3022 ad
594 2980 782 3031 caelum,
811 2981 888 3022 sed
920 2994 998 3034 per
1023 2981 1163 3021 vitam
1191 2978 1470 3032 conjungunt
1496 2991 1544 3018 se
1569 2971 1767 3027 inferno;
