2060 3476
642 358 748 391 CAP.
771 358 858 399 111.,
882 357 1020 390 VERS.
1045 357 1219 390 20.—N.
1243 358 1337 402 251.
1649 356 1746 398 403⁴

241 471 355 521 Deo,
381 477 427 512 et
454 484 544 512 non
567 471 750 512 credere
771 470 815 511 in
838 470 1000 520 Deum,
1025 476 1095 512 est
1117 469 1228 512 fides
1249 471 1481 521 historica,
1505 486 1618 526 quae
1644 485 1735 513 non

240 540 311 576 est
337 534 533 575 salvans.
595 532 707 587 Quis
738 539 808 575 est
834 534 907 588 qui
932 547 1063 575 verus
1089 534 1302 575 sacerdos
1328 540 1375 575 et
1406 534 1550 576 bonus
1578 544 1734 589 pastor

239 597 312 651 qui
335 610 426 637 non
449 596 546 638 vult
569 603 618 638 ut
644 596 853 638 homines
879 597 996 637 bene
1018 597 1191 645 vivant,
1215 602 1262 637 et
1289 597 1362 650 qui
1385 611 1476 638 non
1499 599 1585 639 scit
1612 600 1732 653 quod

240 659 351 701 fides
382 661 696 714 cognitionum
728 661 831 714 quia
862 659 974 700 alius
1006 660 1123 700 dixit
1154 672 1245 700 non
1278 660 1337 700 sit
1363 660 1473 701 fides
1499 662 1621 702 vitae
1653 663 1732 704 sed

239 722 350 764 fides
372 723 620 764 historica?
672 723 807 764 Fides
824 723 946 764 vitae
968 729 1039 764 est
1057 721 1168 763 fides
1185 722 1437 772 charitatis,
1457 737 1562 764 nam
1585 725 1732 765 chari-

239 793 311 827 tas
343 793 413 827 est
444 787 552 827 vita.
614 785 704 828 Sed
736 787 920 828 tametsi
952 786 1015 827 ita
1047 792 1132 834 est,
1160 799 1300 840 usque
1331 787 1575 840 praevideo
1612 789 1732 842 quod

238 849 302 890 illi
333 850 406 904 qui
438 863 486 890 se
518 849 897 891 confirmaverunt
929 850 973 890 in
1005 847 1211 890 doctrina
1246 849 1303 890 de
1335 849 1433 890 sola
1468 849 1556 891 fide
1592 858 1639 892 et
1675 852 1732 892 de

227 911 559 964 justificatione
581 926 660 967 per
680 913 820 962 illam,
845 925 936 953 non
954 910 1202 953 1¹1recedent
1224 912 1282 952 ab
1303 926 1370 961 ea,
1390 927 1450 953 ex
1473 926 1608 955 causa
1630 915 1733 967 quia

237 973 516 1017 connectunt
547 975 661 1017 salsa
685 976 827 1027 veris;
859 976 1029 1017 docent
1060 975 1180 1016 enim
1206 989 1312 1016 vera
1338 989 1449 1016 cum*
1472 990 1531 1017 ex
1559 977 1729 1026 Verb0‚

237 1044 286 1078 at
318 1038 488 1080 docent
520 1038 633 1079 falsa
658 1052 761 1080 cum
793 1053 853 1080 ex
879 1037 1098 1087 doctrina,
1127 1052 1178 1079 ac
1211 1039 1315 1079 inde
1342 1039 1624 1081 confundunt
1655 1040 1733 1081 illa

237 1115 316 1155 per
337 1101 457 1156 quod
480 1102 635 1143 dicant
661 1102 781 1156 quod
807 1100 974 1143 fructus
995 1101 1098 1142 fidei
1121 1102 1210 1143 sint
1237 1102 1357 1142 bona
1378 1102 1513 1151 vitae,
1538 1109 1585 1143 et
1609 1103 1731 1156 quod
1805 1109 1807 1113 '

237 1166 350 1207 haec
377 1171 623 1220 sequantur
644 1179 704 1206 ex
727 1165 829 1214 fide,
854 1171 901 1206 et
928 1171 1084 1206 tamen
1107 1165 1227 1219 quod
1253 1165 1374 1206 bona
1396 1166 1517 1207 vitae
1539 1166 1650 1206 nihil
1672 1166 1731 1207 ad

237 1229 432 1272 salutem
450 1230 632 1278 faciant,
652 1229 731 1270 sed
749 1228 847 1269 sola
869 1228 979 1270 fides
996 1242 1005 1270 ι
1038 1229 1103 1269 ita
1125 1227 1406 1282 conjungunt
1425 1235 1471 1269 et
1490 1236 1703 1283 separant
1720 1244 1730 1281 ;

237 1299 283 1334 et
310 1306 411 1334 cum
434 1292 716 1346 conjungunt
740 1292 910 1333 docent
932 1306 1053 1340 vera,
1078 1292 1158 1333 sed
1181 1305 1334 1333 coram
1357 1292 1525 1345 populo
1543 1293 1617 1346 qui
1639 1306 1732 1335 non

236 1356 323 1397 scit
348 1356 469 1410 quod
499 1357 746 1405 invertant,
780 1361 826 1397 et
863 1356 983 1410 quod
1020 1355 1133 1396 haec
1166 1355 1322 1396 dicant
1361 1369 1420 1396 ex
1453 1357 1731 1398 necessitate

235 1425 286 1460 ut
308 1419 554 1460 cohaereat
576 1417 782 1460 doctrina
803 1432 957 1460 eorum
981 1431 1082 1460 cum
1105 1418 1287 1469 Verb0;
1320 1424 1368 1459 at
1392 1431 1493 1459 cum
1517 1426 1735 1472 separant

236 1483 406 1524 docent
438 1482 564 1531 falsa,
593 1496 699 1523 nam
730 1482 886 1523 dicunt
917 1481 1052 1523 fidem
1084 1481 1260 1522 salvare
1291 1487 1337 1522 et
1370 1495 1460 1522 non
1492 1482 1732 1523 charitatis

236 1546 356 1587 bona
382 1556 496 1601 qu'ae
522 1552 627 1587 sunt
653 1560 804 1600 opera,
833 1552 940 1587 tunc
968 1559 1059 1586 non
1086 1546 1284 1586 scientes
1310 1545 1430 1599 quod
1458 1545 1658 1587 charitas
1684 1553 1731 1588 et

235 1609 346 1651 fides
373 1623 508 1651 unum
534 1616 690 1664 agant,
720 1616 766 1651 et
792 1609 911 1663 quod
935 1609 1133 1650 charitas
1159 1609 1216 1650 sit
1243 1622 1379 1662 agere
1404 1609 1521 1650 bene
1547 1615 1594 1650 et
1621 1608 1731 1650 fides

236 1673 420 1714 credere
451 1673 581 1722 bene,
610 1679 657 1714 et
688 1673 871 1714 credere
902 1673 1018 1714 bene
1047 1673 1217 1726 absque
1243 1686 1380 1725 agere
1411 1672 1528 1713 bene
1559 1673 1730 1726 impos-

235 1737 363 1778 sibile
389 1737 461 1786 sit,
489 1737 552 1778 ita
578 1735 701 1777 nulla
731 1736 843 1777 fides
868 1736 1037 1791 absque
1063 1735 1314 1786 charitate;
1349 1742 1445 1776 tum
1472 1736 1593 1789 quod
1619 1735 1729 1776 cha-

235 1801 345 1841 ritas
372 1801 430 1841 sit
456 1813 556 1840 esse
578 1798 681 1840 fidei
704 1806 750 1840 et
776 1800 926 1840 anima
948 1799 1064 1852 ejus:
1099 1813 1235 1853 quare
1261 1799 1360 1840 sola
1384 1798 1495 1839 fides
1521 1805 1591 1840 est
1618 1798 1730 1840 fides

234 1863 403 1917 absque
430 1863 593 1911 anima,
617 1863 681 1904 ita
702 1862 812 1903 fides
835 1869 1012 1903 mortua
1031 1877 1039 1913 ;
1073 1869 1119 1903 et
1146 1863 1248 1916 quia
1270 1862 1382 1903 haec
1405 1861 1516 1903 fides
1539 1875 1630 1903 non
1657 1869 1729 1904 est

234 1926 359 1975 fides,
387 1926 491 1967 inde
512 1925 775 1979 justificatio
801 1939 880 1979 per
904 1925 1028 1966 illam
1056 1932 1125 1967 est
1151 1940 1223 1966 res
1249 1925 1388 1966 nihili.

312 2006 434 2051 251.
473 2002 497 2021 ‘¹
508 1997 670 2038 luit-abo
693 1998 749 2037 ad
766 1996 1110 2050 illum.''—Quod
1129 1996 1353 2050 significet
1369 1997 1726 2050 conjunc‘Jz'onem,

234 2066 420 2100 constat
447 2074 506 2101 ex
533 2058 864 2113 significatione
886 2058 1133 2108 “intrare,‘’
1155 2072 1257 2100 cum
1283 2059 1340 2099 de
1367 2058 1582 2108 Domino,
1606 2059 1728 2112 quod

234 2121 290 2161 sit
312 2120 525 2174 conjungi
548 2121 640 2174 Ipsi
661 2131 716 2170 (de
735 2140 800 2169 qua
817 2140 848 2161 n.
865 2139 955 2168 3914,
970 2133 1059 2168 3918,
1073 2131 1163 2167 6782,
1179 2130 1285 2169 6783).
1342 2119 1479 2173 Quod
1501 2119 1727 2161 Dominus

234 2181 534 2235 conjungatur
570 2182 657 2222 illis
694 2183 767 2236 qui
803 2183 1025 2235 recipiunt
1063 2182 1218 2235 Ipsum
1255 2182 1392 2223 corde
1429 2187 1476 2222 et
1512 2182 1621 2230 vita,
1656 2188 1727 2223 est

233 2245 336 2298 quia
362 2245 583 2286 Dominus
608 2246 748 2286 intrat
775 2259 854 2286 seu
879 2245 1020 2286 influit
1047 2245 1091 2286 in
1117 2246 1285 2296 vitam;
1318 2245 1459 2286 intrat
1482 2259 1560 2285 seu
1581 2244 1725 2285 influit

233 2307 379 2348 solum
405 2309 524 2362 apud
551 2308 652 2349 illos
678 2309 751 2362 qui
777 2309 821 2349 in
847 2309 943 2349 vita
968 2309 1133 2349 amoris
1160 2308 1403 2363 spiritualis
1430 2314 1550 2358 sunt,
1575 2322 1655 2349 seu
1680 2309 1724 2350 in

233 2371 327 2412 vita
353 2371 604 2420 charitatis,
633 2385 738 2412 nam
764 2371 963 2412 charitas
990 2378 1060 2412 est
1087 2385 1214 2413 amor
1239 2371 1509 2425 spiritualis;
1543 2372 1726 2425 quando

233 2435 304 2475 hic
338 2448 464 2475 amor
494 2434 600 2475 facit
626 2435 769 2475 vitam
800 2434 1010 2484 hominis,
1039 2441 1146 2476 tunc
1179 2435 1320 2476 intrat
1353 2448 1431 2475 seu
1461 2434 1603 2476 influit
1631 2435 1726 2475 Do·

233 2499 378 2539 minus
405 2511 484 2551 per
509 2497 634 2538 illum
659 2499 704 2538 in
730 2512 836 2539 vera
862 2497 978 2546 fidei,
1007 2504 1053 2539 et
1079 2498 1186 2539 facit
1218 2504 1267 2539 ut
1298 2498 1437 2539 homo
1462 2498 1615 2539 videat
1646 2511 1726 2538 seu

234 2567 484 2614 cognoscat
526 2560 628 2611 illa;
671 2561 776 2602 inde
816 2561 996 2602 affectio
1031 2562 1124 2602 veri
1156 2561 1399 2614 spiritualis
1429 2567 1500 2602 est
1537 2561 1723 2601 homini.

233 2623 436 2665 Maxime
463 2624 631 2665 fallitur
656 2624 775 2678 quod
810 2624 1030 2665 Dominus
1053 2625 1193 2666 intret
1216 2638 1293 2665 seu
1316 2624 1471 2665 influat
1503 2625 1547 2664 in
1580 2624 1725 2665 solam

232 2686 380 2735 fidem,
405 2695 483 2728 seu
509 2688 553 2728 in
580 2687 716 2728 fidem
742 2694 1001 2742 separatam
1023 2702 1050 2728 a
1071 2688 1296 2729 charitate
1319 2688 1437 2741 apud
1463 2687 1723 2738 hominem;

233 2751 332 2792 huic
366 2750 468 2791 fidei
500 2750 624 2791 nulla
650 2752 746 2792 vita
775 2752 909 2800 inest,
931 2757 1001 2792 est
1033 2751 1152 2792 enim
1185 2751 1301 2792 sicut
1333 2751 1514 2804 spiritus
1545 2750 1724 2803 pulmo·

230 2817 356 2856 nicus
382 2815 552 2869 absque
575 2815 722 2856 cordis
748 2815 932 2864 influxu,
957 2816 1031 2868 qui
1057 2815 1237 2869 spiritus
1258 2815 1374 2856 foret
1400 2814 1547 2855 solum
1570 2820 1745 2855 motus·

233 2878 530 2928 inanimatus;
576 2879 757 2932 spiritus
797 2878 918 2918 enim
958 2877 1243 2931 pulmonicus
1284 2878 1509 2919 animatur
1539 2891 1618 2931 per
1653 2877 1722 2917 in·

232 2941 399 2983 fluxum
426 2941 588 2990 cordis,
617 2947 665 2981 ut
694 2947 853 2982 notum
886 2947 970 2982 est.
1032 2940 1144 2982 Inde
1176 2947 1305 2994 patet
1337 2954 1416 2994 per
1441 2954 1575 2994 quam
1601 2940 1719 2981 viam

231 3004 486 3045 admittitur
511 3003 722 3044 Divinum
744 3004 996 3056 procedens
1022 3018 1049 3045 a
1073 3003 1284 3050 Domino.
1310 3017 1473 3058 nempe
1501 3016 1579 3056 per
1599 3003 1719 3043 viam
