2060 3476
382 347 467 390 494
795 347 1127 382 APOCALYPSIS
1158 348 1459 382 EXPLICATA.

461 457 676 513 295[a].
715 459 802 500 “ft
821 473 899 513 μοι·
924 461 1162 502 voluntatem
1186 465 1294 502 tuam
1322 465 1421 502 sunt
1441 463 1484 502 oi
1511 463 1656 501 ornata
1679 459 1869 500 suntl'-

383 520 518 574 Quod
545 522 766 576 significet
792 525 911 578 quod
923 531 1009 578 per
1028 525 1242 567 Divinum
1266 526 1437 567 Bonum
1461 524 1553 566 sint
1575 530 1617 565 et
1634 530 1719 576 per
1738 523 1867 564 Divi-

381 597 484 625 num
523 584 681 627 Verum
710 587 920 636 existant,
953 594 1134 629 constat
1166 602 1224 629 ex
1257 587 1586 641 significatione
1619 585 1867 628 “volunta-

382 647 480 695 tis,”
503 661 604 689 cum
630 649 686 690 de
713 649 925 699 Domino,
950 651 1070 704 quod
1097 651 1154 692 sit
1183 650 1370 691 Divinus
1398 649 1569 700 Amor;
1612 662 1671 690 ex
1698 646 1866 701 signifi-

381 710 561 752 catione
596 712 770 753 “sunt”
801 726 879 754 seu
913 713 1090 762 “esse,”
1122 713 1241 766 quod
1282 713 1340 754 sit
1381 713 1550 753 bonum
1581 711 1760 759 amoris,
1793 709 1865 751 hic

382 771 594 814 Divinum
625 773 801 816 Bonum
834 775 983 816 Divini
1010 775 1194 816 Amoris
1225 781 1460 829 receptum
1495 774 1570 828 (de
1602 788 1688 828 qua
1719 774 1866 827 sequi-

380 834 471 889 tur)
491 850 500 886 ;
533 842 579 878 et
602 851 661 878 ex
684 832 1015 891 significatione
1041 842 1233 879 “creata
1255 837 1390 879 sunt”
1413 852 1491 879 seu
1511 835 1728 886 “creari‚”
1745 836 1864 890 quod

381 898 438 939 sit
480 898 692 941 Divinum
734 900 905 942 Verum
951 901 1090 941 etiam
1130 906 1379 954 receptum,
1421 901 1486 942 ita
1526 914 1604 954 per
1643 899 1687 940 id
1728 899 1864 939 resor-

381 962 505 1002 mati.
550 961 683 1015 Quod
709 964 887 1004 “creari
901 963 919 978 '’
938 962 1161 1017 significet
1185 964 1397 1013 existere,
1418 969 1488 1004 est
1511 963 1612 1016 quia
1634 961 1697 1002 illi
1719 961 1863 1002 solum

379 1024 589 1066 dicuntur
611 1026 808 1067 existere
830 1026 904 1080 qui
929 1026 1157 1068 reformati
1180 1032 1309 1077 sunt3
1342 1027 1386 1066 in
1411 1025 1497 1067 illis
1520 1025 1639 1066 enim
1661 1024 1756 1065 vita
1777 1030 1861 1072 est,

378 1093 424 1128 et
451 1087 537 1128 illis
564 1088 870 1142 intelligentia
895 1095 941 1130 et
968 1089 1190 1142 sapientia
1216 1094 1310 1129 est:
1345 1094 1393 1129 at
1419 1088 1492 1142 qui
1518 1100 1609 1128 non
1634 1087 1864 1128 reformati

378 1156 497 1199 sunt,
531 1151 574 1191 in
611 1151 698 1192 illis
735 1165 825 1192 non
856 1152 951 1193 vita
987 1158 1056 1193 est
1094 1151 1172 1193 sed
1208 1165 1328 1192 mors
1362 1150 1618 1205 spiritualis,
1657 1163 1739 1191 nec
1777 1149 1864 1190 illis

378 1213 682 1267 intelligentia
708 1220 754 1255 et
780 1215 1001 1268 sapientia
1022 1220 1107 1263 est,
1132 1214 1211 1255 sed
1238 1215 1411 1254 insania
1434 1220 1480 1254 et
1507 1212 1728 1263 stultitia;
1761 1212 1864 1254 inde

379 1290 460 1318 nec
480 1278 689 1319 dicuntur
708 1278 919 1319 existere.
967 1277 1036 1319 De
1054 1278 1175 1318 omni
1193 1291 1239 1318 re
1257 1291 1371 1331 quae
1389 1282 1577 1330 apparet
1595 1275 1652 1316 ad
1670 1275 1863 1329 aliquem

378 1353 574 1389 sensum,
602 1341 782 1395 quidem
809 1341 972 1382 dicitur
997 1341 1220 1391 existere;
1256 1346 1302 1380 at
1330 1353 1420 1380 non
1446 1339 1502 1380 de
1528 1338 1711 1379 homine
1737 1338 1863 1392 spiri-

380 1403 576 1452 tualiter,
606 1404 691 1444 nisi
718 1404 760 1444 in
792 1404 914 1444 bono
946 1410 992 1444 et
1018 1417 1125 1444 vero
1151 1403 1233 1444 sit:
1268 1408 1446 1443 creatus
1478 1401 1596 1442 enim
1623 1406 1693 1442 est
1724 1400 1864 1441 homo

378 1473 425 1507 ut
449 1466 506 1507 sit
529 1467 670 1515 vivus,
695 1466 958 1519 intelligens
976 1472 1022 1507 et
1046 1466 1249 1520 sapiens;
1283 1478 1418 1519 quare
1437 1477 1538 1504 cum
1556 1469 1626 1504 est
1644 1468 1872 1514 mortuus,⁴

377 1529 559 1569 insanus
582 1535 628 1570 et
652 1528 832 1577 stultus,
858 1535 965 1570 tunc
990 1542 1080 1569 non
1103 1534 1326 1582 quatenus
1351 1527 1490 1567 homo
1516 1526 1687 1567 existit.
1749 1524 1863 1567 Sunt

377 1592 467 1633 duo
508 1607 622 1647 quae
659 1593 829 1634 faciunt
866 1599 915 1633 ut
949 1592 1088 1633 homo
1125 1593 1182 1633 sit
1215 1591 1368 1640 homo,
1404 1603 1567 1644 nempe
1607 1589 1776 1630 bonum
1816 1595 1863 1630 et

376 1668 545 1705 verum,
579 1662 817 1710 utrumque
849 1670 875 1696 a
907 1651 1132 1705 Domino;
1174 1655 1342 1695 bonurn
1374 1659 1445 1694 est
1477 1666 1576 1694 esse
1602 1652 1723 1693 vitae
1754 1651 1860 1705 ejus,

377 1731 532 1759 verum
564 1725 716 1760 autem
743 1725 813 1760 est
848 1719 1047 1760 existere
1079 1719 1200 1759 vitae
1232 1718 1362 1768 inde3
1405 1729 1509 1757 nam
1541 1728 1675 1756 omne
1706 1727 1861 1755 verum

377 1782 536 1823 existit
563 1796 622 1823 ex
647 1782 783 1831 bono,
812 1787 882 1823 est
908 1782 1027 1822 enim
1053 1781 1196 1822 forma
1222 1780 1327 1821 boni
1354 1785 1401 1820 et
1431 1778 1536 1819 inde
1567 1777 1698 1832 quale
1730 1777 1861 1828 boni;

377 1851 423 1886 et
449 1845 551 1899 quia
577 1845 745 1886 bonum
772 1851 843 1886 est
869 1858 969 1885 esse
995 1844 1133 1893 vitae,
1161 1849 1207 1884 et
1239 1855 1393 1884 verum
1419 1847 1490 1883 est
1516 1841 1715 1882 existere
1740 1840 1862 1882 vitae

376 1908 494 1957 inde,
528 1914 574 1949 et
606 1922 685 1962 per
719 1907 928 1949 “creari”
959 1906 1237 1960 significatur
1268 1906 1480 1954 existere,
1508 1903 1611 1945 inde
1642 1909 1712 1944 est
1743 1902 1862 1956 quod

376 1971 563 2020 dicatur,
592 1970 711 2025 quod
741 1974 857 2024 “per
881 1969 1167 2011 voluntatem
1199 1975 1324 2010 tuam
1355 1968 1445 2008 sint
1477 1972 1523 2008 et
1555 1971 1708 2007 creata
1734 1964 1863 2006 sint.”

378 2033 479 2075 Hoc
507 2047 622 2075 nunc
649 2040 718 2075 est
743 2033 971 2087 spirituale
997 2034 1041 2073 in
1068 2033 1136 2073 his
1161 2032 1319 2073 verbis.

460 2105 544 2160 [b.]
587 2105 723 2159 Quod
761 2110 786 2126 ‘⁴
802 2104 1058 2153 voluntas,‘’
1091 2116 1192 2145 cum
1229 2104 1285 2144 de
1325 2102 1538 2151 Domino,
1576 2101 1634 2141 sit
1671 2100 1864 2141 Divinus

377 2170 536 2219 Amor,
565 2177 634 2212 est
667 2170 769 2224 quia
799 2170 945 2223 ipsum
979 2169 1204 2217 Divinum,
1233 2182 1292 2208 ex
1323 2181 1411 2221 quo
1443 2166 1607 2215 omnia,
1635 2171 1705 2206 est
1738 2164 1863 2205 Divi-

377 2247 459 2274 nus
485 2233 643 2274 Amor.
706 2233 818 2284 Inde
833 2238 1032 2286 apparet
1061 2231 1282 2272 Dominus
1314 2243 1466 2271 coram
1498 2227 1672 2282 angelis
1704 2234 1753 2268 ut
1786 2226 1864 2268 Sol

377 2298 535 2350 igneus
558 2302 604 2337 et
627 2294 876 2343 flammans,
897 2301 943 2336 et
966 2294 1052 2335 hoc
1077 2308 1135 2334 ex
1159 2307 1293 2334 causa
1314 2294 1415 2347 quia
1437 2306 1564 2333 amor
1581 2291 1626 2332 in
1648 2289 1864 2344 spirituali

378 2359 546 2400 mundo
572 2365 760 2412 apparet
787 2364 836 2399 ut
862 2358 1003 2411 ignis:
1038 2357 1155 2397 unde
1182 2363 1252 2397 est
1275 2356 1394 2410 quod
1419 2355 1573 2408 “ignis
1586 2354 1605 2369 '’
1626 2354 1670 2394 in
1693 2352 1862 2401 Verbo,

378 2436 479 2463 cum
498 2421 554 2463 de
573 2421 784 2470 Domino,
806 2421 862 2462 de
885 2420 1013 2461 caelo
1036 2426 1081 2461 et
1104 2420 1160 2460 de
1183 2419 1388 2467 ecclesia,
1409 2416 1631 2471 significet
1649 2428 1862 2457 amorem.

378 2486 453 2527 Ex
484 2485 562 2526 illo
594 2483 699 2526 Sole
731 2485 775 2524 in
807 2483 943 2525 caelis
975 2483 1179 2537 procedit
1212 2482 1336 2523 calor
1361 2488 1407 2522 et
1439 2481 1543 2531 lux;
1581 2482 1628 2521 et
1657 2478 1780 2520 calor
1806 2478 1865 2519 ibi

378 2555 448 2591 est
472 2548 684 2589 Divinum
709 2547 883 2587 Bonum
907 2546 1172 2600 procedenS,
1197 2558 1247 2586 ac
1272 2544 1350 2585 lux
1369 2550 1439 2585 est
1463 2543 1674 2583 Divinum
1693 2540 1864 2582 Verum

378 2609 645 2664 procedenS.
705 2619 783 2657 (Sed
801 2619 880 2647 haec
895 2618 1021 2655 plenius
1037 2622 1164 2646 ostensa
1177 2617 1344 2646 videantur
1357 2616 1389 2645 in
1404 2624 1500 2653 opere
1517 2615 1566 2644 De
1584 2614 1673 2644 Caelo
1687 2616 1717 2642 et
1730 2612 1866 2651 Inferna,

378 2682 428 2710 De
443 2680 517 2710 Sole
530 2679 628 2713 Caeli,
641 2688 672 2708 n.
688 2679 843 2715 116—125;
867 2682 898 2707 et
914 2677 963 2706 De
977 2677 1091 2707 Calore
1103 2681 1134 2706 et
1150 2677 1238 2706 Luce
1250 2677 1282 2705 in
1297 2676 1406 2710 Caelo,
1419 2684 1450 2705 n.
1466 2673 1628 2712 126-140.)
1677 2661 1740 2702 Et
1762 2661 1866 2715 quia

379 2732 533 2786 Ipsum
551 2729 777 2777 Divinum,
795 2743 821 2769 a
842 2742 930 2782 quo
953 2728 1117 2776 omnia,
1141 2733 1211 2768 est
1234 2727 1423 2767 Divinus
1445 2725 1605 2774 Amor,
1629 2723 1731 2764 ideo
1753 2735 1864 2776 quo-

379 2808 464 2848 que
484 2792 773 2842 “voluntas,”
791 2805 891 2832 cum
914 2791 970 2832 de
994 2791 1112 2844 Ipso,
1130 2796 1200 2831 est
1223 2790 1410 2830 Divinus
1428 2787 1587 2836 Amor,
1604 2786 1724 2841 quod
1746 2786 1864 2827 enim

378 2859 473 2911 ipse
514 2855 660 2897 Amor
700 2854 813 2904 vult,
851 2855 938 2895 hoc
976 2861 1046 2895 est
1086 2854 1254 2895 bonum
1291 2851 1501 2902 Amoris;
1548 2863 1702 2891 verum
1743 2849 1862 2903 quod

379 2926 570 2961 vocatur
595 2918 711 2968 fidei,
735 2924 806 2959 est
833 2918 969 2959 modo
991 2917 1187 2958 medium
1213 2922 1262 2957 ut
1288 2916 1459 2956 existat
1485 2914 1667 2962 bonum,
1692 2919 1738 2953 et
1761 2912 1863 2952 dein

380 2989 428 3024 ut
460 2983 631 3024 existat
663 2995 723 3022 ex
754 2981 887 3022 bono.
949 2980 1023 3021 Ex
1059 2979 1144 3021 hac
1177 2979 1347 3032 origine
1379 2983 1449 3018 est
1482 2976 1599 3031 apud
1633 2970 1862 3016 hominem

2048 2975 2060 2995 ,²

2051 3086 2060 3128 ῑῑ

2046 3136 2060 3191 ιξ

2043 3195 2060 3210 ἡ·
