<?xml version="1.0" encoding="UTF-8"?>
<!DOCTYPE html PUBLIC "-//W3C//DTD XHTML 1.0 Transitional//EN"
    "http://www.w3.org/TR/xhtml1/DTD/xhtml1-transitional.dtd">
<html xmlns="http://www.w3.org/1999/xhtml" xml:lang="en" lang="en">
 <head>
  <title>
</title>
<meta http-equiv="Content-Type" content="text/html;charset=utf-8" />
  <meta name='ocr-system' content='tesseract 3.04.00' />
  <meta name='ocr-capabilities' content='ocr_page ocr_carea ocr_par ocr_line ocrx_word'/>
</head>
<body>
  <div class='ocr_page' id='page_1' title='image "apocalypsisexpli01sweduoft_0209.png"; bbox 0 0 2060 3476; ppageno 0'>
   <div class='ocr_carea' id='block_1_1' title="bbox 676 317 1762 390">
    <p class='ocr_par' dir='ltr' id='par_1_1' title="bbox 676 317 1762 390">
     <span class='ocr_line' id='line_1_1' title="bbox 676 317 1762 390; baseline 0.001 -12"><span class='ocrx_word' id='word_1_1' title='bbox 676 346 784 379; x_wconf 86' lang='lat' dir='ltr'>CAP.</span> <span class='ocrx_word' id='word_1_2' title='bbox 805 346 871 387; x_wconf 87' lang='lat'>11.,</span> <span class='ocrx_word' id='word_1_3' title='bbox 895 345 1034 378; x_wconf 84' lang='lat' dir='ltr'>VERs.</span> <span class='ocrx_word' id='word_1_4' title='bbox 1064 317 1233 390; x_wconf 43' lang='lat' dir='ltr'>19.-‘—N.</span> <span class='ocrx_word' id='word_1_5' title='bbox 1261 345 1307 390; x_wconf 84' lang='lat'>15</span> <span class='ocrx_word' id='word_1_6' title='bbox 1316 345 1351 390; x_wconf 81' lang='lat'>5.</span> <span class='ocrx_word' id='word_1_7' title='bbox 1681 347 1762 390; x_wconf 85' lang='lat'>203</span> 
     </span>
    </p>
   </div>
   <div class='ocr_carea' id='block_1_2' title="bbox 234 458 1765 577">
    <p class='ocr_par' dir='ltr' id='par_1_2' title="bbox 234 458 1765 577">
     <span class='ocr_line' id='line_1_2' title="bbox 234 458 1765 513; baseline -0.001 -12"><span class='ocrx_word' id='word_1_8' title='bbox 234 467 241 475; x_wconf 84' lang='lat'><strong><em>&#39;</em></strong></span> <span class='ocrx_word' id='word_1_9' title='bbox 266 465 396 501; x_wconf 88' lang='lat' dir='ltr'>catur</span> <span class='ocrx_word' id='word_1_10' title='bbox 410 459 466 501; x_wconf 91' lang='lat' dir='ltr'>de</span> <span class='ocrx_word' id='word_1_11' title='bbox 483 459 604 501; x_wconf 91' lang='lat' dir='ltr'>bono</span> <span class='ocrx_word' id='word_1_12' title='bbox 618 459 798 509; x_wconf 86' lang='lat' dir='ltr'>amoris,</span> <span class='ocrx_word' id='word_1_13' title='bbox 817 465 1028 500; x_wconf 88' lang='lat' dir='ltr'>constare</span> <span class='ocrx_word' id='word_1_14' title='bbox 1043 465 1199 513; x_wconf 90' lang='lat' dir='ltr'>potest</span> <span class='ocrx_word' id='word_1_15' title='bbox 1216 473 1243 500; x_wconf 93' lang='lat' dir='ltr'>a</span> <span class='ocrx_word' id='word_1_16' title='bbox 1260 458 1552 513; x_wconf 81' lang='lat' dir='ltr'>sequentibus</span> <span class='ocrx_word' id='word_1_17' title='bbox 1568 458 1679 500; x_wconf 92' lang='lat' dir='ltr'>locis</span> <span class='ocrx_word' id='word_1_18' title='bbox 1695 472 1765 499; x_wconf 64' lang='grc'>2-</span> 
     </span>
     <span class='ocr_line' id='line_1_3' title="bbox 265 521 672 577; baseline 0 -13"><span class='ocrx_word' id='word_1_19' title='bbox 265 521 407 577; x_wconf 88' lang='lat' dir='ltr'>Apud</span> <span class='ocrx_word' id='word_1_20' title='bbox 433 522 672 572; x_wconf 84' lang='lat' dir='ltr'>Davidem,</span> 
     </span>
    </p>
   </div>
   <div class='ocr_carea' id='block_1_3' title="bbox 330 622 1764 708">
    <p class='ocr_par' dir='ltr' id='par_1_3' title="bbox 330 622 1764 708">
     <span class='ocr_line' id='line_1_4' title="bbox 330 622 1764 666; baseline -0.001 -12"><span class='ocrx_word' id='word_1_21' title='bbox 330 622 495 666; x_wconf 86' lang='lat' dir='ltr'>Jehovah</span> <span class='ocrx_word' id='word_1_22' title='bbox 514 622 632 655; x_wconf 70' lang='lat' dir='ltr'>“facit</span> <span class='ocrx_word' id='word_1_23' title='bbox 655 623 804 664; x_wconf 83' lang='lat' dir='ltr'>angelos</span> <span class='ocrx_word' id='word_1_24' title='bbox 828 633 913 655; x_wconf 91' lang='lat' dir='ltr'>suos</span> <span class='ocrx_word' id='word_1_25' title='bbox 937 623 1094 664; x_wconf 89' lang='lat' dir='ltr'>spiritus,</span> <span class='ocrx_word' id='word_1_26' title='bbox 1115 622 1300 655; x_wconf 86' lang='lat' dir='ltr'>ministros</span> <span class='ocrx_word' id='word_1_27' title='bbox 1324 632 1410 655; x_wconf 85' lang='lat' dir='ltr'>suos</span> <span class='ocrx_word' id='word_1_28' title='bbox 1435 622 1555 663; x_wconf 86' lang='lat' dir='ltr'>ignem</span> <span class='ocrx_word' id='word_1_29' title='bbox 1580 622 1764 654; x_wconf 88' lang='lat' dir='ltr'>flamman-</span> 
     </span>
     <span class='ocr_line' id='line_1_5' title="bbox 441 665 863 708; baseline 0 -10"><span class='ocrx_word' id='word_1_30' title='bbox 441 673 514 699; x_wconf 90' lang='lat' dir='ltr'>tem</span> <span class='ocrx_word' id='word_1_31' title='bbox 523 665 543 678; x_wconf 86' lang='lat'>&#39;&#39;</span> <span class='ocrx_word' id='word_1_32' title='bbox 560 666 708 708; x_wconf 86' lang='lat' dir='ltr'>(Psalm.</span> <span class='ocrx_word' id='word_1_33' title='bbox 724 666 791 699; x_wconf 90' lang='lat' dir='ltr'>civ.</span> <span class='ocrx_word' id='word_1_34' title='bbox 807 667 863 707; x_wconf 85' lang='lat'>4);</span> 
     </span>
    </p>
   </div>
   <div class='ocr_carea' id='block_1_4' title="bbox 263 751 1765 1185">
    <p class='ocr_par' dir='ltr' id='par_1_4' title="bbox 263 751 1765 1185">
     <span class='ocr_line' id='line_1_6' title="bbox 265 751 1764 806; baseline 0 -14"><span class='ocrx_word' id='word_1_35' title='bbox 265 751 386 805; x_wconf 93' lang='lat' dir='ltr'>quod</span> <span class='ocrx_word' id='word_1_36' title='bbox 410 751 618 805; x_wconf 79' lang='lat' dir='ltr'>jehovah</span> <span class='ocrx_word' id='word_1_37' title='bbox 648 752 784 794; x_wconf 87' lang='lat' dir='ltr'>faciat</span> <span class='ocrx_word' id='word_1_38' title='bbox 813 752 1042 806; x_wconf 86' lang='lat' dir='ltr'>“angelos</span> <span class='ocrx_word' id='word_1_39' title='bbox 1068 766 1173 793; x_wconf 93' lang='lat' dir='ltr'>suos</span> <span class='ocrx_word' id='word_1_40' title='bbox 1203 751 1418 806; x_wconf 90' lang='lat' dir='ltr'>spiritus”</span> <span class='ocrx_word' id='word_1_41' title='bbox 1444 758 1514 793; x_wconf 91' lang='lat' dir='ltr'>est</span> <span class='ocrx_word' id='word_1_42' title='bbox 1541 751 1662 806; x_wconf 89' lang='lat' dir='ltr'>quod</span> <span class='ocrx_word' id='word_1_43' title='bbox 1693 765 1764 792; x_wconf 91' lang='lat' dir='ltr'>re-</span> 
     </span>
     <span class='ocr_line' id='line_1_7' title="bbox 265 814 1762 869; baseline 0 -14"><span class='ocrx_word' id='word_1_44' title='bbox 265 815 486 868; x_wconf 89' lang='lat' dir='ltr'>cipientes</span> <span class='ocrx_word' id='word_1_45' title='bbox 505 816 656 856; x_wconf 90' lang='lat' dir='ltr'>Divini</span> <span class='ocrx_word' id='word_1_46' title='bbox 671 815 780 857; x_wconf 89' lang='lat' dir='ltr'>Veri</span> <span class='ocrx_word' id='word_1_47' title='bbox 800 814 1027 869; x_wconf 91' lang='lat' dir='ltr'>(videatur</span> <span class='ocrx_word' id='word_1_48' title='bbox 1043 829 1192 869; x_wconf 90' lang='lat' dir='ltr'>supra,</span> <span class='ocrx_word' id='word_1_49' title='bbox 1209 829 1250 856; x_wconf 92' lang='lat' dir='ltr'>n.</span> <span class='ocrx_word' id='word_1_50' title='bbox 1272 814 1464 868; x_wconf 86' lang='lat' dir='ltr'>130[a]);</span> <span class='ocrx_word' id='word_1_51' title='bbox 1488 815 1608 868; x_wconf 91' lang='lat' dir='ltr'>quod</span> <span class='ocrx_word' id='word_1_52' title='bbox 1627 814 1762 856; x_wconf 88' lang='lat' dir='ltr'>faciat</span> 
     </span>
     <span class='ocr_line' id='line_1_8' title="bbox 267 871 1764 932; baseline 0 -14"><span class='ocrx_word' id='word_1_53' title='bbox 267 879 537 920; x_wconf 87' lang='lat' dir='ltr'>“ministros</span> <span class='ocrx_word' id='word_1_54' title='bbox 563 893 668 920; x_wconf 89' lang='lat' dir='ltr'>suos</span> <span class='ocrx_word' id='word_1_55' title='bbox 693 880 846 932; x_wconf 88' lang='lat' dir='ltr'>ignem</span> <span class='ocrx_word' id='word_1_56' title='bbox 875 871 1217 920; x_wconf 85' lang='lat' dir='ltr'>flammantem&#39;’</span> <span class='ocrx_word' id='word_1_57' title='bbox 1244 886 1314 920; x_wconf 90' lang='lat' dir='ltr'>est</span> <span class='ocrx_word' id='word_1_58' title='bbox 1340 878 1460 932; x_wconf 91' lang='lat' dir='ltr'>quod</span> <span class='ocrx_word' id='word_1_59' title='bbox 1492 879 1764 931; x_wconf 88' lang='lat' dir='ltr'>recipientes</span> 
     </span>
     <span class='ocr_line' id='line_1_9' title="bbox 265 940 1765 996; baseline 0.001 -15"><span class='ocrx_word' id='word_1_60' title='bbox 265 940 417 982; x_wconf 89' lang='lat' dir='ltr'>Divini</span> <span class='ocrx_word' id='word_1_61' title='bbox 458 942 586 991; x_wconf 90' lang='lat' dir='ltr'>Boni,</span> <span class='ocrx_word' id='word_1_62' title='bbox 620 956 726 983; x_wconf 92' lang='lat' dir='ltr'>nam</span> <span class='ocrx_word' id='word_1_63' title='bbox 763 956 842 996; x_wconf 91' lang='lat' dir='ltr'>per</span> <span class='ocrx_word' id='word_1_64' title='bbox 875 943 1066 996; x_wconf 88' lang='lat' dir='ltr'>“ignem</span> <span class='ocrx_word' id='word_1_65' title='bbox 1103 941 1447 983; x_wconf 90' lang='lat' dir='ltr'>flammantem’&#39;</span> <span class='ocrx_word' id='word_1_66' title='bbox 1484 941 1765 995; x_wconf 85' lang='lat' dir='ltr'>significatur</span> 
     </span>
     <span class='ocr_line' id='line_1_10' title="bbox 263 1004 1765 1060; baseline 0 -15"><span class='ocrx_word' id='word_1_67' title='bbox 263 1004 433 1046; x_wconf 89' lang='lat' dir='ltr'>bonum</span> <span class='ocrx_word' id='word_1_68' title='bbox 456 1007 620 1046; x_wconf 87' lang='lat' dir='ltr'>amoris</span> <span class='ocrx_word' id='word_1_69' title='bbox 646 1004 873 1060; x_wconf 89' lang='lat' dir='ltr'>(videatur</span> <span class='ocrx_word' id='word_1_70' title='bbox 895 1019 1042 1059; x_wconf 88' lang='lat' dir='ltr'>supra,</span> <span class='ocrx_word' id='word_1_71' title='bbox 1062 1019 1103 1046; x_wconf 85' lang='lat' dir='ltr'>n.</span> <span class='ocrx_word' id='word_1_72' title='bbox 1126 1005 1201 1060; x_wconf 87' lang='lat'>68)</span> <span class='ocrx_word' id='word_1_73' title='bbox 1220 1019 1229 1046; x_wconf 74' lang='grc' dir='ltr'>ε</span> <span class='ocrx_word' id='word_1_74' title='bbox 1263 1006 1367 1046; x_wconf 90' lang='lat' dir='ltr'>inde</span> <span class='ocrx_word' id='word_1_75' title='bbox 1390 1011 1520 1059; x_wconf 89' lang='lat' dir='ltr'>patet</span> <span class='ocrx_word' id='word_1_76' title='bbox 1542 1004 1663 1058; x_wconf 92' lang='lat' dir='ltr'>quod</span> <span class='ocrx_word' id='word_1_77' title='bbox 1686 1018 1765 1058; x_wconf 90' lang='lat' dir='ltr'>per</span> 
     </span>
     <span class='ocr_line' id='line_1_11' title="bbox 267 1068 1762 1123; baseline -0.001 -14"><span class='ocrx_word' id='word_1_78' title='bbox 267 1069 540 1110; x_wconf 89' lang='lat' dir='ltr'>“ministros</span> <span class='ocrx_word' id='word_1_79' title='bbox 554 1068 574 1084; x_wconf 93' lang='lat'>&#39;’</span> <span class='ocrx_word' id='word_1_80' title='bbox 614 1068 931 1122; x_wconf 86' lang='lat' dir='ltr'>intelligantur</span> <span class='ocrx_word' id='word_1_81' title='bbox 969 1069 1034 1110; x_wconf 90' lang='lat' dir='ltr'>illi</span> <span class='ocrx_word' id='word_1_82' title='bbox 1074 1070 1149 1123; x_wconf 92' lang='lat' dir='ltr'>qui</span> <span class='ocrx_word' id='word_1_83' title='bbox 1193 1070 1237 1110; x_wconf 91' lang='lat' dir='ltr'>in</span> <span class='ocrx_word' id='word_1_84' title='bbox 1277 1069 1399 1110; x_wconf 91' lang='lat' dir='ltr'>bono</span> <span class='ocrx_word' id='word_1_85' title='bbox 1438 1069 1604 1109; x_wconf 86' lang='lat' dir='ltr'>amoris</span> <span class='ocrx_word' id='word_1_86' title='bbox 1644 1075 1762 1109; x_wconf 91' lang='lat' dir='ltr'>sunt.</span> 
     </span>
     <span class='ocr_line' id='line_1_12' title="bbox 265 1130 641 1185; baseline 0.003 -13"><span class='ocrx_word' id='word_1_87' title='bbox 265 1130 405 1185; x_wconf 91' lang='lat' dir='ltr'>Apud</span> <span class='ocrx_word' id='word_1_88' title='bbox 432 1132 641 1180; x_wconf 90' lang='lat' dir='ltr'>eundem,</span> 
     </span>
    </p>
   </div>
   <div class='ocr_carea' id='block_1_5' title="bbox 333 1225 1765 1311">
    <p class='ocr_par' dir='ltr' id='par_1_5' title="bbox 333 1225 1765 1311">
     <span class='ocr_line' id='line_1_13' title="bbox 333 1225 1765 1268; baseline 0 -11"><span class='ocrx_word' id='word_1_89' title='bbox 333 1225 574 1258; x_wconf 86' lang='lat' dir='ltr'>“Benedicite</span> <span class='ocrx_word' id='word_1_90' title='bbox 589 1226 750 1268; x_wconf 90' lang='lat' dir='ltr'>Jehovae</span> <span class='ocrx_word' id='word_1_91' title='bbox 766 1236 893 1258; x_wconf 89' lang='lat' dir='ltr'>omnes</span> <span class='ocrx_word' id='word_1_92' title='bbox 917 1227 1093 1259; x_wconf 85' lang='lat' dir='ltr'>exercitus</span> <span class='ocrx_word' id='word_1_93' title='bbox 1120 1226 1248 1268; x_wconf 85' lang='lat' dir='ltr'>Ipsius,</span> <span class='ocrx_word' id='word_1_94' title='bbox 1268 1227 1423 1259; x_wconf 90' lang='lat' dir='ltr'>ministri</span> <span class='ocrx_word' id='word_1_95' title='bbox 1450 1226 1567 1268; x_wconf 92' lang='lat' dir='ltr'>Ipsius</span> <span class='ocrx_word' id='word_1_96' title='bbox 1592 1226 1765 1258; x_wconf 79' lang='lat' dir='ltr'>facientes</span> 
     </span>
     <span class='ocr_line' id='line_1_14' title="bbox 438 1269 1208 1311; baseline 0.001 -10"><span class='ocrx_word' id='word_1_97' title='bbox 438 1270 661 1302; x_wconf 83' lang='lat' dir='ltr'>voluntatem</span> <span class='ocrx_word' id='word_1_98' title='bbox 680 1270 798 1311; x_wconf 89' lang='lat' dir='ltr'>Ipsius</span> <span class='ocrx_word' id='word_1_99' title='bbox 809 1270 828 1283; x_wconf 89' lang='lat'>’¹</span> <span class='ocrx_word' id='word_1_100' title='bbox 845 1270 992 1311; x_wconf 87' lang='lat' dir='ltr'>(Psalm.</span> <span class='ocrx_word' id='word_1_101' title='bbox 1010 1271 1079 1303; x_wconf 87' lang='lat' dir='ltr'>ciii.</span> <span class='ocrx_word' id='word_1_102' title='bbox 1097 1269 1208 1311; x_wconf 83' lang='lat'><strong>[¹121);</strong></span> 
     </span>
    </p>
   </div>
   <div class='ocr_carea' id='block_1_6' title="bbox 261 1356 1764 1718">
    <p class='ocr_par' dir='ltr' id='par_1_6' title="bbox 261 1356 1764 1718">
     <span class='ocr_line' id='line_1_15' title="bbox 265 1356 1764 1411; baseline 0.001 -14"><span class='ocrx_word' id='word_1_103' title='bbox 265 1356 570 1398; x_wconf 82' lang='lat' dir='ltr'>“exercitus”</span> <span class='ocrx_word' id='word_1_104' title='bbox 597 1356 803 1410; x_wconf 89' lang='lat' dir='ltr'>Jehovae</span> <span class='ocrx_word' id='word_1_105' title='bbox 836 1358 1049 1398; x_wconf 90' lang='lat' dir='ltr'>dicuntur</span> <span class='ocrx_word' id='word_1_106' title='bbox 1078 1358 1153 1411; x_wconf 91' lang='lat' dir='ltr'>qui</span> <span class='ocrx_word' id='word_1_107' title='bbox 1187 1358 1233 1398; x_wconf 90' lang='lat' dir='ltr'>in</span> <span class='ocrx_word' id='word_1_108' title='bbox 1262 1358 1382 1398; x_wconf 90' lang='lat' dir='ltr'>veris</span> <span class='ocrx_word' id='word_1_109' title='bbox 1417 1363 1523 1398; x_wconf 91' lang='lat' dir='ltr'>sunt</span> <span class='ocrx_word' id='word_1_110' title='bbox 1555 1368 1714 1404; x_wconf 81' lang='lat' dir='ltr'>(videatur</span> <span class='ocrx_word' id='word_1_111' title='bbox 1732 1377 1764 1398; x_wconf 87' lang='lat' dir='ltr'>n.</span> 
     </span>
     <span class='ocr_line' id='line_1_16' title="bbox 261 1417 1764 1472; baseline 0.001 -15"><span class='ocrx_word' id='word_1_112' title='bbox 261 1429 351 1466; x_wconf 77' lang='lat'><em>3448.</em></span> <span class='ocrx_word' id='word_1_113' title='bbox 371 1427 462 1465; x_wconf 83' lang='lat'><strong><em>7236,</em></strong></span> <span class='ocrx_word' id='word_1_114' title='bbox 481 1429 571 1465; x_wconf 83' lang='lat'>7988.</span> <span class='ocrx_word' id='word_1_115' title='bbox 593 1428 713 1468; x_wconf 86' lang='lat'>8019);</span> <span class='ocrx_word' id='word_1_116' title='bbox 757 1417 1024 1458; x_wconf 89' lang='lat' dir='ltr'>“ministri’&#39;</span> <span class='ocrx_word' id='word_1_117' title='bbox 1055 1419 1129 1472; x_wconf 90' lang='lat' dir='ltr'>qui</span> <span class='ocrx_word' id='word_1_118' title='bbox 1168 1418 1213 1458; x_wconf 90' lang='lat' dir='ltr'>in</span> <span class='ocrx_word' id='word_1_119' title='bbox 1246 1418 1394 1466; x_wconf 89' lang='lat' dir='ltr'>bonis,</span> <span class='ocrx_word' id='word_1_120' title='bbox 1427 1431 1567 1472; x_wconf 87' lang='lat' dir='ltr'>quare</span> <span class='ocrx_word' id='word_1_121' title='bbox 1598 1417 1764 1458; x_wconf 88' lang='lat' dir='ltr'>dicitur</span> 
     </span>
     <span class='ocr_line' id='line_1_17' title="bbox 264 1479 1763 1533; baseline 0 -13"><span class='ocrx_word' id='word_1_122' title='bbox 264 1479 522 1520; x_wconf 89' lang='lat' dir='ltr'>“facientes</span> <span class='ocrx_word' id='word_1_123' title='bbox 553 1479 840 1520; x_wconf 91' lang='lat' dir='ltr'>voluntatem</span> <span class='ocrx_word' id='word_1_124' title='bbox 874 1480 1071 1533; x_wconf 89' lang='lat' dir='ltr'>Ipsius;‘’</span> <span class='ocrx_word' id='word_1_125' title='bbox 1105 1480 1289 1521; x_wconf 85' lang='lat' dir='ltr'>“facere</span> <span class='ocrx_word' id='word_1_126' title='bbox 1321 1480 1608 1521; x_wconf 84' lang='lat' dir='ltr'>voluntatem</span> <span class='ocrx_word' id='word_1_127' title='bbox 1621 1479 1640 1495; x_wconf 84' lang='lat'>’¹</span> <span class='ocrx_word' id='word_1_128' title='bbox 1667 1479 1763 1520; x_wconf 94' lang='lat' dir='ltr'>Do-</span> 
     </span>
     <span class='ocr_line' id='line_1_18' title="bbox 263 1542 1763 1591; baseline 0 -8"><span class='ocrx_word' id='word_1_129' title='bbox 263 1543 371 1583; x_wconf 88' lang='lat' dir='ltr'>mini</span> <span class='ocrx_word' id='word_1_130' title='bbox 402 1548 473 1583; x_wconf 91' lang='lat' dir='ltr'>est</span> <span class='ocrx_word' id='word_1_131' title='bbox 505 1556 565 1583; x_wconf 89' lang='lat' dir='ltr'>ex</span> <span class='ocrx_word' id='word_1_132' title='bbox 596 1542 717 1583; x_wconf 93' lang='lat' dir='ltr'>bono</span> <span class='ocrx_word' id='word_1_133' title='bbox 745 1544 925 1591; x_wconf 89' lang='lat' dir='ltr'>amoris,</span> <span class='ocrx_word' id='word_1_134' title='bbox 953 1556 1059 1584; x_wconf 92' lang='lat' dir='ltr'>nam</span> <span class='ocrx_word' id='word_1_135' title='bbox 1090 1557 1225 1584; x_wconf 92' lang='lat' dir='ltr'>omne</span> <span class='ocrx_word' id='word_1_136' title='bbox 1257 1543 1426 1584; x_wconf 91' lang='lat' dir='ltr'>bonum</span> <span class='ocrx_word' id='word_1_137' title='bbox 1458 1557 1507 1584; x_wconf 89' lang='lat' dir='ltr'>se</span> <span class='ocrx_word' id='word_1_138' title='bbox 1538 1543 1674 1584; x_wconf 89' lang='lat' dir='ltr'>refert</span> <span class='ocrx_word' id='word_1_139' title='bbox 1705 1543 1763 1583; x_wconf 90' lang='lat' dir='ltr'>ad</span> 
     </span>
     <span class='ocr_line' id='line_1_19' title="bbox 261 1604 1762 1660; baseline 0.001 -14"><span class='ocrx_word' id='word_1_140' title='bbox 261 1604 563 1655; x_wconf 87' lang='lat' dir='ltr'>voluntatem,</span> <span class='ocrx_word' id='word_1_141' title='bbox 582 1606 697 1647; x_wconf 87' lang='lat' dir='ltr'>sicut</span> <span class='ocrx_word' id='word_1_142' title='bbox 715 1619 850 1647; x_wconf 91' lang='lat' dir='ltr'>omne</span> <span class='ocrx_word' id='word_1_143' title='bbox 867 1620 1022 1647; x_wconf 90' lang='lat' dir='ltr'>verum</span> <span class='ocrx_word' id='word_1_144' title='bbox 1044 1606 1102 1648; x_wconf 89' lang='lat' dir='ltr'>ad</span> <span class='ocrx_word' id='word_1_145' title='bbox 1124 1604 1422 1648; x_wconf 62' lang='lat' dir='ltr'>intellectum.</span> <span class='ocrx_word' id='word_1_146' title='bbox 1484 1605 1624 1660; x_wconf 91' lang='lat' dir='ltr'>Apud</span> <span class='ocrx_word' id='word_1_147' title='bbox 1641 1605 1762 1647; x_wconf 86' lang='lat' dir='ltr'>Esa-</span> 
     </span>
     <span class='ocr_line' id='line_1_20' title="bbox 262 1682 367 1718; baseline 0 -9"><span class='ocrx_word' id='word_1_148' title='bbox 262 1682 367 1718; x_wconf 86' lang='lat' dir='ltr'>zam,</span> 
     </span>
    </p>
   </div>
   <div class='ocr_carea' id='block_1_7' title="bbox 332 1754 1665 1798">
    <p class='ocr_par' dir='ltr' id='par_1_7' title="bbox 332 1754 1665 1798">
     <span class='ocr_line' id='line_1_21' title="bbox 332 1754 1665 1798; baseline 0.002 -12"><span class='ocrx_word' id='word_1_149' title='bbox 332 1755 354 1769; x_wconf 78' lang='lat'>‘⁴</span> <span class='ocrx_word' id='word_1_150' title='bbox 365 1754 439 1787; x_wconf 94' lang='lat' dir='ltr'>Vos</span> <span class='ocrx_word' id='word_1_151' title='bbox 456 1755 659 1788; x_wconf 87' lang='lat' dir='ltr'>sacerdotes</span> <span class='ocrx_word' id='word_1_152' title='bbox 676 1755 836 1798; x_wconf 91' lang='lat' dir='ltr'>Jehovae</span> <span class='ocrx_word' id='word_1_153' title='bbox 854 1756 1080 1794; x_wconf 86' lang='lat' dir='ltr'>vocabimini,</span> <span class='ocrx_word' id='word_1_154' title='bbox 1101 1756 1255 1788; x_wconf 87' lang='lat' dir='ltr'>ministri</span> <span class='ocrx_word' id='word_1_155' title='bbox 1274 1756 1341 1788; x_wconf 92' lang='lat' dir='ltr'>Dei</span> <span class='ocrx_word' id='word_1_156' title='bbox 1359 1756 1473 1788; x_wconf 87' lang='lat' dir='ltr'>nostri</span> <span class='ocrx_word' id='word_1_157' title='bbox 1485 1756 1503 1768; x_wconf 90' lang='lat'>&#39;&#39;</span> <span class='ocrx_word' id='word_1_158' title='bbox 1520 1756 1594 1798; x_wconf 87' lang='lat' dir='ltr'>(lxi.</span> <span class='ocrx_word' id='word_1_159' title='bbox 1611 1756 1665 1795; x_wconf 85' lang='lat'>6);</span> 
     </span>
    </p>
   </div>
   <div class='ocr_carea' id='block_1_8' title="bbox 259 1845 1764 2393">
    <p class='ocr_par' dir='ltr' id='par_1_8' title="bbox 259 1845 1764 2393">
     <span class='ocr_line' id='line_1_22' title="bbox 261 1845 1761 1900; baseline 0.001 -15"><span class='ocrx_word' id='word_1_160' title='bbox 261 1845 525 1886; x_wconf 85' lang='lat' dir='ltr'>sacerdotes</span> <span class='ocrx_word' id='word_1_161' title='bbox 558 1851 781 1886; x_wconf 90' lang='lat' dir='ltr'>vocantur</span> <span class='ocrx_word' id='word_1_162' title='bbox 813 1845 1084 1894; x_wconf 89' lang='lat' dir='ltr'>“ministri,&#39;’</span> <span class='ocrx_word' id='word_1_163' title='bbox 1115 1846 1218 1900; x_wconf 90' lang='lat' dir='ltr'>quia</span> <span class='ocrx_word' id='word_1_164' title='bbox 1253 1845 1317 1887; x_wconf 91' lang='lat' dir='ltr'>illi</span> <span class='ocrx_word' id='word_1_165' title='bbox 1354 1846 1761 1900; x_wconf 83' lang='lat' dir='ltr'>repraesentabant</span> 
     </span>
     <span class='ocr_line' id='line_1_23' title="bbox 261 1908 1760 1963; baseline 0.001 -15"><span class='ocrx_word' id='word_1_166' title='bbox 261 1908 508 1949; x_wconf 90' lang='lat' dir='ltr'>Dominum</span> <span class='ocrx_word' id='word_1_167' title='bbox 539 1909 689 1963; x_wconf 85' lang='lat' dir='ltr'>quoad</span> <span class='ocrx_word' id='word_1_168' title='bbox 725 1909 895 1950; x_wconf 91' lang='lat' dir='ltr'>bonum</span> <span class='ocrx_word' id='word_1_169' title='bbox 926 1909 1118 1960; x_wconf 86' lang='lat' dir='ltr'>amoris;</span> <span class='ocrx_word' id='word_1_170' title='bbox 1160 1909 1265 1950; x_wconf 89' lang='lat' dir='ltr'>inde</span> <span class='ocrx_word' id='word_1_171' title='bbox 1302 1915 1372 1950; x_wconf 89' lang='lat' dir='ltr'>est</span> <span class='ocrx_word' id='word_1_172' title='bbox 1412 1908 1572 1963; x_wconf 92' lang='lat' dir='ltr'>[quod]</span> <span class='ocrx_word' id='word_1_173' title='bbox 1606 1910 1680 1963; x_wconf 91' lang='lat' dir='ltr'>qui</span> <span class='ocrx_word' id='word_1_174' title='bbox 1717 1910 1760 1950; x_wconf 89' lang='lat' dir='ltr'>in</span> 
     </span>
     <span class='ocr_line' id='line_1_24' title="bbox 260 1967 1764 2020; baseline 0.001 -10"><span class='ocrx_word' id='word_1_175' title='bbox 260 1967 384 2010; x_wconf 88' lang='lat' dir='ltr'>bono</span> <span class='ocrx_word' id='word_1_176' title='bbox 409 1970 576 2011; x_wconf 92' lang='lat' dir='ltr'>amoris</span> <span class='ocrx_word' id='word_1_177' title='bbox 602 1976 724 2019; x_wconf 83' lang='lat' dir='ltr'>sunt,</span> <span class='ocrx_word' id='word_1_178' title='bbox 750 1971 796 2011; x_wconf 92' lang='lat' dir='ltr'>in</span> <span class='ocrx_word' id='word_1_179' title='bbox 824 1969 980 2011; x_wconf 93' lang='lat' dir='ltr'>Verbo</span> <span class='ocrx_word' id='word_1_180' title='bbox 1005 1970 1218 2011; x_wconf 90' lang='lat' dir='ltr'>dicantur</span> <span class='ocrx_word' id='word_1_181' title='bbox 1242 1971 1549 2012; x_wconf 82' lang='lat' dir='ltr'>“sacerdotes</span> <span class='ocrx_word' id='word_1_182' title='bbox 1562 1971 1582 1986; x_wconf 87' lang='lat'>”</span> <span class='ocrx_word' id='word_1_183' title='bbox 1604 1981 1764 2020; x_wconf 79' lang='lat' dir='ltr'>(videatur</span> 
     </span>
     <span class='ocr_line' id='line_1_25' title="bbox 259 2031 1760 2084; baseline 0.001 -15"><span class='ocrx_word' id='word_1_184' title='bbox 259 2049 290 2070; x_wconf 85' lang='lat' dir='ltr'>n.</span> <span class='ocrx_word' id='word_1_185' title='bbox 307 2047 396 2077; x_wconf 86' lang='lat'>2015,</span> <span class='ocrx_word' id='word_1_186' title='bbox 412 2041 502 2078; x_wconf 88' lang='lat'>6148,</span> <span class='ocrx_word' id='word_1_187' title='bbox 515 2042 605 2078; x_wconf 77' lang='lat'>9809,</span> <span class='ocrx_word' id='word_1_188' title='bbox 621 2042 734 2079; x_wconf 89' lang='lat'><em>10017)</em></span> <span class='ocrx_word' id='word_1_189' title='bbox 752 2044 761 2081; x_wconf 90' lang='grc'><strong>;</strong></span> <span class='ocrx_word' id='word_1_190' title='bbox 793 2044 853 2071; x_wconf 86' lang='lat' dir='ltr'>ex</span> <span class='ocrx_word' id='word_1_191' title='bbox 870 2044 926 2071; x_wconf 90' lang='lat' dir='ltr'>eo</span> <span class='ocrx_word' id='word_1_192' title='bbox 943 2031 1084 2071; x_wconf 90' lang='lat' dir='ltr'>etiam</span> <span class='ocrx_word' id='word_1_193' title='bbox 1101 2037 1173 2071; x_wconf 89' lang='lat' dir='ltr'>est</span> <span class='ocrx_word' id='word_1_194' title='bbox 1191 2031 1313 2084; x_wconf 92' lang='lat' dir='ltr'>quod</span> <span class='ocrx_word' id='word_1_195' title='bbox 1331 2031 1543 2071; x_wconf 86' lang='lat' dir='ltr'>dicantur</span> <span class='ocrx_word' id='word_1_196' title='bbox 1563 2035 1588 2051; x_wconf 80' lang='lat'>‘⁴</span> <span class='ocrx_word' id='word_1_197' title='bbox 1602 2032 1760 2071; x_wconf 91' lang='lat' dir='ltr'>minis-</span> 
     </span>
     <span class='ocr_line' id='line_1_26' title="bbox 259 2091 1760 2146; baseline 0.001 -14"><span class='ocrx_word' id='word_1_198' title='bbox 259 2092 316 2132; x_wconf 88' lang='lat' dir='ltr'>tri</span> <span class='ocrx_word' id='word_1_199' title='bbox 349 2091 434 2133; x_wconf 89' lang='lat' dir='ltr'>Dei</span> <span class='ocrx_word' id='word_1_200' title='bbox 451 2091 485 2143; x_wconf 90' lang='lat'>;’&#39;</span> <span class='ocrx_word' id='word_1_201' title='bbox 517 2093 621 2133; x_wconf 90' lang='lat' dir='ltr'>inde</span> <span class='ocrx_word' id='word_1_202' title='bbox 653 2098 724 2133; x_wconf 91' lang='lat' dir='ltr'>est</span> <span class='ocrx_word' id='word_1_203' title='bbox 751 2093 871 2146; x_wconf 93' lang='lat' dir='ltr'>quod</span> <span class='ocrx_word' id='word_1_204' title='bbox 902 2091 1072 2133; x_wconf 63' lang='lat' dir='ltr'>functio</span> <span class='ocrx_word' id='word_1_205' title='bbox 1101 2092 1332 2133; x_wconf 89' lang='lat' dir='ltr'>Aharonis</span> <span class='ocrx_word' id='word_1_206' title='bbox 1364 2099 1410 2134; x_wconf 92' lang='lat' dir='ltr'>et</span> <span class='ocrx_word' id='word_1_207' title='bbox 1442 2092 1635 2133; x_wconf 90' lang='lat' dir='ltr'>filiorum</span> <span class='ocrx_word' id='word_1_208' title='bbox 1666 2092 1760 2145; x_wconf 88' lang='lat' dir='ltr'>ejus</span> 
     </span>
     <span class='ocr_line' id='line_1_27' title="bbox 259 2154 1759 2209; baseline 0.001 -14"><span class='ocrx_word' id='word_1_209' title='bbox 259 2154 436 2196; x_wconf 90' lang='lat' dir='ltr'>dicatur</span> <span class='ocrx_word' id='word_1_210' title='bbox 459 2155 836 2204; x_wconf 60' lang='lat' dir='ltr'>“ministerium’&#39;</span> <span class='ocrx_word' id='word_1_211' title='bbox 858 2162 904 2196; x_wconf 93' lang='lat' dir='ltr'>et</span> <span class='ocrx_word' id='word_1_212' title='bbox 927 2169 1105 2209; x_wconf 90' lang='lat' dir='ltr'>quoque</span> <span class='ocrx_word' id='word_1_213' title='bbox 1127 2154 1296 2196; x_wconf 61' lang='lat' dir='ltr'>functio</span> <span class='ocrx_word' id='word_1_214' title='bbox 1323 2155 1586 2196; x_wconf 90' lang='lat' dir='ltr'>Levitarum</span> <span class='ocrx_word' id='word_1_215' title='bbox 1610 2169 1759 2196; x_wconf 90' lang='lat' dir='ltr'>sacer-</span> 
     </span>
     <span class='ocr_line' id='line_1_28' title="bbox 263 2218 1759 2272; baseline 0.001 -14"><span class='ocrx_word' id='word_1_216' title='bbox 263 2218 447 2270; x_wconf 88' lang='lat' dir='ltr'>dotum;</span> <span class='ocrx_word' id='word_1_217' title='bbox 481 2224 528 2260; x_wconf 92' lang='lat' dir='ltr'>et</span> <span class='ocrx_word' id='word_1_218' title='bbox 550 2219 671 2272; x_wconf 93' lang='lat' dir='ltr'>quod</span> <span class='ocrx_word' id='word_1_219' title='bbox 694 2220 862 2260; x_wconf 86' lang='lat' dir='ltr'>intrare</span> <span class='ocrx_word' id='word_1_220' title='bbox 885 2219 929 2259; x_wconf 92' lang='lat' dir='ltr'>in</span> <span class='ocrx_word' id='word_1_221' title='bbox 948 2220 1195 2259; x_wconf 88' lang='lat' dir='ltr'>tentorium</span> <span class='ocrx_word' id='word_1_222' title='bbox 1215 2225 1468 2260; x_wconf 89' lang='lat' dir='ltr'>conventus</span> <span class='ocrx_word' id='word_1_223' title='bbox 1486 2225 1532 2260; x_wconf 88' lang='lat' dir='ltr'>et</span> <span class='ocrx_word' id='word_1_224' title='bbox 1556 2219 1678 2272; x_wconf 85' lang='lat' dir='ltr'>fungi</span> <span class='ocrx_word' id='word_1_225' title='bbox 1701 2219 1759 2260; x_wconf 90' lang='lat' dir='ltr'>ibi</span> 
     </span>
     <span class='ocr_line' id='line_1_29' title="bbox 259 2281 1758 2336; baseline 0.002 -16"><span class='ocrx_word' id='word_1_226' title='bbox 259 2281 524 2331; x_wconf 84' lang='lat' dir='ltr'>ministerio,</span> <span class='ocrx_word' id='word_1_227' title='bbox 549 2288 595 2323; x_wconf 91' lang='lat' dir='ltr'>et</span> <span class='ocrx_word' id='word_1_228' title='bbox 618 2296 796 2336; x_wconf 86' lang='lat' dir='ltr'>quoque</span> <span class='ocrx_word' id='word_1_229' title='bbox 819 2282 1038 2335; x_wconf 81' lang='lat' dir='ltr'>accedere</span> <span class='ocrx_word' id='word_1_230' title='bbox 1059 2282 1117 2323; x_wconf 89' lang='lat' dir='ltr'>ad</span> <span class='ocrx_word' id='word_1_231' title='bbox 1140 2282 1284 2323; x_wconf 91' lang='lat' dir='ltr'>altare</span> <span class='ocrx_word' id='word_1_232' title='bbox 1307 2289 1354 2323; x_wconf 88' lang='lat' dir='ltr'>et</span> <span class='ocrx_word' id='word_1_233' title='bbox 1377 2282 1436 2323; x_wconf 93' lang='lat' dir='ltr'>ibi</span> <span class='ocrx_word' id='word_1_234' title='bbox 1458 2282 1582 2335; x_wconf 85' lang='lat' dir='ltr'>fungi</span> <span class='ocrx_word' id='word_1_235' title='bbox 1604 2283 1758 2323; x_wconf 90' lang='lat' dir='ltr'>minis-</span> 
     </span>
     <span class='ocr_line' id='line_1_30' title="bbox 259 2345 948 2393; baseline 0.003 -9"><span class='ocrx_word' id='word_1_236' title='bbox 259 2345 389 2393; x_wconf 88' lang='lat' dir='ltr'>terio,</span> <span class='ocrx_word' id='word_1_237' title='bbox 414 2345 592 2386; x_wconf 90' lang='lat' dir='ltr'>dicatur</span> <span class='ocrx_word' id='word_1_238' title='bbox 615 2345 948 2386; x_wconf 63' lang='lat' dir='ltr'>“ministrare’&#39;</span> 
     </span>
    </p>
   </div>
   <div class='ocr_carea' id='block_1_9' title="bbox 332 2439 1716 2483">
    <p class='ocr_par' dir='ltr' id='par_1_9' title="bbox 332 2439 1716 2483">
     <span class='ocr_line' id='line_1_31' title="bbox 332 2439 1716 2483; baseline 0.001 -12"><span class='ocrx_word' id='word_1_239' title='bbox 332 2439 519 2479; x_wconf 88' lang='lat' dir='ltr'>(Videatur</span> <span class='ocrx_word' id='word_1_240' title='bbox 533 2441 645 2474; x_wconf 82' lang='lat' dir='ltr'><em>Exod.</em></span> <span class='ocrx_word' id='word_1_241' title='bbox 661 2441 784 2474; x_wconf 84' lang='lat' dir='ltr'>xxviii.</span> <span class='ocrx_word' id='word_1_242' title='bbox 801 2448 841 2481; x_wconf 85' lang='lat'>35</span> <span class='ocrx_word' id='word_1_243' title='bbox 857 2451 865 2480; x_wconf 89' lang='lat'>;</span> <span class='ocrx_word' id='word_1_244' title='bbox 897 2451 973 2483; x_wconf 87' lang='lat' dir='ltr'>cap.</span> <span class='ocrx_word' id='word_1_245' title='bbox 986 2439 1104 2474; x_wconf 76' lang='lat' dir='ltr'><strong>[²]xxx.</strong></span> <span class='ocrx_word' id='word_1_246' title='bbox 1123 2450 1184 2474; x_wconf 89' lang='lat'>20:</span> <span class='ocrx_word' id='word_1_247' title='bbox 1219 2442 1330 2474; x_wconf 87' lang='lat' dir='ltr'>Num.</span> <span class='ocrx_word' id='word_1_248' title='bbox 1347 2442 1419 2474; x_wconf 92' lang='lat' dir='ltr'>viii.</span> <span class='ocrx_word' id='word_1_249' title='bbox 1439 2449 1487 2482; x_wconf 85' lang='lat'>15,</span> <span class='ocrx_word' id='word_1_250' title='bbox 1511 2451 1560 2481; x_wconf 76' lang='lat'>19,</span> <span class='ocrx_word' id='word_1_251' title='bbox 1577 2442 1716 2482; x_wconf 86' lang='lat'><strong>24-26.)</strong></span> 
     </span>
    </p>
   </div>
   <div class='ocr_carea' id='block_1_10' title="bbox 258 2523 762 2578">
    <p class='ocr_par' dir='ltr' id='par_1_10' title="bbox 258 2523 762 2578">
     <span class='ocr_line' id='line_1_32' title="bbox 258 2523 762 2578; baseline 0 -13"><span class='ocrx_word' id='word_1_252' title='bbox 258 2524 321 2565; x_wconf 90' lang='lat' dir='ltr'>Et</span> <span class='ocrx_word' id='word_1_253' title='bbox 348 2523 469 2578; x_wconf 91' lang='lat' dir='ltr'>apud</span> <span class='ocrx_word' id='word_1_254' title='bbox 495 2524 762 2574; x_wconf 78' lang='lat' dir='ltr'>Jeremiam,</span> 
     </span>
    </p>
   </div>
   <div class='ocr_carea' id='block_1_11' title="bbox 330 2606 1760 2692">
    <p class='ocr_par' dir='ltr' id='par_1_11' title="bbox 330 2606 1760 2692">
     <span class='ocr_line' id='line_1_33' title="bbox 330 2606 1760 2691; baseline 0.002 -54"><span class='ocrx_word' id='word_1_255' title='bbox 330 2608 352 2621; x_wconf 84' lang='lat'>‘⁸</span> <span class='ocrx_word' id='word_1_256' title='bbox 363 2606 390 2638; x_wconf 90' lang='lat' dir='ltr'>F</span> <span class='ocrx_word' id='word_1_257' title='bbox 392 2607 504 2691; x_wconf 44' lang='lat' dir='ltr'>oeiius</span> <span class='ocrx_word' id='word_1_258' title='bbox 518 2616 638 2638; x_wconf 91' lang='lat' dir='ltr'>meum</span> <span class='ocrx_word' id='word_1_259' title='bbox 651 2607 790 2639; x_wconf 91' lang='lat' dir='ltr'>irritum</span> <span class='ocrx_word' id='word_1_260' title='bbox 804 2607 879 2640; x_wconf 89' lang='lat' dir='ltr'>fiet.</span> <span class='ocrx_word' id='word_1_261' title='bbox 894 2632 902 2640; x_wconf 91' lang='lat'><strong>.</strong></span> <span class='ocrx_word' id='word_1_262' title='bbox 915 2633 923 2640; x_wconf 90' lang='lat'><strong><em>.</em></strong></span> <span class='ocrx_word' id='word_1_263' title='bbox 938 2617 1032 2640; x_wconf 82' lang='lat' dir='ltr'>‚cum</span> <span class='ocrx_word' id='word_1_264' title='bbox 1047 2607 1181 2640; x_wconf 88' lang='lat' dir='ltr'>Levitis</span> <span class='ocrx_word' id='word_1_265' title='bbox 1195 2608 1440 2640; x_wconf 87' lang='lat' dir='ltr'>sacerdotibus</span> <span class='ocrx_word' id='word_1_266' title='bbox 1454 2608 1627 2640; x_wconf 88' lang='lat' dir='ltr'>ministris</span> <span class='ocrx_word' id='word_1_267' title='bbox 1641 2609 1730 2640; x_wconf 90' lang='lat' dir='ltr'>meis</span> <span class='ocrx_word' id='word_1_268' title='bbox 1740 2607 1760 2620; x_wconf 88' lang='lat'>&#39;’</span> 
     </span>
     <span class='ocr_line' id='line_1_34' title="bbox 447 2651 655 2692; baseline 0.01 -10"><span class='ocrx_word' id='word_1_269' title='bbox 447 2651 570 2683; x_wconf 83' lang='lat' dir='ltr'>xxxiii.</span> <span class='ocrx_word' id='word_1_270' title='bbox 588 2652 655 2692; x_wconf 90' lang='lat'><em>21).</em></span> 
     </span>
    </p>
   </div>
   <div class='ocr_carea' id='block_1_12' title="bbox 255 2737 1762 2869">
    <p class='ocr_par' dir='ltr' id='par_1_12' title="bbox 255 2737 1762 2869">
     <span class='ocr_line' id='line_1_35' title="bbox 258 2737 1761 2775; baseline 0 -9"><span class='ocrx_word' id='word_1_271' title='bbox 258 2737 371 2774; x_wconf 89' lang='lat' dir='ltr'>(Quod</span> <span class='ocrx_word' id='word_1_272' title='bbox 392 2737 524 2766; x_wconf 88' lang='lat' dir='ltr'>Aharon</span> <span class='ocrx_word' id='word_1_273' title='bbox 539 2737 820 2774; x_wconf 81' lang='lat' dir='ltr'>repraesentaverit</span> <span class='ocrx_word' id='word_1_274' title='bbox 841 2737 1019 2767; x_wconf 91' lang='lat' dir='ltr'>Dominum</span> <span class='ocrx_word' id='word_1_275' title='bbox 1033 2738 1143 2774; x_wconf 88' lang='lat' dir='ltr'>quoad</span> <span class='ocrx_word' id='word_1_276' title='bbox 1166 2738 1292 2767; x_wconf 91' lang='lat' dir='ltr'>Bonum</span> <span class='ocrx_word' id='word_1_277' title='bbox 1310 2738 1448 2772; x_wconf 87' lang='lat' dir='ltr'>Amoris,</span> <span class='ocrx_word' id='word_1_278' title='bbox 1463 2738 1610 2766; x_wconf 84' lang='lat' dir='ltr'>videatur</span> <span class='ocrx_word' id='word_1_279' title='bbox 1623 2746 1654 2767; x_wconf 89' lang='lat' dir='ltr'>n.</span> <span class='ocrx_word' id='word_1_280' title='bbox 1670 2737 1761 2775; x_wconf 78' lang='lat'>9806,</span> 
     </span>
     <span class='ocr_line' id='line_1_36' title="bbox 257 2782 1762 2823; baseline 0.002 -13"><span class='ocrx_word' id='word_1_281' title='bbox 257 2782 381 2822; x_wconf 76' lang='lat'><strong>[³19946,</strong></span> <span class='ocrx_word' id='word_1_282' title='bbox 399 2793 515 2820; x_wconf 85' lang='lat'>10017:</span> <span class='ocrx_word' id='word_1_283' title='bbox 538 2785 627 2822; x_wconf 91' lang='lat' dir='ltr'>quod</span> <span class='ocrx_word' id='word_1_284' title='bbox 641 2784 736 2813; x_wconf 88' lang='lat' dir='ltr'>etiam</span> <span class='ocrx_word' id='word_1_285' title='bbox 754 2784 788 2813; x_wconf 91' lang='lat' dir='ltr'>in</span> <span class='ocrx_word' id='word_1_286' title='bbox 808 2793 926 2822; x_wconf 86' lang='lat' dir='ltr'>genere</span> <span class='ocrx_word' id='word_1_287' title='bbox 939 2786 1130 2819; x_wconf 85' lang='lat' dir='ltr'>sacerdotes,</span> <span class='ocrx_word' id='word_1_288' title='bbox 1145 2794 1177 2815; x_wconf 91' lang='lat' dir='ltr'>n.</span> <span class='ocrx_word' id='word_1_289' title='bbox 1194 2792 1283 2822; x_wconf 76' lang='lat'><strong>2015.</strong></span> <span class='ocrx_word' id='word_1_290' title='bbox 1299 2786 1396 2822; x_wconf 86' lang='lat'>6148:</span> <span class='ocrx_word' id='word_1_291' title='bbox 1419 2786 1508 2822; x_wconf 91' lang='lat' dir='ltr'>quod</span> <span class='ocrx_word' id='word_1_292' title='bbox 1522 2786 1596 2814; x_wconf 87' lang='lat' dir='ltr'>inde</span> <span class='ocrx_word' id='word_1_293' title='bbox 1611 2794 1669 2823; x_wconf 87' lang='lat' dir='ltr'>per</span> <span class='ocrx_word' id='word_1_294' title='bbox 1684 2787 1701 2799; x_wconf 82' lang='lat'>¹·</span> <span class='ocrx_word' id='word_1_295' title='bbox 1712 2793 1762 2813; x_wconf 87' lang='lat' dir='ltr'>sa-</span> 
     </span>
     <span class='ocr_line' id='line_1_37' title="bbox 255 2831 1760 2869; baseline 0.001 -9"><span class='ocrx_word' id='word_1_296' title='bbox 255 2832 433 2860; x_wconf 83' lang='lat' dir='ltr'>cerdotium</span> <span class='ocrx_word' id='word_1_297' title='bbox 445 2831 462 2841; x_wconf 75' lang='lat'>&#39;⁵</span> <span class='ocrx_word' id='word_1_298' title='bbox 478 2832 510 2860; x_wconf 94' lang='lat' dir='ltr'>in</span> <span class='ocrx_word' id='word_1_299' title='bbox 526 2832 635 2861; x_wconf 88' lang='lat' dir='ltr'>Verbo</span> <span class='ocrx_word' id='word_1_300' title='bbox 656 2831 850 2869; x_wconf 85' lang='lat' dir='ltr'>significetur</span> <span class='ocrx_word' id='word_1_301' title='bbox 865 2832 1018 2861; x_wconf 90' lang='lat' dir='ltr'>Divinum</span> <span class='ocrx_word' id='word_1_302' title='bbox 1041 2833 1168 2861; x_wconf 89' lang='lat' dir='ltr'>Bonum</span> <span class='ocrx_word' id='word_1_303' title='bbox 1185 2832 1292 2862; x_wconf 89' lang='lat' dir='ltr'>Divini</span> <span class='ocrx_word' id='word_1_304' title='bbox 1313 2833 1441 2861; x_wconf 87' lang='lat' dir='ltr'>Amoris</span> <span class='ocrx_word' id='word_1_305' title='bbox 1464 2832 1604 2866; x_wconf 89' lang='lat' dir='ltr'>Domini,</span> <span class='ocrx_word' id='word_1_306' title='bbox 1623 2841 1654 2861; x_wconf 90' lang='lat' dir='ltr'>n.</span> <span class='ocrx_word' id='word_1_307' title='bbox 1670 2832 1760 2869; x_wconf 85' lang='lat'>9806,</span> 
     </span>
    </p>
   </div>
   <div class='ocr_carea' id='block_1_13' title="bbox 254 2870 1758 3050">
    <p class='ocr_par' dir='ltr' id='par_1_13' title="bbox 254 2870 1758 3050">
     <span class='ocr_line' id='line_1_38' title="bbox 254 2870 1757 2925; baseline 0.001 -15"><span class='ocrx_word' id='word_1_308' title='bbox 254 2881 362 2919; x_wconf 85' lang='lat'>9809.)</span> <span class='ocrx_word' id='word_1_309' title='bbox 419 2870 538 2912; x_wconf 88' lang='lat' dir='ltr'>Sunt</span> <span class='ocrx_word' id='word_1_310' title='bbox 568 2871 659 2911; x_wconf 95' lang='lat' dir='ltr'>duo</span> <span class='ocrx_word' id='word_1_311' title='bbox 693 2884 838 2924; x_wconf 89' lang='lat' dir='ltr'>regna</span> <span class='ocrx_word' id='word_1_312' title='bbox 871 2872 917 2912; x_wconf 92' lang='lat' dir='ltr'>in</span> <span class='ocrx_word' id='word_1_313' title='bbox 947 2885 1064 2925; x_wconf 90' lang='lat' dir='ltr'>quae</span> <span class='ocrx_word' id='word_1_314' title='bbox 1097 2877 1248 2912; x_wconf 89' lang='lat' dir='ltr'>totum</span> <span class='ocrx_word' id='word_1_315' title='bbox 1279 2871 1459 2912; x_wconf 90' lang='lat' dir='ltr'>caelum</span> <span class='ocrx_word' id='word_1_316' title='bbox 1489 2870 1757 2912; x_wconf 58' lang='lat' dir='ltr'>distinctum</span> 
     </span>
     <span class='ocr_line' id='line_1_39' title="bbox 256 2932 1756 2987; baseline 0 -14"><span class='ocrx_word' id='word_1_317' title='bbox 256 2938 343 2981; x_wconf 91' lang='lat' dir='ltr'>est,</span> <span class='ocrx_word' id='word_1_318' title='bbox 367 2946 504 2974; x_wconf 91' lang='lat' dir='ltr'>unum</span> <span class='ocrx_word' id='word_1_319' title='bbox 530 2933 575 2973; x_wconf 92' lang='lat' dir='ltr'>in</span> <span class='ocrx_word' id='word_1_320' title='bbox 597 2947 686 2986; x_wconf 92' lang='lat' dir='ltr'>quo</span> <span class='ocrx_word' id='word_1_321' title='bbox 711 2932 864 2986; x_wconf 88' lang='lat' dir='ltr'>angeli</span> <span class='ocrx_word' id='word_1_322' title='bbox 886 2934 960 2987; x_wconf 91' lang='lat' dir='ltr'>qui</span> <span class='ocrx_word' id='word_1_323' title='bbox 986 2934 1031 2974; x_wconf 93' lang='lat' dir='ltr'>in</span> <span class='ocrx_word' id='word_1_324' title='bbox 1056 2933 1178 2974; x_wconf 90' lang='lat' dir='ltr'>bono</span> <span class='ocrx_word' id='word_1_325' title='bbox 1204 2934 1369 2974; x_wconf 88' lang='lat' dir='ltr'>amoris</span> <span class='ocrx_word' id='word_1_326' title='bbox 1396 2932 1609 2973; x_wconf 90' lang='lat' dir='ltr'>caelestis</span> <span class='ocrx_word' id='word_1_327' title='bbox 1635 2939 1756 2981; x_wconf 91' lang='lat' dir='ltr'>sunt,</span> 
     </span>
     <span class='ocr_line' id='line_1_40' title="bbox 255 2994 1758 3050; baseline -0.001 -13"><span class='ocrx_word' id='word_1_328' title='bbox 255 2995 448 3037; x_wconf 91' lang='lat' dir='ltr'>alterum</span> <span class='ocrx_word' id='word_1_329' title='bbox 479 2996 524 3036; x_wconf 92' lang='lat' dir='ltr'>in</span> <span class='ocrx_word' id='word_1_330' title='bbox 550 3010 639 3050; x_wconf 91' lang='lat' dir='ltr'>quo</span> <span class='ocrx_word' id='word_1_331' title='bbox 670 3002 775 3037; x_wconf 90' lang='lat' dir='ltr'>sunt</span> <span class='ocrx_word' id='word_1_332' title='bbox 807 2995 959 3049; x_wconf 87' lang='lat' dir='ltr'>angeli</span> <span class='ocrx_word' id='word_1_333' title='bbox 986 2997 1058 3050; x_wconf 89' lang='lat' dir='ltr'>qui</span> <span class='ocrx_word' id='word_1_334' title='bbox 1091 2997 1135 3036; x_wconf 90' lang='lat' dir='ltr'>in</span> <span class='ocrx_word' id='word_1_335' title='bbox 1167 2996 1289 3037; x_wconf 92' lang='lat' dir='ltr'>bono</span> <span class='ocrx_word' id='word_1_336' title='bbox 1318 2997 1483 3037; x_wconf 90' lang='lat' dir='ltr'>amoris</span> <span class='ocrx_word' id='word_1_337' title='bbox 1510 2994 1758 3049; x_wconf 88' lang='lat' dir='ltr'>spiritualis</span> 
     </span>
    </p>
   </div>
  </div>
 </body>
</html>
