2060 3476
717 359 824 392 CAP.
848 359 894 399 1.,
918 358 1057 392 VERS.
1088 359 1259 403 15.—-N.
1282 360 1349 403 71.
1729 353 1780 394 81

284 482 355 516 est
388 487 566 529 quoque
591 472 678 514 hoc
711 487 772 514 ex
798 471 1216 526 correspondentia,
1245 485 1350 512 nam
1383 485 1484 513 cum
1514 473 1680 526 “panis
1693 472 1712 488 ”
1739 479 1786 514 et

287 537 473 593 “aqua”
500 537 714 591 leguntur
744 536 789 577 in
815 535 986 584 Verbo,
1011 534 1178 588 angeli,
1212 536 1315 589 quia
1347 535 1619 588 spirituales,
1648 535 1785 577 intel-

285 602 433 655 ligunt
465 600 543 642 illa
578 599 693 654 quae
725 613 803 640 eos
835 600 1055 647 nutriunt,
1074 592 1205 652 'quae
1237 605 1343 640 sunt
1381 599 1501 639 bona
1532 600 1699 640 amoris
1735 606 1783 640 et

284 679 391 706 vera
413 664 533 705 fidei.
596 663 684 704 Hic
716 662 866 716 aliqua
898 661 999 703 loca
1023 661 1180 703 afferre
1206 661 1357 711 velim,
1389 669 1438 703 ut
1472 663 1641 703 sciatur
1665 662 1787 716 quod

287 732 312 747 ‘⁴
325 742 468 782 aquae
481 727 500 743 ’⁸
518 726 775 781 significent
793 739 900 766 vera
929 725 1046 776 fidei,
1060 731 1157 767 tum
1172 726 1460 779 cognitiones
1474 724 1786 778 veri2—Apud

287 790 511 832 Esaiam:

354 875 376 888 “
391 874 503 906 Plena
519 879 573 905 est
589 879 687 905 terra
702 873 854 904 scientia
869 871 1040 914 Jehovae,
1057 871 1148 903 sicut
1164 881 1278 913 aquae
1296 880 1394 902 mare
1411 876 1608 911 contegunt
1619 870 1639 882 '’
1653 870 1714 912 (xi.
1731 870 1786 912 9);

287 951 408 1005 apud
434 950 643 1000 eundem,

407 1025 430 1039 ‘⁴
442 1024 544 1056 Tunc
560 1023 730 1055 haurietis
747 1033 858 1065 aquas
875 1033 955 1054 cum
973 1023 1108 1055 laetitia
1123 1033 1168 1055 ex
1184 1022 1344 1054 fontibus
1362 1022 1486 1054 salutis
1498 1021 1516 1034 '’
1533 1022 1606 1062 (xii.
1624 1021 1656 1062 3)
1670 1031 1677 1061 ;

285 1101 405 1155 apud
432 1100 641 1149 eundem,

353 1175 375 1189 '‘
388 1174 457 1216 Qui
480 1174 640 1205 ambulat
664 1173 700 1204 in
717 1173 875 1214 justitiis,
896 1178 932 1205 et
955 1173 1113 1215 loquitur
1130 1171 1361 1206 retstitudines
1375 1182 1399 1213 ;.
1413 1197 1422 1206 .
1435 1198 1443 1206 .
1457 1173 1577 1214 .panis
1594 1173 1738 1205 dabitur
1753 1178 1790 1205 et

458 1228 572 1259 aquae
590 1217 712 1249 fideles
726 1217 744 1229 '¹
761 1217 898 1258 (xxxiii.
918 1224 969 1256 15,
988 1217 1063 1258 16);

285 1295 405 1349 apud
432 1294 643 1343 eundem,

354 1369 376 1383 “
390 1367 571 1408 Pauperes
587 1373 624 1400 et
646 1368 752 1409 egeni
776 1374 991 1409 quaerentes
1008 1377 1150 1409 aquam,
1170 1369 1234 1400 sed
1259 1378 1344 1406 non,
1365 1368 1489 1409 lingua
1505 1378 1629 1400 eorum
1648 1369 1706 1400 siti
1730 1369 1791 1400 de-

459 1412 531 1444 ficit
544 1423 568 1444 :.
583 1436 591 1443 .
605 1437 613 1444 .
627 1412 802 1452 ‚aperiam
827 1422 935 1452 super
952 1412 1054 1443 clivis
1078 1412 1219 1450 fluvios,
1240 1418 1276 1444 et
1299 1412 1335 1443 in
1361 1413 1480 1444 medio
1497 1413 1644 1444 vallium
1669 1413 1790 1444 sontes

459 1466 604 1496 ponam,
625 1456 807 1487 desertum
825 1456 862 1487 in
880 1462 1049 1496 stagnum
1067 1466 1252 1497 aquarum,
1269 1463 1305 1488 et
1322 1462 1453 1488 terram
1471 1458 1603 1488 siccam
1621 1458 1656 1488 in
1671 1463 1790 1489 scatu-

459 1500 592 1540 rigines
609 1510 780 1540 aquarum
796 1509 820 1535 :.
835 1524 842 1531 .
856 1506 911 1531 ‚ut
928 1500 1086 1537 videant,
1106 1506 1142 1532 et
1158 1507 1391 1541 cognoscant,
1412 1507 1447 1533 et
1463 1501 1653 1533 attendant
1677 1507 1713 1533 et
1737 1501 1790 1533 in-

459 1543 651 1584 telligant’'
668 1543 741 1584 (xli.
761 1551 811 1582 17,
831 1544 882 1582 18,
900 1543 954 1583 20)
969 1553 977 1582 ;
1084 1547 1087 1550 “

288 1621 408 1676 apud
434 1621 642 1671 eundem,

354 1696 376 1709 ‘⁴
391 1694 584 1726 Effundam
601 1705 711 1736 aquas
735 1705 844 1735 super
860 1695 1053 1733 sitientem,
1073 1701 1110 1728 et
1133 1695 1267 1727 fluenta
1290 1706 1399 1736 super
1415 1697 1551 1728 aridam
1567 1707 1575 1735 ς
1600 1697 1783 1729 effundam

459 1739 627 1823 spiritum(
642 1749 764 1822 meum)
778 1749 886 1780 super
902 1749 1027 1771 semen
1045 1746 1157 1778 tuum,
1177 1746 1214 1772 et
1237 1739 1527 1772 benedid'tionem
1546 1751 1663 1773 meam
1681 1752 1789 1783 super

459 1789 566 1814 natos
629 1793 651 1814 x
667 1793 712 1815 ιν.
731 1791 749 1822 3
778 1791 785 1820 ;

285 1859 405 1913 apud
434 1858 644 1908 eundem,

352 1934 375 1946 ‘¹
389 1932 576 1964 Exorietur
593 1933 629 1963 in
654 1933 813 1964 tenebris
837 1933 899 1964 lux
915 1939 987 1971 tua,
1007 1939 1042 1965 et
1066 1933 1184 1974 caligo
1208 1940 1269 1966 tua
1292 1934 1383 1966 sicut
1400 1935 1568 1966 meridies
1573 1960 1666 1972 .....
1674 1941 1712 1967 ut
1737 1936 1787 1967 sis

457 1976 548 2007 sicut
570 1976 697 2008 hortus
723 1977 888 2016 irriguus,
916 1983 952 2008 et
976 1977 1067 2009 sicut
1092 1978 1209 2009 exitus
1234 1988 1419 2020 aquarum,
1447 1978 1549 2019 cujus
1573 1989 1688 2020 aquae
1711 1990 1786 2011 non

459 2020 680 2052 mentientur
691 2019 709 2032 ’¹
727 2019 828 2061 (lviii.
848 2019 917 2063 10[,
937 2019 1029 2063 11]);

284 2106 404 2160 apud
431 2105 684 2154 Jeremiam
699 2121 715 2147 .·

353 2180 375 2194 ‘⁸
389 2179 471 2211 Duo
488 2179 583 2211 mala
596 2179 680 2211 fecit
693 2180 847 2221 populus
862 2190 963 2212 meus
978 2190 986 2217 ;
1011 2180 1072 2213 Me
1085 2181 1332 2218 deseruerunt.
1350 2182 1488 2214 fontem
1502 2193 1674 2224 aquarum
1688 2183 1787 2215 viva-

460 2233 550 2262 rum,
564 2223 609 2255 ad
621 2224 858 2264 excidendum
873 2225 941 2256 sibi
955 2225 1092 2263 foveas,
1107 2235 1197 2267 quae
1211 2236 1285 2258 non
1299 2227 1487 2258 continent
1500 2237 1610 2268 aquas
1623 2227 1640 2239 ''
1654 2227 1703 2268 (ii.
1719 2227 1786 2267 13);

283 2298 404 2352 apud
428 2299 638 2349 eundem,

350 2372 373 2386 ‘⁴
385 2371 575 2412 Magnates
591 2373 767 2406 miserunt
785 2374 1017 2406 minorennes
1035 2385 1149 2417 aquae
1166 2385 1283 2413 causa,
1304 2382 1482 2408 venerunt
1498 2377 1544 2409 ad
1560 2377 1698 2416 foveas,
1719 2387 1786 2409 nec

457 2415 673 2448 invenerunt
695 2427 818 2458 aquas,
838 2428 984 2450 reversa
1000 2426 1084 2450 sunt
1102 2429 1189 2451 vasa
1211 2430 1334 2452 eorum
1353 2430 1476 2459 vacua,
1496 2420 1677 2462 pudefac‘ti
1700 2427 1787 2454 sunt

457 2465 493 2491 et
510 2460 710 2500 ignominia
725 2460 846 2493 affecti
857 2461 876 2473 ’'
893 2462 977 2500 (xiv.
995 2465 1029 2503 3)
1043 2472 1050 2500 ;

283 2536 403 2590 apud
431 2537 640 2588 eundem,

408 2610 431 2624 “
444 2609 691 2643 Deseruerant
707 2611 846 2644 fontem
865 2623 1038 2654 aquarum
1057 2615 1220 2646 vivarum
1238 2614 1415 2657 Jehovam
1427 2615 1446 2628 ”
1463 2615 1560 2657 (xvii.
1577 2616 1652 2658 13);

282 2685 404 2740 apud
431 2686 641 2736 eundem,

349 2759 371 2773 “
383 2758 474 2790 Cum
491 2759 576 2790 fletu
592 2760 750 2799 venient,
767 2767 803 2794 et
819 2771 898 2794 cum
918 2760 1115 2803 Ulprecibus
1133 2765 1308 2797 adducam
1326 2775 1400 2803 eos,
1416 2766 1543 2798 ducam
1562 2776 1625 2799 eos
1641 2767 1687 2799 ad
1703 2767 1785 2799 fon·-

456 2808 509 2835 tes
526 2813 698 2844 aquarum
715 2805 752 2837 in
769 2805 828 2838 via
844 2805 932 2839 reffl
945 2806 963 2819 ’¹
980 2806 1089 2848 (xxxi.
1106 2808 1140 2850 9)
1155 2818 1162 2847 ;

280 2887 402 2942 apud
426 2887 702 2930 Ezechielem
716 2905 733 2931 .-

347 2959 408 2993 “F
410 2970 560 3002 raugam
578 2963 743 2996 baculum
767 2964 903 3006 panis„
917 2990 926 2998 .
939 2990 947 2998 .
961 2972 1013 2999 ,et
1029 2967 1220 3000 comedent
1235 2978 1365 3010 panem
1384 2970 1543 3010 pondere
1560 2975 1596 3001 et
1620 2969 1656 3001 in
1681 2969 1781 3002 solli-

454 3005 623 3045 citudine,
643 3013 678 3039 et
695 3016 805 3050 aquas
823 3018 993 3042 mensura
1009 3017 1044 3044 et
1068 3017 1214 3053 stupore
1238 3014 1374 3051 bibent,
1394 3020 1432 3046 ut
1456 3020 1602 3046 careant
1626 3023 1719 3055 pane
1743 3020 1779 3046 et
