2060 3476
279 338 361 381 232
693 312 1026 370 APOCALYPSIS
1058 337 1358 371 EXPLICATA.

277 452 398 506 apud
422 451 625 502 Esaiam,

346 527 369 542 ‘⁴
382 525 560 558 Percutiet
577 530 708 556 terram
722 524 824 566 virga
835 524 909 557 oris
926 524 993 564 sui,
1007 530 1043 557 et
1059 524 1187 566 spiritu
1199 524 1376 557 labiorum
1389 533 1535 557 suorum
1553 524 1690 557 occidet
1705 523 1770 557 im-

451 569 550 610 pium
560 567 579 581 ’'
596 567 655 608 (xi.
674 567 731 608 4);

276 647 321 688 in
342 645 630 699 Apocalypsi,

344 719 476 752 Mulier
502 719 672 775 “,peperit
698 719 809 751 filium
834 720 1044 758 masculum,
1072 717 1250 751 maurum
1275 728 1401 751 omnes
1427 724 1555 760 gentes
1579 718 1679 760 virga
1701 718 1771 752 fer-

343 807 398 839 Ex
413 762 789 847 οιῗεὲεέέἒιιὲἰξέιιρετ
806 806 906 848 Equo
923 807 1005 838 albo
1023 807 1045 821 ¹⁸
1056 806 1221 847 prodibat
1237 806 1432 846 romphaea
1447 811 1562 845 acuta,
1578 811 1617 838 ut
1633 816 1676 838 ea
1691 815 1770 849 per-

450 856 587 882 cuteret
602 857 729 891 gentes
744 860 751 890 ;
779 850 861 891 Ipse
878 850 974 882 enim
992 857 1092 891 reget
1108 860 1169 882 eas
1185 850 1287 891 vir'ga
1302 849 1448 882 ferrea''
1461 850 1546 891 (xix.
1563 851 1638 891 15);

277 934 322 969 et
349 927 467 981 apud
491 927 702 976 ,Mic-ham,

345 1002 366 1016 ‘⁸
378 1001 505 1041 Surge.
519 1025 527 1033 .
541 1025 548 1033 .
564 1000 669 1033 ,Filia
696 1000 817 1032 Zionis
856 1000 939 1041 quia
962 1009 1073 1031 cornu
1101 1006 1199 1031 tuum
1227 999 1356 1031 faciam
1384 1000 1528 1037 ferrum,
1555 1006 1590 1032 et
1617 1001 1768 1042 ungulas

449 1051 529 1076 tuas
546 1044 674 1076 faciam
692 1054 764 1082 aes,
785 1052 823 1075 ut
839 1044 1062 1075 comminuas
1079 1044 1232 1084 populos
1249 1044 1382 1076 multos
1393 1043 1411 1056 ''
1428 1044 1488 1085 (iv.
1504 1042 1614 1084 [¹113);

277 1128 430 1168 “Filia
452 1127 633 1168 Zionis'’
656 1134 726 1168 est
749 1127 941 1168 ecclesia
963 1127 1198 1178 caelestis;
1234 1130 1409 1168 “cornu
1424 1126 1443 1143 ’‘
1465 1133 1534 1169 est
1562 1128 1768 1181 potentia

274 1191 317 1232 in
345 1190 537 1232 naturali
570 1191 777 1242 homine;
812 1190 1078 1244 “ungulae''
1110 1197 1214 1231 sunt
1247 1190 1404 1231 ultima
1435 1191 1508 1240 ibi,
1542 1205 1655 1244 quae
1687 1205 1766 1232 vo-

274 1262 433 1296 cantur
465 1253 712 1295 scientifica
743 1254 993 1305 sensualia;
1035 1254 1139 1295 inde
1181 1261 1308 1308 patet
1349 1254 1455 1308 quid
1492 1255 1550 1295 sit
1584 1254 1768 1296 “facere

274 1329 415 1356 cornu
440 1315 604 1357 ferrum
630 1321 677 1356 et
703 1315 898 1368 ungulas
923 1315 1040 1356 aes.'’
1098 1326 1211 1365 (Quod
1224 1323 1241 1334 ¹¹
1254 1326 1333 1355 Filia
1347 1326 1452 1356 Zionis
1463 1326 1479 1336 ·'
1495 1327 1534 1355 sit
1546 1327 1679 1356 ecclesia
1699 1336 1769 1356 cae-

272 1380 366 1414 lestis,
382 1380 526 1409 videatur
540 1388 571 1410 n.
588 1380 676 1417 2362,
692 1386 790 1417 9055:
819 1380 908 1417 quod
924 1376 941 1388 '⁴
953 1388 1053 1409 cornu
1064 1378 1082 1389 '’
1097 1380 1136 1409 sit
1163 1380 1306 1418 potentia
1319 1379 1384 1408 veri
1410 1389 1449 1409 ex
1474 1380 1562 1409 bono
1580 1380 1613 1409 in
1633 1380 1768 1409 naturali

272 1430 411 1464 homine,
426 1438 458 1459 n.
475 1431 563 1467 2832,
579 1431 669 1467 9081,
685 1438 774 1467 9719,
789 1438 880 1467 9720,
896 1438 986 1467 9721,
1004 1431 1111 1464 10182‚
1130 1429 1246 1465 10186;
1270 1434 1301 1458 et
1322 1430 1411 1467 quod
1425 1432 1442 1444 ‘¹
1453 1429 1591 1468 ungulae
1602 1429 1619 1439 '¹
1635 1430 1696 1459 sint
1710 1429 1769 1459 sci-

272 1475 397 1505 entifica
412 1476 563 1505 sensualis
577 1476 723 1510 hominis,
739 1484 822 1513 quae
835 1480 909 1505 sunt
923 1484 998 1504 vera
1010 1476 1044 1504 in
1058 1475 1169 1505 ultimo
1184 1475 1311 1510 ordinis.
1326 1485 1358 1506 n.
1373 1475 1479 1513 7729.)

354 1531 472 1576 177.
511 1522 747 1575 “Tanquam
773 1534 871 1562 vasa
895 1521 1034 1563 fictilia
1055 1520 1602 1575 confringentur.''—Quod
1627 1522 1767 1574 signi·

273 1590 347 1625 cet
369 1583 687 1636 dispersionem
697 1583 928 1636 salsorum
945 1583 1135 1632 totalem,
1155 1589 1336 1624 constat
1359 1597 1418 1624 ex
1441 1582 1767 1636 significatione

274 1651 520 1689 “vasorum
538 1646 778 1696 fiffilium,“
796 1647 917 1701 quod
939 1649 1030 1688 sint
1048 1647 1157 1688 talia
1178 1647 1222 1688 in
1241 1647 1433 1688 naturali
1454 1646 1636 1688 homine
1653 1660 1767 1701 quae

272 1725 332 1752 ex
359 1712 536 1764 propria
562 1711 891 1764 intelligentia;
924 1717 970 1752 et
997 1711 1147 1752 omnia
1172 1724 1285 1764 quae
1311 1724 1370 1752 ex
1396 1711 1574 1764 propria
1598 1709 1766 1752 intelli-

272 1774 428 1826 gentia
450 1780 554 1814 sunt
577 1774 620 1814 in
643 1774 774 1815 rebus
798 1774 908 1815 caeli
931 1780 977 1815 et
1000 1773 1219 1816 ecclesiae
1241 1773 1300 1814 ibi
1322 1780 1426 1814 sunt
1448 1773 1574 1823 falsa,
1598 1773 1655 1814 de
1677 1787 1766 1827 quo

272 1838 472 1891 sequitur
489 1851 498 1888 ;
526 1844 571 1878 et
590 1851 648 1878 ex
668 1837 996 1890 significatione
1017 1836 1313 1890 “confringi,’'
1327 1836 1447 1891 quod
1466 1838 1523 1878 sit
1541 1837 1738 1890 dispergi
1755 1850 1765 1888 ;

272 1900 328 1941 de
350 1900 471 1940 falsis
493 1901 612 1941 enim
635 1900 798 1941 dicitur
819 1900 1032 1953 dispergi,
1052 1914 1152 1941 cum
1175 1900 1232 1941 de
1253 1901 1370 1940 vasis
1392 1898 1599 1940 fiffllibus
1619 1904 1643 1921 ‘⁴
1657 1913 1766 1941 con·
1818 1935 1824 1940 .

270 1963 439 2016 fringi.''
499 1963 633 2016 Quod
661 1978 738 2017 per
762 1968 908 2004 “vasa
933 1963 1114 2016 fiffiliae’
1136 1963 1442 2017 significentur
1462 1963 1539 2004 illa
1564 1964 1607 2004 in
1635 1970 1765 2005 natu-

270 2026 351 2066 rali
377 2026 558 2067 homine
585 2041 698 2080 quae
725 2041 783 2067 ex
811 2028 988 2080 propria
1014 2027 1316 2080 intelligentia
1342 2027 1398 2067 de
1424 2027 1554 2068 rebus
1581 2027 1693 2068 caeli
1719 2033 1766 2069 et

271 2089 503 2139 ecclesiae,
527 2096 573 2130 et
596 2090 716 2143 quod
739 2090 815 2130 illa
837 2091 926 2131 sint
949 2090 1073 2140 falsa,
1093 2091 1136 2130 in
1159 2090 1449 2143 sequentibus
1472 2091 1764 2142 ostendetur;

271 2153 342 2194 hic
370 2153 560 2206 primum
586 2152 705 2206 quod
732 2152 810 2193 illa
834 2167 948 2207 quae
974 2167 1032 2194 ex
1060 2154 1238 2207 propria
1263 2153 1568 2206 intelligentia
1593 2154 1765 2195 intrant

271 2216 328 2257 de
354 2216 484 2256 rebus
511 2216 623 2256 caeli
649 2222 695 2256 et
722 2215 940 2257 ecclesiae
966 2217 1055 2257 sint
1086 2216 1209 2265 falsa,
1237 2216 1403 2270 aliquid
1430 2217 1616 2258 dicetur.
1677 2216 1766 2270 Qui

272 2294 330 2321 ex
356 2280 535 2333 propria
566 2279 870 2332 intelligentia
895 2280 1115 2332 cogitant,
1143 2279 1206 2320 illi
1237 2293 1296 2320 ex
1329 2279 1498 2320 mundo
1527 2280 1764 2333 cogitant3

271 2356 376 2383 nam
407 2343 545 2383 homo
577 2356 635 2383 ex
668 2356 748 2382 suo
779 2343 959 2396 proprio
985 2356 1075 2384 non
1102 2349 1225 2383 amat
1252 2343 1334 2383 nisi
1364 2342 1441 2383 illa
1466 2355 1580 2397 quae
1611 2343 1764 2384 mundi

271 2413 375 2447 sunt
398 2412 444 2446 et
467 2419 580 2459 quae
603 2406 667 2445 sui
691 2413 809 2454 sunt,
829 2412 874 2446 et
893 2419 1006 2459 quae
1029 2413 1152 2447 amat
1175 2407 1312 2447 etiam
1331 2405 1455 2446 videt
1479 2412 1525 2447 et
1547 2407 1762 2460 percipit:

271 2482 384 2522 quae
407 2475 529 2510 amat
552 2476 687 2509 vocat
710 2469 843 2518 bona,
867 2475 913 2509 et
936 2483 1050 2522 quae
1072 2469 1177 2510 inde
1199 2469 1324 2510 videt
1346 2475 1393 2510 et
1420 2470 1607 2522 percipit
1629 2477 1765 2511 vocat

270 2546 402 2583 vera;
440 2532 519 2573 sed
551 2533 671 2573 bona
702 2547 816 2586 quae
848 2547 907 2573 ex
939 2546 1092 2573 amore
1123 2534 1187 2573 ita
1218 2539 1366 2582 vocat,
1400 2538 1505 2574 sunt
1536 2532 1680 2583 mala;
1718 2539 1764 2574 et

270 2610 376 2636 vera
393 2609 506 2649 quae
525 2609 583 2636 ex
601 2609 753 2636 amore
771 2596 848 2636 illo
865 2596 1004 2643 videt,
1022 2602 1127 2637 sunt
1145 2596 1269 2645 falsa,
1285 2597 1495 2650 quoniam
1514 2597 1764 2637 scaturiunt

270 2673 329 2699 ex
347 2659 571 2699 amoribus
589 2660 653 2699 sui
672 2666 717 2700 et
736 2659 902 2707 mundi,
919 2660 992 2713 qui
1011 2673 1187 2700 amores
1205 2666 1308 2700 sunt
1327 2660 1523 2712 oppositi
1540 2659 1764 2700 amoribus

271 2722 397 2771 caeli,
421 2722 494 2775 qui
517 2728 621 2763 sunt
647 2735 772 2762 amor
793 2723 837 2762 in
865 2722 1109 2762 Dominum
1132 2729 1177 2763 et
1201 2736 1326 2763 amor
1348 2735 1456 2775 erga
1481 2723 1763 2775 proximum;

270 2792 317 2826 et
340 2798 453 2838 quae
475 2798 534 2825 ex
553 2786 771 2838 oppositis
789 2786 1051 2834 scaturiunt,
1071 2792 1176 2826 sunt
1195 2786 1416 2838 opposita.
1477 2784 1764 2838 Quapropter

269 2848 343 2901 qui
375 2847 534 2901 legunt
561 2847 763 2889 Verbum
795 2848 941 2889 solum
973 2855 1158 2902 propter
1184 2862 1349 2889 nomen
1382 2848 1657 2897 eruditionis,
1685 2855 1762 2889 aut

269 2910 325 2950 ad
363 2910 638 2964 captandum
675 2911 838 2952 famam
879 2918 927 2952 ut
967 2912 1216 2952 evehantur
1253 2911 1310 2952 ad
1350 2911 1558 2960 honores,
1597 2918 1673 2952 aut
1714 2918 1762 2952 ut

269 2972 498 3015 lucrentur
519 2987 641 3028 opes,
667 2988 885 3028 nusquam
908 2975 1062 3016 vident
1090 2981 1136 3016 et
1159 2975 1409 3029 percipiunt
1431 2988 1550 3025 vera,
1575 2974 1653 3015 sed
1681 2988 1763 3028 pro
