2060 3476
725 337 832 370 CAP.
856 337 922 379 11.,
947 337 1086 371 vERs.
1109 330 1256 371 8.—-N.
1285 341 1300 370 1
1313 339 1375 383 13.
1722 340 1801 385 137

307 451 373 492 vit
390 465 400 502 ;
433 464 538 492 nam
555 463 817 493 communes
834 451 1134 505 cognitiones,
1150 465 1265 506 quae
1283 458 1387 493 sunt
1405 452 1524 506 apud
1540 451 1680 502 illum,
1697 459 1802 494 sunt

307 515 423 556 sicut
455 529 578 564 vasa,
611 529 726 568 quae
757 514 912 556 multis
943 513 1118 568 impleri
1150 522 1355 569 possunt,
1389 522 1435 557 et
1467 530 1644 570 quoque
1676 515 1802 558 ac'tu-

307 577 439 619 aliter
459 578 703 632 implentur
725 579 831 620 dum
853 579 898 619 in
921 578 1096 620 caelum
1118 580 1256 620 venit.
1319 578 1454 632 Quod
1479 580 1544 620 ita
1569 581 1641 629 sit,
1666 581 1804 621 modo

307 655 367 682 ex
409 655 464 683 eo
500 648 712 683 constare
747 648 917 696 potest,
949 642 1072 696 quod
1107 655 1266 683 omnes
1302 642 1454 695 angeli
1489 643 1563 696 qui
1599 644 1643 684 in
1676 643 1804 685 caelo

307 711 426 754 sunt,
446 719 505 746 ex
532 705 729 746 humano
754 719 923 759 genere
948 707 1054 755 sint,
1083 712 1129 747 et
1156 712 1311 747 tamen
1336 706 1424 746 illis
1451 707 1674 760 sapientia
1700 706 1804 747 talis

306 774 376 809 est
401 775 449 809 ut
472 769 752 810 describatur
773 783 852 823 per
875 769 1220 810 inenuntiabilia
1244 775 1292 811 et
1317 770 1802 823 incomprehensibilia,

307 834 356 868 ut
379 834 540 869 notum
557 835 643 870 est.
683 839 796 879 (Quod
807 840 924 878 Angeli
939 840 1027 871 Caeli
1042 849 1108 870 non
1120 840 1249 870 aliunde
1260 841 1322 870 sint
1336 849 1434 878 quam
1447 850 1486 870 ex
1499 841 1624 870 Genere
1638 841 1805 877 Humano,

306 890 451 919 videatur
461 889 494 919 in
506 899 602 928 opere
615 891 665 920 De
678 891 770 920 Caelo
784 894 815 920 et
827 891 965 930 Inferno,
977 899 1009 921 n.
1022 899 1179 929 311—317;
1202 896 1233 920 et
1247 892 1280 920 in
1294 891 1451 929 opusculo
1465 892 1516 920 De
1530 892 1648 921 Ultimo
1661 891 1805 932 Judicio,

305 954 337 975 n.
359 945 482 986 14—22.)
530 931 618 977 Illa
638 936 848 989 impletio
872 936 1213 990 intelligentiae
1238 943 1285 978 et
1310 938 1566 991 sapientiae
1590 944 1662 979 est
1687 951 1804 992 quae

305 997 574 1050 intelligitur
598 1012 677 1052 per
703 998 885 1039 Domini
907 998 1045 1040 verba
1070 999 1189 1053 apud
1214 998 1394 1049 Lucam,

375 1087 398 1101 ‘⁶
411 1085 584 1118 Mensura
606 1087 869 1172 b(ona,81))ressa,
890 1087 1025 1129 agitata
1047 1094 1084 1120 et
1108 1088 1331 1129 superfluens
1355 1088 1498 1121 dabitur
1520 1088 1558 1121 in
1582 1088 1702 1121 sinum
1726 1099 1805 1122 ves-

480 1136 574 1162 trum
586 1130 604 1142 ”
634 1131 681 1164 vi.
696 1140 715 1171 3
765 1141 774 1170 ;

305 1206 423 1260 apud
447 1206 743 1257 Matthaeum,

373 1283 397 1298 ‘⁴
409 1282 619 1368 Quicupque
629 1284 748 1323 habet,
760 1284 902 1317 dabitur
915 1285 958 1324 ei,
972 1291 1011 1318 ut
1023 1285 1264 1318 abundantius
1276 1285 1408 1318 habeat
1418 1285 1437 1298 ”
1448 1285 1536 1327 (xiii.
1551 1294 1590 1318 12
1603 1296 1611 1326 ;
1628 1296 1705 1328 cap.
1717 1296 1801 1320 xxv.

481 1335 524 1368 29
550 1337 558 1366 ἱ

304 1409 351 1444 et
377 1404 496 1457 apud
521 1403 700 1455 Lucam,

370 1470 547 1512 Dominus
563 1481 652 1513 dixit
668 1492 773 1514 servo
790 1482 849 1523 qui
863 1492 908 1514 ex
923 1482 1022 1514 mina
1038 1483 1071 1514 ei
1087 1483 1172 1515 data
1187 1483 1375 1525 acquisivit
1391 1483 1515 1515 decem
1529 1484 1657 1522 minas,
1677 1485 1700 1498 ‘⁸
1711 1483 1805 1525 Quia

478 1525 822 1610 {Ziffssgiclcbfi-delis
845 1526 956 1565 fuisti,
976 1532 1191 1568 potestatem
1205 1527 1365 1559 -habebis
1389 1536 1496 1568 super
1519 1527 1642 1559 decern
1667 1529 1774 1559 urbes
1784 1526 1803 1540 ’⁹

555 1593 564 1601 .
626 1594 634 1608 ,
721 1596 729 1602 .

302 1672 382 1714 per
414 1659 641 1700 “decem”
677 1660 737 1701 ibi
773 1659 1050 1714 significatur
1086 1660 1278 1703 multum
1315 1668 1361 1703 et
1399 1660 1596 1716 plenum,
1635 1669 1681 1703 et
1723 1676 1802 1716 per

305 1721 477 1762 “urbes
489 1720 509 1736 ‘⁸
526 1721 842 1775 intelligentia
863 1728 910 1763 et
933 1722 1175 1776 sapientia.
1220 1730 1514 1772 (Qu0d“deeem¹'
1530 1734 1709 1772 significent
1723 1735 1805 1764 mui-

301 1786 370 1812 tum
381 1786 412 1811 et
422 1783 564 1820 plenum,
573 1782 718 1812 videatur
727 1792 758 1813 n.
772 1785 859 1821 1988,
869 1792 959 1821 3107,
970 1784 1049 1821 4638
1059 1793 1066 1818 ς
1087 1788 1119 1813 et
1129 1785 1219 1821 quod
1230 1787 1248 1798 ⁴¹
1258 1785 1353 1814 urbes
1362 1784 1379 1794 '¹
1390 1785 1567 1822 significent
1576 1785 1629 1814 illa
1639 1793 1722 1822 quae
1730 1789 1804 1814 sunt

301 1830 524 1867 intelligentiae
539 1834 570 1859 et
583 1830 766 1868 sapientiae,
782 1839 813 1860 n.
826 1829 950 1868 [¹12449,
967 1839 1056 1867 2712.
1073 1840 1162 1869 2943,
1177 1831 1267 1869 3216¹
1283 1833 1373 1869 3584,
1389 1841 1480 1868 4492,
1495 1840 1586 1868 4493,
1601 1831 1708 1869 5297.)

380 1888 502 1932 113.
542 1884 566 1901 ⁸
578 1879 691 1919 Haeo
721 1879 821 1919 dicit
852 1879 1010 1921 Primus
1044 1883 1089 1920 et
1127 1879 1536 1933 Ultimus.¹'—Quod
1576 1880 1801 1934 significet

299 1939 535 1981 Dominum
565 1940 646 1994 qui
670 1941 818 1982 omnia
843 1935 900 1981 ei
929 1941 1094 1982 Divino
1116 1941 1322 1982 Humano
1351 1956 1408 1982 ex
1430 1941 1599 1994 primis
1625 1949 1711 1994 per
1732 1942 1800 1982 ul-

299 2003 409 2044 tima
430 2004 558 2057 regit,
578 2011 763 2046 constat
786 2019 845 2046 ex
866 2005 1196 2058 significatione
1215 2006 1387 2047 “Primi
1409 2012 1456 2046 et
1479 2005 1680 2055 Ultimi,‘'
1699 2019 1799 2047 cum

299 2068 356 2108 de
388 2067 603 2117 Domino,
636 2056 759 2122 quod
793 2069 852 2109 sit
885 2082 1049 2122 regens
1081 2070 1232 2110 omnia
1262 2083 1321 2110 ex
1354 2069 1506 2122 primis
1537 2082 1616 2122 per
1642 2068 1801 2110 ultima

302 2128 379 2183 (de
410 2143 499 2184 qua
523 2144 669 2184 supra,
699 2144 741 2171 n.
768 2130 876 2184 41);
910 2131 1030 2184 quod
1061 2132 1119 2172 sit
1151 2131 1373 2172 Dominus
1405 2131 1554 2185 quoad
1587 2131 1799 2172 Divinum

301 2192 577 2243 Humanum,
603 2193 678 2247 qui
708 2194 779 2235 hic
807 2201 854 2235 et
886 2195 930 2235 in
962 2195 1254 2248 sequentibus
1286 2195 1482 2248 loquitur
1506 2194 1564 2235 ad
1590 2194 1800 2248 Angelos

298 2254 625 2304 Ecclesiarum,
659 2263 871 2297 constare
903 2263 1058 2310 potest
1095 2271 1154 2297 ex
1188 2258 1336 2310 capite
1373 2257 1691 2310 praecedente,
1726 2257 1799 2298 ubi

299 2317 463 2358 similia
495 2318 705 2359 dicuntur
736 2319 792 2359 de
826 2319 941 2359 Filio
973 2319 1194 2369 hominis;
1241 2325 1287 2360 et
1326 2319 1464 2359 Filius
1501 2319 1697 2360 hominis
1728 2325 1798 2360 est

301 2379 521 2420 Dominus
539 2381 687 2434 quoad
716 2380 930 2421 Divinum
956 2381 1217 2422 Humanum
1239 2380 1465 2435 (videatur
1482 2395 1627 2435 supra,
1648 2395 1689 2422 n.
1706 2381 1797 2435 63).

302 2442 402 2483 Hoc
436 2449 565 2495 patet
598 2444 836 2484 manifeste
867 2458 893 2484 a
925 2444 1198 2485 collatione:
1242 2457 1419 2498 nempe,
1453 2444 1723 2486 describitur
1754 2446 1798 2486 in

299 2506 447 2558 capite
474 2505 777 2558 praecedente
805 2506 944 2546 Filius
970 2507 1179 2555 hominis,
1361 2514 1363 2518 ⁴

367 2593 472 2635 Quod
483 2593 581 2625 visus
594 2594 642 2626 sit
658 2594 727 2626 “in
740 2596 860 2627 medio
873 2596 1170 2628 candelabrorum
1181 2607 1371 2628 aureorum
1375 2622 1468 2636 .....
1476 2598 1614 2630 habens
1627 2598 1663 2630 in
1677 2599 1803 2630 dextra

476 2647 541 2669 sua
557 2648 666 2669 manu
682 2639 806 2671 stellas
823 2646 962 2681 septem
973 2639 992 2652 '¹
1009 2638 1118 2683 ([cap.
1133 2638 1174 2682 i.]
1193 2651 1285 2673 vers.
1305 2649 1355 2680 13,
1373 2642 1446 2682 16):

301 2726 461 2766 eadem
482 2726 593 2767 haec
621 2728 970 2779 praemittuntur
991 2729 1171 2782 scriptis
1197 2729 1255 2769 ad
1282 2729 1515 2783 Angelum
1542 2731 1800 2785 Ephesinae

302 2788 549 2837 Ecclesiae,
573 2789 641 2830 his
663 2790 824 2839 verbis,
850 2790 1017 2832 “Haec
1041 2792 1150 2832 dicit
1171 2792 1343 2833 habens
1365 2800 1542 2847 septem
1565 2795 1723 2836 stellas
1754 2797 1798 2836 in

301 2853 465 2893 dextra
497 2866 576 2893 sua
606 2866 755 2902 manu,
783 2854 1019 2895 ambulans
1050 2855 1095 2895 in
1126 2856 1276 2896 medio
1309 2857 1685 2901 candelabrorum
1718 2873 1797 2899 au-

302 2915 508 2956 reorum”
542 2915 675 2970 (vers.
713 2927 746 2965 1,
780 2916 907 2970 hujus
951 2918 1147 2973 capitis).
1210 2919 1262 2959 In
1304 2921 1609 2973 praecedente
1645 2923 1794 2976 capite

302 2979 567 3020 describitur
595 2979 950 3021 Filius'hominis
976 2982 1053 3031 ita,
