2060 3476
656 333 762 366 CAP.
785 332 866 374 nr„
887 332 1028 366 VERs.
1051 332 1199 378 7.-Ν,
1223 324 1317 365 282.
1646 334 1726 379 471

243 448 359 490 sicut
385 447 622 489 columbae
646 446 704 488 ad
730 445 989 494 fenestras,”
1011 444 1289 499 significatur
1315 445 1542 499 inquisitio
1560 451 1606 486 et
1633 459 1732 499 per-

214 508 489 564 'vestigatio
519 511 612 551 veri
648 524 707 551 ex
743 523 877 550 sensu
914 508 1094 550 litterae
1124 508 1293 559 Verbi;
1342 509 1447 549 inde
1484 509 1621 549 etiam
1657 522 1736 562 per

245 573 466 615 “volare'’
503 573 779 627 significatur
819 570 1186 625 circumspectim
1229 585 1308 625 per
1346 571 1580 612 “nubem''
1617 573 1735 612 enirn

244 638 521 691 significatur
552 650 708 678 sensus
739 636 918 677 litterae
944 635 1100 684 Verbi,
1128 648 1206 688 per
1234 634 1504 676 “columbas
1515 635 1534 650 ''
1560 634 1736 676 affeffio

243 702 336 743 veri
372 701 628 755 spiritualis,
661 707 707 741 et
744 713 822 753 per
860 698 1149 740 “fenestras’'
1180 712 1334 739 verum
1366 699 1410 738 in
1448 698 1572 739 luce:
1616 699 1735 752 quod

244 765 349 806 talis
374 777 531 805 sensus
562 763 648 804 illis
674 763 820 804 verbis
851 763 970 811 insit,
999 768 1209 802 constare
1241 768 1394 814 potest
1427 775 1486 802 ex
1513 762 1736 815 significa-

245 829 369 869 tione
403 831 653 882 “pecorum
691 825 927 874 Arabiae‚'’
966 826 1192 866 “arietum
1230 824 1498 877 Nebajoth,”
1533 825 1737 873 “nubis‚''

246 891 592 933 “columbarum
604 889 623 905 ”
649 896 695 931 et
723 887 1092 930 “fenestrarum.”
1151 887 1290 941 Apud
1317 888 1555 936 Davidem,

318 980 471 1012 “Timor
487 986 522 1012 et
538 986 672 1011 tremor
688 979 787 1010 venit
802 988 909 1019 super
926 988 983 1009 me
996 987 1020 1016 ;.
1035 1002 1042 1010 .
1056 1002 1063 1010 .
1079 977 1188 1010 ‚unde
1212 977 1296 1014 dixi,
1318 977 1406 1018 Quis
1423 977 1522 1009 dabit
1540 978 1627 1008 mihi
1644 977 1738 1008 alam

420 1024 509 1056 sicut
522 1023 730 1055 columbae?
775 1022 941 1053 Avolabo
954 1022 1013 1053 ubi
1027 1021 1182 1052 habitem
1196 1030 1203 1058 ;
1221 1031 1302 1052 ecce
1316 1021 1495 1061 elongabo
1510 1021 1645 1061 vagari,
1662 1031 1740 1062 per-

419 1066 574 1099 nodtabo
592 1067 628 1098 in
645 1067 787 1098 deserto
798 1065 815 1077 '¹
834 1065 981 1106 (psalm.
997 1066 1044 1098 lv,
1061 1065 1124 1096 6-8
1145 1063 1205 1107 [Β.
1222 1066 1267 1097 Α.
1286 1063 1380 1106 5-7])
1394 1074 1401 1103 ;

246 1156 394 1209 agitur
410 1155 469 1196 ibi
491 1154 548 1195 de
570 1154 826 1195 tentatione
844 1159 890 1193 et
913 1153 969 1193 de
991 1153 1202 1206 angustia
1224 1158 1331 1194 tunc
1350 1167 1359 1203 ;
1389 1153 1562 1193 “timor
1579 1159 1624 1193 et
1649 1159 1738 1193 tre-

247 1218 373 1259 mor''
400 1216 657 1271 significant
689 1215 812 1256 illam
845 1216 1129 1269 angustiam:
1168 1216 1395 1270 inquisitio
1421 1217 1514 1256 veri
1545 1222 1668 1265 tunc,
1694 1223 1741 1257 et

247 1278 587 1334 circumspetffio
618 1293 707 1333 quo
739 1293 787 1320 se
819 1285 983 1328 vertat,
1018 1278 1296 1332 significatur
1328 1293 1407 1332 per
1431 1278 1582 1332 “Quis
1615 1279 1740 1320 dabit

247 1345 354 1386 mihi
385 1345 506 1401 alam
530 1345 644 1385 sicut
671 1342 938 1384 columbae?
999 1342 1212 1383 Avolabo
1244 1343 1316 1383 ubi
1348 1343 1549 1384 habitem
1567 1343 1600 1394 ;”
1634 1342 1743 1384 “ala

248 1407 515 1450 columbae’'
546 1414 616 1449 est
648 1405 824 1447 affe&io
854 1406 947 1447 veri
979 1406 1234 1459 spiritualis,
1265 1406 1486 1447 “avolare
1518 1407 1590 1447 ubi
1615 1406 1742 1447 habi-

248 1471 374 1513 tem’'
399 1478 469 1513 est
501 1485 580 1525 per
605 1470 729 1511 illam
761 1471 932 1523 eripere
958 1470 1099 1510 vitam
1130 1483 1156 1510 a
1188 1470 1509 1520 damnatione;
1543 1469 1743 1510 nondum

248 1549 351 1590 spes
389 1535 681 1583 liberationis,
715 1533 991 1587 significatur
1022 1546 1101 1586 per
1135 1536 1279 1574 “ecce
1316 1532 1543 1586 elongabo
1574 1533 1742 1586 vagari,

248 1597 526 1654 pernofitabo
551 1598 595 1639 in
622 1596 842 1638 deserto.’'
902 1596 1039 1651 Apud
1065 1596 1327 1645 Hoscheam,

318 1689 534 1731 “Ephraim,
562 1688 652 1720 sicut
675 1688 754 1719 avis
778 1687 935 1719 avolabit
958 1687 1073 1728 gloria
1097 1696 1219 1718 eorum
1225 1711 1317 1724 .....
1326 1687 1437 1718 immo
1461 1687 1490 1718 si
1516 1686 1746 1718 educaverint

423 1733 526 1771 filios,
547 1739 621 1764 tum
639 1733 746 1763 orbos
763 1732 892 1762 faciam
909 1741 972 1763 eos
989 1732 1034 1762 ab
1051 1730 1224 1762 homine”
1243 1730 1301 1770 (ix.
1320 1739 1370 1768 11,
1388 1732 1460 1770 12);

249 1825 328 1865 per
360 1810 618 1864 “Ephraim
633 1808 653 1824 ‘’
689 1807 966 1862 significatur
1007 1805 1266 1848 intelle&us
1303 1806 1550 1847 illustratus
1591 1819 1745 1847 eorum

218 1895 222 1898 ·
249 1875 323 1929 qui
353 1874 411 1915 ab
441 1872 659 1923 ecclesia;
702 1886 780 1926 per
813 1871 1042 1925 “gloriam
1057 1870 1076 1885 ’'
1102 1869 1380 1923 significatur
1411 1870 1623 1910 Divinum
1650 1869 1744 1909 Ve—

248 1950 376 1988 rum;
409 1950 487 1991 per
515 1935 734 1977 “avolare
759 1936 875 1976 sicut
907 1933 1040 1983 avis,‘’
1066 1933 1344 1987 significatur
1370 1933 1621 1986 deprivatio
1653 1931 1746 1985 ejus

252 1999 552 2055 (comparatio
587 1998 637 2040 fit
673 2012 775 2040 cum
805 2012 903 2047 ave,
936 1998 1038 2052 quia
1071 1997 1233 2038 “avis'’
1264 1996 1490 2050 significat
1526 1994 1746 2036 rationale

249 2071 297 2106 et
322 2061 630 2105 intellthuale
653 2062 797 2103 simile
819 2074 921 2102 cum
949 2060 1205 2114 “Ephraim
1218 2060 1257 2114 '')
1278 2075 1287 2111 ;
1320 2074 1398 2114 per
1426 2060 1501 2100 “si
1523 2059 1745 2100 educave-

249 2127 339 2168 rint
365 2126 493 2176 filios,
516 2133 612 2167 turn
635 2126 770 2167 orbos
795 2125 954 2166 faciam
981 2138 1060 2165 eos
1085 2125 1142 2165 ab
1168 2123 1389 2173 homine‚‘'
1412 2122 1689 2176 significatur
1711 2123 1747 2162 si

251 2204 389 2244 usque
420 2189 690 2243 protulerint
717 2202 824 2229 vera
849 2188 970 2242 quod
1002 2201 1141 2241 usque
1167 2201 1246 2241 per
1271 2187 1348 2227 illa
1379 2186 1487 2227 nihil
1519 2178 1744 2239 saperent,

212 2245 218 2250 ’
252 2252 395 2294 “filii'‘
421 2253 540 2294 enim
572 2259 676 2294 sunt
702 2266 822 2301 vera,
852 2252 1026 2293 “orbos
1058 2251 1202 2292 facere
1234 2252 1292 2292 ab
1322 2250 1533 2292 homine’'
1565 2256 1635 2291 est
1667 2248 1746 2290 de-

251 2317 425 2372 privare
450 2331 476 2358 a
501 2317 736 2371 sapientia.
795 2316 935 2370 Apud
962 2315 1138 2364 Mosen,

320 2406 437 2440 “Non
462 2406 601 2438 facietis
625 2406 743 2438 vobis.
758 2431 765 2438 .
779 2431 787 2438 .
801 2406 971 2438 ,formam
995 2405 1102 2437 ullius
1126 2405 1292 2436 animalis
1318 2405 1353 2435 in
1379 2410 1484 2442 terra,
1505 2414 1571 2436 nec
1594 2403 1747 2435 formam

425 2451 531 2482 ullius
548 2451 624 2482 avis
641 2451 757 2482 alatae
774 2460 864 2491 quae
882 2450 980 2481 volat
997 2458 1118 2481 versus
1139 2449 1277 2480 caelum
1289 2447 1307 2459 '¹
1325 2448 1463 2488 (Deutr.
1480 2448 1527 2480 iv.
1545 2446 1634 2490 [16,]
1653 2448 1725 2487 17);

251 2553 330 2594 per
354 2539 466 2580 haec
498 2539 542 2579 in
568 2551 702 2579 sensu
732 2538 912 2579 interno
937 2536 1215 2590 significatur
1238 2537 1358 2590 quod
1391 2550 1481 2577 non
1508 2537 1591 2578 sibi
1622 2549 1747 2578 corn·

250 2602 451 2657 paranda
492 2602 549 2643 sit
590 2602 811 2655 sapientia
851 2607 897 2642 et
939 2600 1245 2653 intelligentia
1285 2614 1344 2640 ex
1387 2606 1533 2641 semet
1569 2614 1647 2641 seu
1688 2614 1748 2640 ex

251 2666 458 2721 proprio;
490 2679 569 2719 per
593 2663 871 2705 “animalia'’
897 2664 1017 2705 enim
1044 2677 1158 2717 quae
1185 2664 1451 2716 gradiuntur
1476 2677 1608 2717 super
1629 2669 1750 2704 terra

250 2728 559 2783 significantur
595 2725 855 2768 affthiones
890 2727 997 2768 boni
1033 2740 1092 2767 ex
1130 2727 1288 2780 quibus
1319 2727 1554 2780 sapientia,
1588 2733 1634 2767 et
1672 2740 1750 2779 per

253 2791 427 2834 “aves''
444 2790 755 2846 significantur
772 2788 1032 2831 affeetiones
1054 2790 1145 2830 veri
1163 2804 1221 2830 ex
1241 2790 1398 2843 quibus
1417 2789 1720 2843 intelligentia
1739 2804 1747 2839 ;

250 2870 330 2911 per
361 2855 481 2910 quod
516 2858 645 2895 “non
676 2854 876 2895 facerent
909 2853 991 2894 sibi
1022 2853 1243 2894 sormam'’
1274 2867 1442 2902 eorum,
1472 2852 1748 2906 significatur

251 2919 371 2974 quod
402 2918 507 2959 illae
539 2931 629 2959 non
656 2917 989 2971 comparandae
1015 2917 1104 2958 sint
1136 2931 1195 2957 ex
1227 2917 1410 2958 homine
1442 2931 1519 2957 seu
1551 2930 1610 2956 ex
1643 2929 1746 2969 pro-

251 2983 347 3037 prio
379 2981 496 3036 ejus;
537 2981 668 3022 “avis
700 2980 822 3022 alata
853 2994 967 3034 quae
998 2979 1123 3021 volat
1150 2994 1304 3021 versus
1336 2979 1542 3021 caelum”
1569 2979 1744 3027 dicitur,
