2060 3476
785 425 893 459 cAP.
916 425 962 467 1.,
986 425 1125 459 VERs.
1155 426 1295 459 1.-—N.
1316 429 1356 470 9.
1767 430 1783 459 1
1797 430 1811 459 1

319 540 550 594 johannes
567 539 652 581 hoc
671 539 839 580 bonum
857 540 1231 593 repraesentavit,
1250 540 1353 581 ideo
1375 539 1593 581 revelatio
1615 540 1676 581 illi
1699 539 1816 582 facta

319 611 416 655 est;
450 617 554 644 nam
576 603 794 644 revelatio
816 617 840 644 e
863 602 1005 651 caelo,
1029 617 1142 657 quae
1168 603 1287 651 talis,
1312 617 1402 644 non
1425 603 1517 645 fieri
1543 609 1695 657 potest
1718 603 1815 644 aliis

319 680 452 720 quam
475 667 547 720 qui
573 667 617 706 in
642 666 764 707 bono
785 666 1020 707 charitatis
1045 680 1124 707 seu
1149 667 1314 707 amoris
1340 657 1457 707 sisnt.
1519 666 1612 706 Alii
1634 667 1814 720 quidem

319 736 507 783 possunt
534 730 686 770 audire
712 729 789 770 illa
815 743 928 783 quae
955 743 979 770 e
1002 729 1143 776 caelo,
1167 730 1246 770 sed
1273 743 1363 770 non
1387 730 1641 782 percipere;
1669 729 1814 771 solum

317 792 403 833 illis
425 799 494 834 est
517 793 748 846 perceptio
769 792 1010 846 spiritualis
1031 793 1105 846 qui
1131 793 1175 833 in
1197 793 1318 833 bono
1336 793 1499 833 amoris
1522 799 1628 834 sunt
1646 806 1655 833 :
1681 806 1814 834 causa

317 863 401 905 est,
429 857 531 910 quia
556 856 776 909 recipiunt
807 855 884 896 illa
911 869 1001 897 non
1028 857 1166 897 modo
1191 856 1346 896 auditu
1372 856 1451 896 sed
1479 856 1616 896 etiam
1643 869 1812 903 amore,

317 926 364 960 et
401 921 599 972 recipere
631 932 784 960 amore
815 925 885 960 est
922 920 1121 972 recipere
1153 918 1300 972 plene,
1333 920 1545 972 quoniam
1577 926 1811 961 amantur:

316 989 362 1023 et
399 983 471 1036 qui
506 984 569 1024 ita
599 983 833 1035 recipiunt,
866 982 1023 1023 vident
1055 982 1133 1023 illa
1163 983 1207 1023 in
1239 996 1320 1023 suo
1351 981 1614 1031 intellectu3
1651 983 1711 1023 ibi
1743 990 1813 1024 est

316 1047 516 1087 sensatio
541 1046 660 1086 visus
692 1046 855 1086 interni
887 1058 1053 1087 eorum.
1116 1044 1250 1098 Quod
1281 1046 1345 1086 ita
1375 1046 1448 1094 sit,
1475 1059 1534 1086 ex
1562 1045 1705 1086 multa
1730 1059 1813 1086 ex-

316 1110 535 1163 perientia
558 1109 665 1149 mihi
687 1115 908 1149 testatum
930 1107 1096 1149 factum
1119 1115 1203 1158 est,
1227 1116 1273 1150 et
1296 1122 1472 1162 quoque
1494 1115 1647 1162 potest
1670 1108 1814 1150 multa

315 1173 490 1214 ratione
523 1172 762 1222 illustrari;
805 1172 884 1213 sed
919 1186 974 1213 eo
1008 1186 1147 1226 usque
1180 1172 1380 1213 nondum
1415 1172 1520 1213 licet
1552 1173 1812 1225 exspatiari.

317 1235 403 1277 Hic
431 1236 568 1276 modo
595 1236 935 1276 memorandum
962 1242 1047 1285 est,
1075 1236 1195 1289 quod
1226 1236 1378 1276 omnia
1403 1236 1598 1283 nomina,
1622 1249 1737 1289 quae
1768 1237 1811 1276 in

315 1299 485 1347 Verbo,
510 1313 599 1340 non
623 1298 878 1352 significent
905 1313 1133 1353 personaS,
1158 1300 1236 1340 sed
1258 1313 1356 1350 res;
1389 1305 1438 1340 ut
1460 1299 1580 1353 quod
1605 1299 1812 1352 “Johan-

316 1376 396 1407 nes
409 1363 428 1377 ’'
450 1362 674 1416 significet
701 1362 803 1403 illos
829 1363 903 1416 qui
926 1363 976 1403 ‘in
1010 1363 1132 1403 bono
1157 1363 1322 1403 amoris
1347 1369 1467 1410 sunt,
1494 1363 1559 1403 ita
1583 1361 1812 1404 abstracte

315 1426 481 1467 bonum
515 1426 690 1466 amoris.
751 1436 865 1474 (Quod
887 1436 996 1465 omnia
1017 1436 1150 1465 nomina
1170 1435 1204 1464 in
1219 1436 1329 1465 Verbo
1351 1435 1530 1473 significent
1545 1444 1604 1470 res,
1620 1436 1767 1464 videatur
1781 1437 1812 1464 in

313 1487 453 1516 Arcanis
471 1487 665 1521 Caelestibus,
681 1495 713 1516 n.
731 1486 800 1524 768,
818 1486 907 1520 1888,
922 1493 1011 1522 4310,
1027 1494 1118 1522 4442,
1137 1493 1244 1522 10329.
1288 1485 1387 1521 Quod
1408 1485 1542 1513 nomina
1556 1493 1766 1522 personarum
1782 1489 1814 1513 et

313 1534 459 1564 locorum
474 1534 507 1563 in
522 1535 632 1563 Verbo
647 1543 713 1563 non
728 1533 846 1562 intrare
861 1533 984 1570 possint
998 1533 1135 1567 caelum,
1152 1533 1209 1562 sed
1230 1533 1320 1569 quod
1334 1528 1506 1561 vertantur'
1514 1533 1546 1561 in
1560 1541 1609 1561 res
1624 1540 1704 1569 quas
1718 1532 1813 1570 signi-

313 1581 420 1616 ficant,
444 1591 475 1612 n.
501 1582 588 1618 1876,
609 1588 698 1618 5225,
718 1580 932 1618 6516,10216,
954 1582 1062 1614 10282,
1085 1588 1193 1617 10432.
1248 1575 1355 1616 Quam
1379 1579 1509 1617 elegans
1533 1588 1645 1609 sensus
1669 1580 1814 1610 internus

312 1629 422 1664 Verbi,
437 1630 562 1661 tametsi
585 1638 674 1658 mera
694 1628 837 1663 nomina,
853 1628 1045 1656 illustratum
1067 1627 1109 1656 ab
1133 1627 1296 1664 exemplis,
1319 1636 1351 1656 n.
1369 1635 1458 1664 1224,
1477 1627 1564 1664 1264,
1583 1629 1670 1658 1888.
1713 1628 1812 1665 Quod

313 1676 486 1706 duodecim
502 1676 648 1714 discipuli
665 1676 798 1705 Domini
820 1675 1127 1713 repraesentaverint
1142 1679 1174 1703 et
1195 1675 1270 1703 inde
1291 1674 1540 1712 significaverint
1554 1675 1663 1704 omnia
1685 1675 1759 1704 fidei
1781 1681 1813 1705 et

312 1723 430 1752 amoris
444 1723 477 1752 in
493 1724 675 1761 complexu,
690 1722 834 1751 similiter
847 1731 885 1751 ac
901 1722 1074 1751 duodecim
1090 1721 1190 1750 tribus
1207 1722 1342 1756 Israelis,
1357 1730 1389 1751 n.
1407 1730 1495 1758 2129,
1512 1729 1602 1759 3354,
1615 1724 1704 1759 3488,
1721 1725 1810 1761 3858,

312 1769 402 1806 6397.
445 1770 544 1807 Quod
560 1773 577 1784 ¹·
590 1769 731 1804 Petrus.''
749 1769 950 1808 ‘'Jacobus‚''
967 1774 999 1798 et
1014 1772 1031 1782 ¹·
1042 1767 1237 1806 johannes''
1258 1770 1563 1806 repraesentaverint
1577 1773 1609 1798 et
1626 1769 1702 1799 inde
1715 1771 1812 1808 signi-

313 1816 476 1846 ficaverint
497 1817 604 1851 fidem,
621 1817 817 1851 charitatem,
833 1821 865 1845 et
881 1817 1005 1845 bonum
1021 1816 1182 1845 charitatis
1203 1815 1235 1844 in
1258 1824 1317 1845 suo
1338 1816 1461 1850 ordine.
1477 1817 1608 1854 praefat.
1623 1817 1666 1846 ad
1681 1818 1764 1848 xviii.
1780 1823 1811 1848 et

315 1864 390 1894 xxii.
407 1865 524 1898 Genes„
539 1869 571 1893 et
585 1873 617 1894 n.
633 1873 723 1902 3934,
738 1863 860 1900 [¹18581,
880 1862 1003 1900 10087.)

397 1927 456 1969 9.
495 1914 690 1968 Quando
715 1915 811 1968 quis
838 1915 922 1954 scit
949 1914 1068 1967 quod
1091 1914 1243 1954 omnia
1268 1914 1452 1954 nomina
1473 1914 1516 1954 in
1540 1913 1695 1955 Verbo
1717 1916 1808 1968 sig-

313 1977 495 2019 nificent
522 1992 606 2027 reS‚
630 1985 675 2019 et
702 1978 822 2031 quod
845 1978 1027 2018 nomina
1053 1977 1292 2018 duodecim
1318 1976 1507 2018 filiorum
1532 1977 1703 2030 Jacobi,
1731 1986 1808 2020 aut

312 2042 548 2082 duodecim
572 2042 781 2089 tribuum,
801 2040 1055 2094 significent
1078 2041 1229 2081 omnia
1245 2054 1351 2081 vera
1373 2047 1419 2081 et
1446 2041 1565 2081 bona
1590 2041 1808 2083 ecclesiae

312 2106 357 2146 in
389 2104 645 2158 complexu,
679 2111 725 2145 et
762 2104 968 2145 similiter
999 2104 1183 2145 nomina
1219 2104 1456 2145 duodecim
1489 2104 1806 2158 discipulorum

313 2168 508 2217 Domini,
529 2174 575 2209 et
597 2168 716 2222 quod
741 2172 766 2188 “
780 2167 975 2216 Petrus‚''
995 2167 1259 2220 “Jacobus”
1281 2174 1327 2208 et
1352 2167 1647 2220 “Johannes'’
1669 2169 1807 2221 signi-

286 2226 448 2273 'ficent
489 2231 638 2280 fidem,
676 2231 960 2278 charitatem,
998 2238 1044 2273 et
1085 2231 1253 2271 bonum
1294 2231 1541 2279 charitatis,
1579 2231 1615 2271 is
1655 2232 1807 2282 videre

311 2301 466 2349 potest
492 2295 618 2348 plura
643 2308 807 2336 arcana
831 2296 874 2335 in
902 2294 1084 2345 Verbo;
1117 2294 1512 2348 quemadmodum,
1540 2307 1618 2335 cur

378 2389 555 2422 Dominus
572 2390 742 2430 imposuit
759 2390 895 2422 Simoni
920 2400 1051 2422 nomen
1073 2391 1095 2404 ⁸⁴
1109 2389 1271 2428 Petrus,”
1289 2399 1330 2421 ac
1354 2389 1490 2432 Jacobo
1514 2395 1550 2422 et
1565 2389 1724 2432 Johanni
1742 2401 1806 2422 no-

486 2434 584 2465 mina
610 2434 888 2474 “Boanerges,''
913 2444 1003 2475 quae
1027 2433 1230 2475 significant
1257 2434 1382 2465 “filios
1407 2434 1584 2466 tonitrui''
1607 2434 1733 2475 (Marc.
1754 2435 1803 2467 iii.

488 2475 668 2519 [16‚]17):

313 2559 540 2600 “Petrus”
571 2560 690 2600 enim
727 2560 842 2601 sicut
873 2559 1074 2614 -“petra''
1106 2559 1330 2613 significat
1373 2559 1617 2600 Dominum
1656 2562 1803 2614 quoad

311 2635 464 2663 verum
491 2636 550 2663 ex
575 2623 710 2671 bono,
739 2636 817 2663 seu
842 2622 978 2663 fidem
1004 2636 1062 2663 ex
1090 2622 1339 2673 charitate;
1372 2628 1419 2663 et
1447 2621 1560 2662 “filii
1586 2624 1771 2664 tonitrui
1785 2624 1803 2638 ’'

310 2683 566 2737 significant
588 2685 688 2726 illos
710 2686 784 2739 qui
806 2699 864 2726 ex
887 2683 1123 2726 affec‘tione
1144 2698 1258 2738 quae
1276 2685 1438 2725 amoris
1456 2685 1675 2738 recipiunt
1698 2699 1804 2726 vera

310 2745 436 2787 Caeli.
496 2756 609 2793 (Quod
625 2759 642 2771 ¹¹
652 2756 768 2794 petra''
784 2754 941 2794 significet
956 2756 1133 2785 Dominum
1156 2757 1266 2794 quoad
1283 2765 1393 2785 verum
1409 2765 1449 2785 ex
1469 2756 1559 2785 bono
1573 2765 1630 2786 seu
1651 2756 1748 2786 fidem
1764 2767 1804 2786 ex

310 2806 474 2840 charitate,
489 2805 634 2833 videatur
647 2813 680 2834 n.
696 2806 785 2842 8581,
803 2807 917 2842 10580;
939 2805 1083 2834 similiter
1097 2805 1224 2843 “Lapis
1240 2804 1396 2839 Israelis,''
1410 2814 1442 2835 n.
1455 2805 1551 2842 6426:
1574 2809 1606 2834 et
1620 2805 1710 2842 quod
1725 2808 1743 2819 ⁴⁴
1755 2809 1804 2834 to·

310 2852 441 2882 nitrua''
457 2851 637 2890 significent
659 2851 778 2881 Divina
797 2861 874 2881 vera
894 2861 934 2882 ex
955 2852 1056 2887 caelo,
1071 2861 1103 2882 n.
1118 2859 1208 2890 7573,
1225 2853 1320 2890 8914;
1349 2861 1389 2881 ac
1411 2852 1592 2889 “fulgura''
1615 2852 1803 2890 splendores

310 2900 448 2934 illorum,
475 2908 506 2929 n.
533 2901 633 2936 8813;
669 2899 744 2927 inde
773 2899 869 2928 etiam
898 2899 1039 2929 tonitrua
1067 2899 1155 2928 dicta
1181 2899 1310 2928 fuerunt
1338 2898 1494 2934 '‘voces,”
1520 2908 1552 2928 n.
1578 2906 1668 2936 7573,
1695 2899 1800 2936 8914.)

310 2940 477 2994 Aliqua
512 2952 688 2987 arcana,
727 2953 840 2993 quae
875 2940 1027 2981 videre
1058 2946 1250 2994 possunt
1286 2939 1350 2981 illi
1386 2941 1459 2994 qui
1495 2941 1642 2980 sciunt
1679 2940 1799 2993 quod

312 3002 537 3061 “1³etrus'?
559 3001 782 3055 significet
804 3001 951 3052 fidem,
976 3009 1022 3044 et
1041 3002 1307 3056 “johannes
1318 3002 1338 3018 ’'
1360 3003 1526 3044 bonum
1550 3001 1799 3049 charitatis,

309 3063 444 3105 velim
471 3077 720 3106 memorare
736 3077 805 3105 :—
