2060 3476
678 378 786 412 CAP.
809 378 855 420 1.,
878 378 1017 411 VERS.
1046 370 1217 412 18.—N.
1241 370 1308 411 82.
1687 378 1741 424 95

246 500 294 536 et
325 507 406 549 pro
438 493 516 536 illa
547 493 695 543 timor,
727 492 1101 534 accommodetur
1132 492 1189 533 ad
1220 492 1544 546 receptionem.
1606 491 1747 546 Apud

246 570 406 598 omnes
432 557 478 598 in
503 557 711 597 universo
733 555 914 610 quidem
937 561 1007 596 est
1035 555 1256 595 Dominus
1283 568 1511 608 praesens,
1536 555 1616 595 sed
1642 568 1746 608 pro-

246 620 344 673 pius
381 626 428 661 et
468 619 686 660 remotius
725 618 975 659 secundum
1017 618 1328 671 receptionem
1373 617 1480 658 boni
1525 631 1605 670 per
1641 630 1749 658 vera

247 682 366 735 apud
397 681 499 722 illos
528 681 586 722 ab
612 681 742 734 Ipso:
776 680 946 721 bonum
973 681 1093 721 enim
1124 685 1195 721 est
1226 680 1272 720 in
1297 693 1386 733 quo
1419 679 1643 720 Dominus
1674 685 1747 720 est

247 758 461 797 praesens
483 744 602 798 apud
628 742 857 797 angelum,
882 744 1088 796 spiritum
1111 749 1158 783 et
1184 742 1444 793 hominem;
1477 742 1581 783 inde
1604 755 1747 796 quan-

248 814 345 847 tum
372 814 418 848 et
445 807 578 861 quale
604 807 710 847 boni
736 819 762 847 a
789 806 988 847 Domino
1014 812 1085 846 est
1112 805 1231 859 apud
1263 805 1380 854 illos,
1409 811 1542 846 tanta
1569 811 1615 846 et
1643 804 1770 857 talis·

248 871 506 923 praesentia
543 869 688 923 Ipsius
719 875 817 920 est3
859 869 895 909 si
932 869 1190 922 praesentia
1221 868 1420 916 excedit,
1455 867 1505 909 fit
1537 869 1750 921 angustia

239 928 295 973 'et
322 938 505 981 tremor,
534 932 614 973 sed
643 932 865 973 recreatio
895 945 975 985 per
1000 931 1477 972 accommodationem
1503 931 1561 971 ad
1592 944 1748 984 recep—

249 996 436 1043 tionem,
462 1001 511 1036 ut
533 1009 711 1049 quoque
734 1001 946 1035 constare
972 1000 1127 1048 potest
1150 1008 1209 1034 ex
1235 993 1323 1034 illis
1346 1007 1460 1047 quae
1483 1007 1593 1034 mox
1615 1007 1750 1047 supra

251 1056 314 1110 (n.
351 1057 426 1112 78)
465 1056 587 1098 dicta
626 1063 673 1098 et
711 1064 898 1098 ostensa
934 1063 1067 1107 sunt;
1112 1056 1224 1098 haec
1263 1057 1485 1098 recreatio
1526 1063 1597 1108 est
1634 1070 1750 1111 quae

249 1120 530 1174 significatur
551 1134 631 1174 per
654 1120 764 1161 “Ne
790 1121 900 1161 time
917 1120 952 1160 :'’
984 1121 1122 1161 etiam
1149 1119 1269 1169 alibi,
1294 1120 1367 1160 ubi
1393 1133 1419 1160 a
1446 1119 1646 1160 Domino
1671 1126 1750 1160 aut

249 1182 437 1236 Angelo
464 1183 648 1224 Domini
673 1183 771 1224 viso
796 1181 965 1224 dietum
991 1189 1062 1224 est

318 1273 340 1287 ‘⁸
353 1272 407 1304 Ne
423 1272 508 1304 time
519 1271 538 1284 '’
555 1271 607 1313 (ut
622 1272 718 1304 Dan.
735 1282 812 1313 cap.
828 1282 861 1305 x.
881 1281 932 1311 12,
952 1281 1011 1313 19:
1036 1272 1120 1305 Luc.
1138 1272 1160 1305 i.
1180 1281 1230 1311 12,
1249 1280 1288 1312 13
1303 1282 1310 1312 ;
1339 1282 1416 1313 cap.
1432 1272 1467 1305 ii.
1485 1272 1590 1305 8—10:
1615 1272 1747 1306 Matth.

320 1316 323 1320 '
414 1317 547 1349 xxviii.
566 1324 596 1356 5,
613 1326 644 1358 9,
663 1316 728 1357 10).
1393 1316 1396 1318 ’
1675 1327 1679 1340 ⁸

250 1402 508 1451 Recreatio,
529 1415 644 1456 quae
666 1400 716 1442 fit
740 1414 821 1455 per
841 1401 1318 1442 accommodationem
1341 1401 1398 1442 ad
1421 1401 1748 1455 receptionem,

250 1470 439 1519 apparet
478 1465 523 1505 in
561 1464 731 1504 mundo
768 1464 1002 1518 spirituali,
1043 1478 1146 1505 cum
1184 1465 1358 1505 sistitur
1394 1464 1595 1513 visibilis,
1635 1464 1751 1505 sicut

250 1528 418 1579 nubes;
463 1527 545 1568 tali
583 1526 855 1568 obvelantur
885 1527 944 1567 ibi
982 1541 1140 1568 omnes
1175 1528 1436 1577 societates,
1471 1527 1667 1568 densiori
1704 1533 1751 1568 et

250 1590 443 1631 tenuiori
465 1589 714 1631 secundum
736 1590 1063 1644 receptionem,
1112 1599 1224 1639 (Quod
1239 1600 1334 1629 etiam
1347 1600 1452 1638 angeli
1466 1600 1654 1629 obvelentur
1666 1599 1752 1629 tenui

249 1653 517 1690 correspondente
537 1653 633 1696 nube,
648 1661 689 1681 ne
709 1652 877 1682 laedantur
897 1653 938 1681 ab
960 1653 1085 1682 influxu
1105 1653 1245 1691 propiori
1269 1653 1376 1682 Divini
1400 1653 1541 1687 Domini,
1555 1653 1701 1682 videatur
1720 1662 1752 1683 n.

249 1701 338 1737 6849.
382 1700 470 1737 Quid
484 1703 500 1714 ¹¹
511 1700 612 1729 nubes
623 1700 639 1709 ''
655 1700 687 1728 in
700 1700 851 1738 spirituali
865 1701 998 1734 mundo,
1013 1705 1044 1729 et
1066 1701 1140 1729 inde
1161 1701 1193 1729 in
1206 1701 1358 1739 spirituali
1371 1710 1475 1735 sensu,
1490 1701 1635 1730 videatur
1647 1709 1752 1739 supra,

251 1762 283 1784 n.
301 1741 383 1794 36.)
1598 1783 1606 1786 ,

330 1806 420 1848 81.
459 1805 579 1859 “qu
606 1818 695 1846 sum
724 1805 882 1846 Primus
911 1810 956 1846 et
984 1805 1393 1859 Ultimus.”—Quod
1424 1805 1649 1858 significet
1674 1805 1755 1859 qui

249 1867 395 1908 omnia
416 1867 534 1920 regit
552 1880 608 1907 ex
621 1866 789 1919 primis
805 1873 892 1919 per
914 1866 1085 1915 ultima,
1104 1873 1147 1907 et
1166 1867 1230 1907 sic
1249 1867 1396 1908 omnia
1417 1866 1537 1916 caeli,
1562 1873 1750 1908 constat

250 1945 308 1970 ex
335 1930 423 1970 illis
449 1943 564 1983 quae
587 1943 721 1983 supra
751 1928 812 1983 (n.
837 1928 913 1983 41)
942 1929 1177 1983 explicata
1202 1936 1322 1970 sunt.

324 1994 453 2036 ³³82.
488 2001 602 2044 [Vers.
625 2000 694 2044 18.]
730 1994 810 2034 “Et
827 1994 898 2047 qui
915 1993 1288 2046 vivens.'¹—Quod
1311 1994 1368 2035 sit
1385 1994 1467 2047 qui
1480 1993 1536 2034 ab
1557 2000 1750 2043 aeterno,

251 2062 436 2097 constat
468 2070 528 2097 ex
561 2070 630 2105 eo,
664 2056 784 2109 quod
818 2055 902 2096 Ille
934 2054 1067 2095 solus*
1089 2056 1247 2096 vivens
1279 2056 1336 2095 sit
1367 2056 1442 2108 qui
1462 2055 1531 2096 'ab
1562 2061 1752 2096 aeterno

251 2125 335 2167 est,
360 2125 406 2160 et
429 2118 550 2172 quod
571 2118 742 2172 reliqui,
762 2119 836 2172 qui
858 2131 949 2158 non
972 2118 1030 2158 ab
1047 2124 1250 2166 aeterno,
1271 2118 1328 2158 ab
1351 2118 1458 2171 Ipso
1480 2119 1622 2159 creati
1644 2118 1749 2166 sint,

251 2188 297 2222 et
329 2183 390 2222 sic
423 2180 528 2223 facti
559 2183 830 2235 recipientes
862 2182 984 2222 vitae
1016 2181 1074 2221 ab
1106 2181 1238 2234 Ipso;
1271 2195 1408 2234 quare
1440 2180 1562 2221 solus
1588 2181 1663 2234 qui
1694 2181 1753 2221 ab

250 2251 438 2285 aeterno
460 2244 600 2285 habet
618 2245 759 2285 vitam
782 2244 826 2284 in
850 2243 922 2292 Se,
942 2250 988 2284 et
1012 2243 1159 2284 nullus
1183 2250 1364 2296 praeter
1387 2243 1553 2296 Ipsum.
1616 2242 1751 2296 Quod

251 2306 474 2347 Dominus
503 2313 599 2348 tam
626 2307 775 2360 quoad
808 2307 1023 2347 Divinum
1050 2319 1184 2360 quam
1211 2306 1361 2360 quoad
1395 2305 1658 2346 Humanum
1684 2306 1751 2345 vi-

251 2376 347 2410 tam
374 2369 542 2410 habeat
569 2370 614 2410 in
641 2369 713 2419 Se,
742 2375 927 2410 constat
955 2369 1075 2422 apud
1100 2368 1388 2416 Jolzannem:

320 2460 343 2472 ‘⁸
356 2457 397 2490 In
422 2458 595 2499 principio
619 2464 695 2490 erat
711 2458 880 2497 Verbum,
901 2464 937 2490 et
952 2458 1110 2490 Verbum
1136 2464 1212 2489 erat
1229 2458 1324 2498 apud
1350 2457 1478 2495 Deum,
1499 2463 1534 2489 et
1560 2457 1658 2489 Deus
1675 2462 1753 2489 erat

426 2502 583 2534 Verbum
597 2512 621 2540 ;.
636 2527 643 2534 .
657 2528 664 2534 .
679 2503 731 2535 ,in
758 2502 844 2543 Ipso
867 2503 942 2534 vita
965 2509 1051 2540 erat,
1079 2508 1115 2533 et
1139 2503 1212 2533 vita
1235 2508 1311 2533 erat
1335 2502 1394 2533 lux
1418 2502 1605 2533 hominum
1619 2513 1643 2534 ε.
1658 2526 1666 2534 ,
1680 2526 1687 2533 .
1702 2508 1754 2533 ‚et

425 2546 582 2578 Verbum
598 2546 691 2578 Caro
707 2545 842 2578 factum
860 2554 925 2583 est,
945 2553 980 2577 et
997 2546 1170 2577 habitavit
1187 2546 1223 2577 in
1242 2546 1346 2577 nobis
1358 2545 1376 2557 '’
1394 2545 1429 2586 (i.
1447 2543 1512 2584 1²11,
1530 2554 1561 2585 4,
1582 2545 1655 2586 14):
1695 2590 1715 2617 ι

251 2634 372 2688 quod
410 2634 632 2674 Dominus
664 2635 722 2675 sit
755 2635 828 2689 qui
863 2634 1135 2687 intelligitur
1166 2648 1245 2688 per
1278 2634 1562 2683 “Verbum,''
1593 2639 1750 2688 patet;

251 2710 357 2737 nam
389 2697 564 2746 dicitur,
601 2696 844 2738 “Verbum
877 2697 994 2738 Caro
1030 2695 1199 2738 fastum
1236 2704 1322 2747 est,
1356 2704 1403 2738 et
1441 2697 1668 2738 habitavit
1706 2697 1751 2737 in

252 2759 420 2800 nobis.”
481 2758 620 2813 Apud
647 2760 857 2809 eundem,

321 2849 665 2892 “Quemadmodum
693 2849 798 2881 Pater
820 2850 928 2882 habet
950 2850 1062 2882 vitam
1087 2850 1123 2882 in
1149 2850 1193 2882 Se
1219 2850 1316 2891 Ipso,
1336 2850 1386 2882 ita
1405 2850 1502 2882 dedit
1527 2849 1616 2881 Filio
1641 2849 1751 2881 vitam

426 2894 557 2925 habere
574 2893 610 2925 in
629 2893 673 2925 Se
692 2893 777 2934 Ipso
789 2893 808 2906 ’⁷
824 2893 872 2935 (v,
889 2893 944 2935 26)
958 2903 966 2934 ;

216 2997 218 2999 —
252 2970 370 3025 apud
396 2971 607 3020 eundem,

493 3043 630 3086 '‘Jesus
647 3044 747 3083 dixit,
768 3043 845 3085 Ego
861 3054 941 3076 sum
959 3042 1172 3077 resurrectio
1189 3050 1224 3076 et
1240 3043 1344 3076 vita”
1361 3043 1420 3085 (xi.
1439 3041 1494 3085 25)
1508 3051 1516 3083 ;
