2060 3476
289 384 371 427 304
701 382 1034 416 APOCALvPffls
1066 383 1368 416 EXPLICATA.

286 501 332 538 et
363 496 467 550 quia
497 495 560 537 illi
592 495 666 550 qui
702 495 746 537 in
782 495 870 537 fide
902 495 1140 538 charitatis
1171 501 1290 546 sunt,
1323 497 1368 537 in
1401 496 1567 538 Divino
1596 495 1722 538 Vero
1753 509 1778 538 a

287 558 484 600 Domino
511 565 630 608 sunt,
655 573 706 600 ac
735 559 901 600 Divino
923 559 1048 600 Vero
1073 574 1099 600 a
1126 559 1324 601 Domino
1346 565 1416 600 est
1444 560 1589 600 omnis
1615 565 1780 613 poten-

286 622 350 662 tia
385 620 453 675 (ut
491 623 535 662 in
572 622 773 663 articulis
814 623 887 676 qui
929 636 1039 663 mox
1081 623 1361 676 praecedunt
1398 628 1634 663 ostensum
1671 620 1778 675 est).

288 683 442 725 Simile
465 685 585 738 quod
608 684 678 726 hic
706 699 785 739 per
809 685 1024 727 “clavem
1048 685 1275 733 Davidis,’'
1298 685 1437 726 etiam
1464 698 1543 738 per
1567 684 1780 726 “clavem

288 747 407 788 Petri
418 747 438 763 ''
464 747 757 801 significatur,
786 748 842 790 de
868 762 956 803 qua
982 749 1046 790 ita
1071 748 1191 802 apud
1215 747 1511 797 Matthaeum,

358 844 381 857 ⁴⁸
394 842 470 884 Ego
488 843 550 875 tibi
567 843 658 882 dico,
679 843 735 876 Tu
751 854 790 876 es
810 844 948 882 Petrus,
968 850 1004 876 et
1027 853 1135 884 super
1157 844 1223 876 hac
1247 850 1349 884 petra
1372 843 1566 875 aedificabo
1585 852 1701 875 meam
1727 852 1782 874 ec-

462 887 620 925 elesiam,
647 894 683 919 et
706 894 830 928 portae
854 887 985 919 inferni
1010 897 1083 918 non
1109 888 1367 928 praevalebunt
1391 896 1498 927 super
1514 887 1633 925 illam;
1657 892 1693 918 et
1717 886 1781 918 tibi

461 931 554 963 dabo
568 931 686 963 claves
704 932 804 971 regni
818 931 1010 969 caelorum,
1027 937 1062 962 et
1079 931 1243 972 quicquid
1260 931 1429 971 ligaveris
1448 930 1483 961 in
1501 936 1597 962 terra
1612 931 1678 962 erit
1696 930 1782 970 liga-

461 981 536 1006 tum
554 975 590 1006 in
608 975 725 1013 caelis,
746 981 781 1007 et
804 975 968 1016 quicquid
992 975 1142 1007 solveris
1160 975 1196 1006 in
1214 981 1308 1006 terra
1324 975 1390 1006 erit
1407 974 1563 1006 solutum
1589 974 1624 1005 in
1641 973 1750 1006 caelis
1763 972 1781 985 ”

461 1018 546 1058 (xvi.
566 1016 745 1060 [182l19);

288 1120 366 1160 per
394 1106 646 1148 “Petrum”
671 1106 730 1147 ibi
762 1107 967 1148 similiter
994 1120 1045 1148 ac
1079 1121 1158 1161 per
1185 1106 1447 1148 “Davidem
1459 1106 1478 1122 ”
1504 1105 1782 1159 significatur

288 1171 332 1211 in
351 1183 561 1224 supremo
579 1183 713 1210 sensu
732 1170 945 1211 Divinum
963 1169 1135 1211 Verum
1154 1170 1406 1224 procedens
1424 1184 1449 1211 a
1468 1170 1634 1211 Divino
1652 1169 1781 1211 Bono

290 1234 486 1282 Domini,
515 1246 567 1274 ac
600 1234 643 1274 in
677 1247 811 1274 sensu
843 1234 1023 1274 interno
1054 1247 1189 1275 omne
1215 1247 1370 1274 verum
1401 1247 1427 1274 a
1458 1233 1579 1274 bono
1605 1232 1724 1286 quod
1755 1246 1782 1273 a

289 1297 513 1346 Domino;
547 1295 692 1337 simile
715 1297 854 1338 etiam
877 1295 1156 1350 significatur
1177 1311 1255 1351 per
1275 1296 1520 1350 “petram'’
1543 1297 1587 1337 in
1610 1295 1779 1344 Verbo,

288 1374 402 1414 quae
439 1360 698 1400 nominatur
729 1373 830 1400 cum
868 1360 1003 1401 Petro
1040 1366 1086 1401 et
1123 1374 1149 1401 a
1180 1374 1267 1414 qua
1299 1361 1457 1402 Petrus
1488 1360 1547 1401 ibi
1577 1365 1781 1400 vocatur.

289 1423 541 1464 Duodecim
565 1422 769 1477 discipuli
797 1423 980 1464 Domini
1002 1423 1410 1477 repraesentabant
1434 1424 1585 1464 omnia
1606 1436 1713 1464 vera
1734 1427 1781 1463 et

289 1486 409 1527 bona
435 1485 656 1527 ecclesiae
688 1486 732 1526 in
761 1486 1020 1540 complexu,
1050 1486 1208 1527 Petrus
1234 1500 1388 1528 verum
1421 1501 1499 1527 seu
1530 1486 1679 1535 fidem,
1705 1486 1781 1539 Ja-

289 1549 429 1591 cobus
452 1549 739 1598 charitatem,
764 1556 810 1591 et
834 1549 1068 1603 Johannes
1093 1563 1230 1604 opera
1252 1549 1515 1599 charitatis;
1548 1550 1607 1591 ibi
1629 1555 1782 1590 autem

289 1613 446 1654 Petrus
482 1612 856 1666 repraesentabat
898 1611 1032 1653 fidem
1074 1626 1100 1653 a
1140 1612 1379 1662 charitate,
1418 1626 1495 1654 seu
1531 1625 1686 1653 verum
1722 1626 1782 1653 ex

288 1676 409 1717 bono
435 1675 554 1730 quod
587 1689 613 1716 a
640 1675 851 1724 Domino,
875 1676 978 1729 quia
1003 1682 1110 1717 tunc
1138 1673 1328 1729 agnovit
1355 1675 1490 1717 corde
1518 1675 1780 1725 Dominum,

289 1739 460 1788 dicens,

357 1835 446 1868 “Tu
469 1845 508 1867 es
533 1835 695 1867 Christus
722 1835 830 1868 Filius
857 1835 922 1867 Dei
947 1836 1120 1869 viventis:
1151 1836 1373 1877 respondens
1396 1836 1500 1878 Jesus
1524 1836 1622 1874 dixit,
1651 1835 1783 1868 Beatus

463 1879 586 1911 Simon
605 1877 815 1930 [¹]BarJona‚
835 1880 917 1921 quia
940 1890 1022 1911 caro
1046 1886 1082 1911 et
1105 1880 1252 1920 sanguis
1275 1880 1362 1912 haec
1386 1880 1449 1911 tibi
1471 1890 1544 1911 non
1562 1879 1698 1915 retexit.
1718 1879 1782 1911 sed

465 1923 570 1955 Pater
593 1933 693 1954 meus
718 1924 776 1964 qui
801 1930 855 1955 est
880 1924 915 1955 in
940 1924 1068 1962 caelis;
1104 1923 1179 1964 Ego
1204 1923 1267 1955 tibi
1291 1924 1382 1962 dico,
1402 1929 1439 1956 tu
1463 1933 1502 1955 es
1528 1922 1691 1961 Petrus‚”
1711 1928 1779 1955 etc.

463 1965 625 2009 ([Matth.
642 1964 732 2009 xvi.]
748 1977 841 1999 vers.
861 1967 976 2005 16—18,
994 1967 1095 2009 seq.).

289 2059 369 2096 (Sed
381 2059 465 2088 hanc
479 2067 546 2087 rem
558 2059 666 2088 videas
681 2059 866 2088 illustratam
882 2059 913 2087 in
928 2059 1084 2096 opusculo
1098 2059 1148 2088 De
1169 2058 1286 2088 Ultimo
1302 2057 1445 2098 Judicio,
1458 2067 1489 2088 n.
1502 2056 1566 2096 57.)
1623 2045 1781 2088 Slmlle

288 2110 426 2151 etiam
453 2109 723 2163 intelligitur
744 2123 823 2164 per
849 2109 1032 2150 Domini
1054 2109 1192 2150 verba
1218 2109 1275 2150 ad
1301 2109 1497 2163 reliquos
1519 2107 1779 2162 discipulos,

288 2173 406 2227 apud
431 2171 724 2222 Mamaeum,

352 2269 457 2312 Jesus
474 2269 563 2301 dixit
579 2269 803 2310 discipulis‘
810 2269 1069 2311 ‘Quaecunque
1093 2270 1288 2310 ligaveritis
1308 2270 1343 2301 in
1361 2275 1466 2307 terra,
1486 2275 1590 2301 erunt
1614 2269 1722 2309 ligata
1745 2269 1781 2300 in

461 2314 573 2397 ἓαεΙο,
600 2319 664 2397 egt)'
659 2323 888 2355 quaecunque
912 2313 1090 2345 solveritis
1118 2314 1154 2345 in
1182 2319 1287 2352 terra,
1314 2319 1418 2345 erunt
1445 2313 1563 2345 soluta
1589 2314 1625 2344 in
1654 2311 1783 2344 caelo”

475 2367 560 2388 xviii
590 2365 605 2387 1

288 2442 400 2483 haec
425 2441 545 2483 dicta
562 2448 667 2484 sunt
690 2443 746 2484 ad
769 2442 1026 2497 discipulos,
1046 2443 1148 2497 quia
1169 2442 1233 2484 illi
1255 2442 1660 2496 repraesentabant
1683 2455 1782 2484 om-

288 2504 363 2545 nia
379 2518 487 2545 vera
504 2510 550 2545 et
568 2504 690 2545 bona
706 2518 822 2558 quae
839 2518 865 2545 a
888 2504 1088 2545 Domino
1104 2505 1149 2544 in
1167 2504 1429 2558 complexu.
1487 2514 1600 2553 (Quod
1612 2514 1783 2544 duodecim

288 2566 432 2604 discipuli
446 2566 499 2594 illa
513 2566 822 2603 repraesentaverint,
834 2566 915 2595 sicut
929 2566 1023 2595 etiam
1039 2566 1208 2595 duodecim
1224 2566 1323 2594 tribus
1338 2565 1470 2600 Israelis,
1482 2565 1646 2594 videatur
1639 2574 1671 2594 m
1681 2565 1784 2594 Arca-

287 2619 337 2650 nis
352 2620 545 2654 Caelestibus
558 2629 589 2650 n.
603 2629 691 2658 2129,
705 2627 794 2658 3354,
807 2622 897 2659 3488,
910 2622 1000 2658 3858,
1013 2619 1119 2659 6397.)
1175 2608 1395 2650 Simlliter
1411 2607 1686 2662 Intelligltur
1702 2621 1783 2661 per

288 2685 381 2721 eos,
409 2671 483 2712 ubi
508 2671 671 2711 dicitur
696 2671 816 2725 quod

357 2767 529 2800 “Sessuri
546 2767 619 2799 sint
635 2777 742 2808 super
757 2767 943 2799 duodecim
961 2768 1112 2805 thronis,
1132 2773 1167 2800 et
1182 2767 1371 2808 judicaturi
1390 2767 1576 2799 duodecim
1593 2763 1706 2798 t'ribus
1732 2765 1783 2797 Is-

462 2810 597 2843 raelis¹'
615 2810 758 2852 (Mattlz.
775 2812 846 2844 xix.
864 2812 926 2851 28;
950 2812 1035 2844 Luc.
1051 2812 1136 2844 xxii.
1153 2820 1196 2851 30
1208 2812 1229 2852 ;)

288 2910 447 2948 (videatur
460 2918 491 2940 n.
507 2918 596 2947 2129.
612 2909 718 2948 6397).
787 2898 944 2940 Simile
975 2899 1115 2940 etiam
1148 2898 1424 2952 intelligitur
1452 2911 1533 2952 pel·
1563 2895 1780 2937 “Eliaki-

288 2974 409 3002 mum
420 2961 440 2977 ’'
465 2974 775 3002 successurum
809 2960 1047 3002 Schebnae
1073 2962 1145 3015 qui
1178 2974 1311 3015 super
1336 2961 1474 3001 domo
1499 2959 1631 3013 regis,
1659 2958 1778 3012 apud

287 3023 490 3074 Esaiam,
