2060 3476
602 366 709 400 CAP.
732 366 818 407 111.,
841 365 981 399 VERs.
1006 366 1152 410 3.—N.
1180 355 1344 412 193[a].
1637 356 1724 412 269

222 481 362 523 immo
387 481 439 523 iis
465 480 587 523 horis
609 476 815 522 similiter
832 481 1062 534 cogitare:
1096 480 1177 522 sed
1202 479 1275 522 hic
1299 486 1448 522 status
1474 490 1545 522 est
1571 487 1722 522 status

223 546 519 599 cogitationis
541 544 634 598 ejus
656 559 716 586 ex
742 545 961 585 memoria
982 545 1208 598 corporis;
1242 545 1316 598 qui
1338 544 1459 598 quod
1485 551 1721 598 separatus

222 609 280 650 sit
307 623 334 650 a
366 615 492 650 statu
518 608 812 661 cogitationis
839 622 898 648 ex
925 608 1096 661 spiritu,
1125 614 1270 662 patet,
1299 621 1406 649 nam
1432 608 1514 656 sibi
1540 608 1625 649 soli
1650 622 1720 649 re-

222 670 355 714 1i6³ms
378 678 540 713 contra
561 671 639 712 illa
662 672 854 724 cogitat.
917 671 1004 712 Hic
1029 677 1177 712 status
1200 677 1270 712 est
1293 672 1367 725 qui
1393 678 1550 713 manet
1573 671 1720 713 homi-

222 749 327 778 nem
350 742 455 790 post
473 742 694 787 mortem3
726 735 802 777 ille
820 741 974 776 autem
997 749 1088 776 non
1111 741 1282 784 manet,
1302 736 1406 789 quia
1428 742 1499 776 est
1518 737 1719 789 corporis

222 799 317 852 ejus
349 805 396 840 et
428 813 519 840 non
552 799 732 853 spiritus
764 798 885 852 ejus;
927 805 1205 852 quapropter
1236 812 1338 839 cum
1371 799 1408 839 is
1439 798 1489 840 fit
1521 800 1717 853 spiritus,

222 863 343 917 quod
365 862 535 904 fit·cum
554 863 755 912 moritur,
769 876 927 903 omnes
946 863 1234 916 cognitiones
1253 877 1363 916 quas
1382 863 1464 903 sibi
1482 876 1719 916 compara-

221 927 288 967 vit
311 940 371 967 ex
386 926 542 967 Verbo
565 940 680 980 quae
703 939 794 967 non
817 926 1100 967 concordant
1118 939 1220 967 cum
1237 927 1332 967 vita
1354 927 1520 966 amoris
1538 927 1719 980 spiritus

221 989 330 1043 ejus,
349 989 492 1043 rejicit
514 1004 540 1031 a
557 1003 618 1030 se.
680 989 834 1030 Aliter
850 1003 959 1031 vero
981 989 1030 1030 fit
1049 1003 1150 1030 cum
1174 989 1366 1043 illis-qui,
1384 1003 1485 1030 cum
1504 989 1612 1030 solis
1638 990 1720 1031 sibi

220 1052 365 1095 reliffl
383 1059 503 1102 sunt,
524 1053 734 1106 cogitant
752 1052 874 1105 juste
897 1053 954 1094 de
973 1052 1152 1100 Divino,
1173 1053 1229 1094 de
1247 1052 1418 1101 Verbo,
1439 1053 1585 1106 deque
1602 1054 1720 1094 veris

221 1116 442 1158 ecclesiae
460 1116 578 1165 inde,
596 1121 643 1157 et
667 1115 744 1156 illa
766 1122 923 1157 amant
942 1130 1082 1170 usque
1104 1116 1161 1157 ad
1179 1116 1335 1164 vitam,
1356 1116 1443 1157 hoc
1467 1123 1552 1165 est,
1573 1122 1622 1157 ut
1639 1130 1720 1157 ve-

220 1179 305 1221 lint
331 1181 483 1221 vivere
515 1179 763 1220 secundum
789 1179 878 1220 illa.
942 1179 1118 1220 Horum
1145 1180 1452 1233 cogitationes
1484 1180 1528 1220 in
1561 1179 1719 1233 spiritu

220 1256 358 1284 unum
383 1242 552 1284 faciunt
579 1256 680 1283 cum
707 1242 886 1283 illorum
913 1243 1268 1296 cogitationibus
1295 1257 1354 1284 ex
1379 1244 1597 1284 memoria
1619 1257 1718 1284 cor-

220 1306 355 1359 poris,
384 1307 448 1347 ita
475 1319 611 1346 unum
643 1319 745 1346 cum
778 1307 1115 1359 cognitionibus
1143 1308 1235 1348 veri
1267 1313 1314 1348 et
1347 1307 1454 1347 boni
1485 1321 1600 1360 quae
1632 1306 1720 1347 illis

220 1383 280 1410 ex
302 1368 484 1419 Verbo;
518 1375 565 1410 et
596 1375 817 1423 quantum
845 1383 982 1410 unum
1008 1369 1192 1419 faciunt,
1222 1376 1404 1411 tantum
1431 1370 1719 1423 cognitiones

219 1431 324 1474 illae
345 1433 489 1473 vitam
516 1432 796 1486 spiritualem
823 1434 1160 1482 nanciscuntur,
1186 1447 1290 1474 nam
1313 1433 1552 1474 elevantur
1574 1447 1599 1474 a
1623 1433 1718 1474 Do-

219 1496 342 1536 mino
382 1495 440 1536 ab
479 1502 676 1536 externo
712 1509 791 1537 seu
831 1496 1027 1537 naturali
1067 1495 1252 1538 homine
1287 1497 1331 1537 in
1372 1498 1600 1537 internum
1640 1510 1719 1537 seu

219 1558 515 1612 spiritualem,
548 1565 595 1600 et
626 1559 796 1601 faciunt
828 1559 957 1612 hujus
988 1560 1146 1609 vitam,
1176 1561 1242 1601 ita
1272 1559 1402 1613 hujus
1433 1558 1719 1601 intelle6³cum

219 1628 266 1662 et
292 1621 596 1663 voluntatem.
656 1622 781 1664 Vera
806 1624 866 1664 ibi
892 1631 998 1664 sunt
1029 1638 1144 1678 quae
1170 1625 1344 1673 vivunt,
1373 1625 1476 1678 quia
1502 1630 1608 1664 sunt
1637 1624 1718 1665 Di-

218 1685 337 1734 vina,
365 1691 412 1726 et
444 1685 549 1726 inde
580 1685 720 1727 homo
745 1686 805 1727 ibi
837 1701 896 1728 ex
928 1686 1030 1727 illis.
1093 1685 1227 1740 Quod
1259 1701 1330 1728 res
1362 1688 1427 1728 ita
1452 1701 1500 1728 se
1532 1687 1716 1737 habeat,

218 1762 279 1789 ex
306 1748 452 1789 multa
477 1750 763 1803 experientia
794 1750 902 1791 mihi
929 1751 1042 1791 scire
1074 1751 1232 1791 datum
1259 1757 1345 1800 est,
1373 1764 1509 1804 quam
1535 1763 1719 1792 omnem

217 1810 255 1850 si
279 1810 572 1860 adducerem,
599 1811 900 1865 implerentur
925 1812 1236 1862 membranae,
1263 1818 1312 1853 ut
1335 1812 1514 1853 dicitur.
1574 1823 1720 1862 (Aliquid

217 1880 363 1909 videatur
374 1880 406 1909 in
418 1890 515 1918 opere
528 1882 579 1910 De
595 1882 685 1911 Caelo
699 1885 730 1911 et
740 1883 877 1921 lnfernp,
891 1892 922 1913 n.
934 1885 1086 1921 491—498‚
1099 1890 1237 1921 499-511
1251 1893 1257 1919 ;
1278 1887 1309 1912 et
1321 1892 1426 1920 supra,
1440 1892 1471 1912 n.
1488 1883 1502 1912 1
1517 1883 1596 1923 14.)
1641 1872 1718 1913 EX

216 1930 286 1972 his
314 1945 431 1972 nunc
458 1939 671 1974 constare
697 1940 853 1987 potest
879 1934 985 1988 quid
1012 1935 1054 1975 in
1083 1947 1217 1975 sensu
1244 1934 1465 1988 spirituali
1497 1934 1717 1987 intelligi-

215 2001 290 2036 tur
325 2009 405 2049 per
444 1995 679 2037 “Veniam
716 2010 849 2051 super
885 2004 933 2038 te
965 1998 1081 2038 sicut
1117 1997 1223 2046 fur,”
1251 1997 1371 2052 quod
1409 2011 1574 2051 nempe
1611 2004 1716 2051 post

215 2066 412 2100 mortem
430 2059 676 2113 eripientur
693 2074 851 2102 omnes
869 2062 1158 2114 cognitiones
1176 2067 1469 2115 comparatae
1487 2075 1547 2101 ex
1562 2061 1718 2102 Verbo

215 2136 330 2177 quae
367 2136 458 2164 non
495 2123 777 2177 spiritualem
813 2125 955 2165 vitam
994 2124 1191 2178 adeptae
1228 2130 1348 2166 sunt.
1422 2124 1548 2165 Idem
1577 2125 1717 2166 etiam

215 2186 488 2241 intelligitur
512 2201 592 2241 per
617 2187 730 2229 haec
757 2189 802 2229 in
827 2187 1118 2242 Apocalypsi,

284 2294 409 2327 “Ecce
426 2296 534 2327 venio
550 2301 722 2337 tanquam
747 2296 825 2333 fur:
851 2298 976 2329 beatus
1001 2298 1060 2339 qui
1080 2297 1202 2339 vigilat
1226 2305 1262 2330 et
1285 2303 1405 2330 servat
1422 2297 1650 2334 vestimenta,
1671 2306 1717 2330 ne

392 2340 509 2371 nudus
526 2340 714 2372 ambulet''
731 2340 816 2377 (xvi.
837 2341 891 2381 15)
906 2351 913 2376 ;

218 2455 476 2507 “tanquam
501 2453 600 2494 fur’'
626 2454 803 2504 dicitur,
831 2456 935 2509 quia
961 2455 1081 2497 mala
1107 2462 1154 2498 et
1180 2456 1285 2497 inde
1310 2456 1424 2497 falsa
1450 2457 1494 2497 in
1520 2455 1718 2497 naturali

215 2515 400 2557 homine
426 2516 631 2558 auferunt
658 2524 705 2559 et
736 2518 918 2571 ejiciunt
945 2521 1233 2572 cognitiones
1258 2521 1352 2561 veri
1383 2526 1430 2561 et
1463 2520 1569 2561 boni
1601 2534 1716 2574 quae

216 2593 276 2620 ex
309 2579 465 2620 Verbo
497 2580 581 2631 ibi;
625 2594 731 2622 nam
775 2596 890 2635 quae
923 2596 1014 2623 non
1045 2590 1270 2632 amantur,
1304 2582 1553 2636 ejiciuntur.
1630 2583 1717 2625 Est

216 2643 337 2697 apud
369 2642 601 2684 hominem
632 2644 705 2685 vel
732 2658 859 2686 amor
890 2645 997 2686 mali
1028 2652 1075 2687 et
1107 2647 1211 2687 inde
1242 2646 1355 2695 falsi,
1383 2646 1456 2687 vel
1488 2654 1558 2687 est
1591 2661 1718 2688 amor

214 2706 323 2747 boni
359 2712 406 2747 et
443 2707 548 2747 inde
588 2708 694 2748 veri.
770 2708 870 2750 Bini
906 2708 970 2750 illi
1010 2722 1189 2750 amores
1229 2710 1312 2750 sibi
1350 2711 1549 2764 oppositi
1582 2704 1715 2761 sunt}

217 2783 355 2824 quare
377 2770 452 2824 qui
473 2770 519 2811 in
541 2784 630 2811 uno
653 2777 724 2812 est
747 2785 838 2812 non
860 2779 1016 2826 potest
1039 2787 1140 2814 esse
1162 2774 1207 2814 in
1229 2773 1390 2823 altero,
1415 2787 1520 2814 nam
1542 2778 1717 2815 “nemo

215 2838 372 2886 potest
391 2833 558 2875 servire
575 2834 750 2875 duobus
768 2835 1002 2886 dominis‚’'
1016 2837 1122 2890 quin
1145 2850 1282 2877 unum
1304 2844 1428 2878 amet
1451 2843 1498 2878 et
1521 2836 1716 2878 alterum

214 2895 320 2937 odio
345 2896 515 2938 habeat
545 2895 729 2951 (Mattlz.
755 2899 811 2939 vi.
836 2898 925 2953 24).
988 2898 1216 2953 Quoniam
1242 2900 1363 2941 mala
1389 2907 1436 2941 et
1468 2901 1573 2941 inde
1604 2900 1718 2941 falsa

214 2958 272 2999 ab
307 2960 510 3001 interiori
545 2967 804 3014 penetrant,
838 2969 885 3003 et
918 2964 1046 3017 quasi
1082 2963 1340 3017 perfodiunt
1382 2965 1605 3018 parietem
1642 2964 1716 3017 qui

214 3027 285 3063 est
311 3023 430 3065 inter
455 3029 628 3065 statum
654 3025 949 3079 cogitationis
975 3025 1172 3067 hominis
1198 3041 1258 3068 ex
1287 3028 1446 3080 spiritu
1469 3033 1515 3068 et
1543 3033 1717 3068 statum
