2060 3476
653 379 763 418 ,CAR
787 378 847 421 V„
871 379 1011 412 vERs.
1038 379 1209 423 13.—N.
1233 379 1326 423 345.
1650 369 1733 424 653

245 491 497 534 “Patrem”
522 504 677 534 suum:
711 492 777 534 ita
808 505 899 533 non
931 491 1113 532 Patrem
1141 492 1323 533 vocavit
1355 490 1475 532 aliud
1506 491 1734 537 Divinum.

242 556 363 610 quod
395 555 498 597 loco
523 555 632 609 Ejus
657 555 871 597 adoratur
895 555 1031 596 hodie
1062 568 1143 608 pro
1172 555 1306 596 Patre
1339 555 1497 608 Ipsius,
1525 568 1577 596 ac
1610 555 1736 596 Divi-

243 630 350 660 num
376 619 627 673 procedens
648 624 719 660 est
741 618 861 672 quod
883 624 1073 659 vocatur
1094 617 1287 671 Spiritus
1314 617 1521 667 Sanetus,
1546 616 1737 671 Spiritus

244 681 343 730 Dei,
382 681 573 735 Spiritus
608 682 814 722 veritatis
853 687 902 722 et
942 680 1218 728 Paracletus,
1257 687 1328 722 est
1369 682 1488 722 enim
1529 679 1736 722 sanetum

244 743 450 798 Spiritus,
483 758 562 786 seu
594 742 799 785 sanetum
831 743 1045 784 Divinum
1075 743 1196 797 quod
1228 742 1419 796 Spiritus
1451 743 1661 797 loquitur,
1691 749 1738 784 et

245 821 337 849 non
359 807 479 848 aliud
506 807 718 848 Divinum
740 806 860 861 quod
886 807 1101 849 adoratur
1121 820 1202 860 pro
1228 807 1364 847 tertia
1390 807 1587 847 Persona
1613 806 1737 847 Divi-

245 871 416 912 nitatis.
489 869 623 923 Quod
659 871 724 911 ita
760 870 833 918 sit,
866 869 1123 922 intelligere
1161 875 1352 923 possunt
1390 883 1548 910 omnes
1585 870 1658 923 qui
1694 870 1738 910 in

245 933 394 987 aliqua
416 933 516 974 luce
537 933 652 974 caeli
674 939 779 974 sunt
796 947 805 983 ;
838 933 1024 974 tametsi
1045 946 1105 974 ex
1127 930 1332 973 doctrina
1354 932 1605 980 Trinitatis,
1626 946 1740 986 quae

245 996 354 1037 data
376 1002 447 1037 est
472 996 531 1037 ab
551 995 826 1044 Athanasio,
851 994 1006 1036 multis
1028 995 1190 1036 dicitur
1212 995 1331 1049 quod
1356 1001 1449 1036 tres
1476 1008 1611 1036 unum
1634 996 1738 1036 sint.

245 1058 473 1112 Exploret
491 1059 676 1112 quisque
699 1058 818 1112 apud
840 1072 903 1106 se,
923 1071 1059 1112 quum
1077 1058 1187 1099 dicit
1205 1072 1282 1099 ore
1300 1071 1436 1098 unum
1457 1072 1556 1099 esse
1578 1057 1738 1105 Deum,

245 1135 397 1163 annon
434 1123 610 1175 cogitet
646 1128 765 1172 tres;
807 1134 910 1162 cum
948 1127 1104 1163 tamen
1140 1127 1212 1163 est
1249 1135 1361 1162 unus
1400 1121 1537 1170 Deus,
1571 1127 1618 1162 et
1655 1122 1742 1162 tria

247 1185 430 1226 nomina
458 1185 609 1226 Divini
635 1190 740 1226 sunt
771 1185 898 1225 unius
926 1184 1037 1236 Dei;
1069 1198 1184 1239 quae
1210 1185 1313 1238 quia
1339 1184 1623 1225 Athanasius
1650 1198 1740 1226 non

245 1248 493 1297 intellexit,
521 1248 713 1289 credidit
745 1249 831 1289 tria
860 1248 1045 1291 nomina
1070 1262 1170 1289 esse
1196 1254 1289 1289 tres
1321 1248 1459 1296 Deos,
1487 1248 1566 1289 sed
1592 1248 1741 1302 quoad

247 1312 494 1353 essentiam
525 1324 676 1352 unum.
736 1310 804 1352 At
836 1325 975 1365 usque
1006 1325 1106 1352 esse
1139 1324 1276 1351 unum
1308 1311 1457 1365 quoad
1494 1312 1740 1352 essentiam

246 1387 339 1415 non
365 1374 452 1415 dici
483 1380 652 1428 potest,
681 1374 862 1428 quando
888 1375 962 1427 uni
993 1374 1256 1415 attribuitur
1280 1374 1401 1415 aliud
1432 1387 1568 1427 quam
1593 1374 1739 1423 alteri,

247 1438 309 1478 sic
343 1438 462 1478 enim
493 1437 707 1478 dividitur
737 1438 962 1478 essentia:
1005 1437 1110 1478 inde
1142 1437 1281 1478 cuivis
1313 1438 1538 1478 essentiae
1575 1437 1743 1478 inditur

249 1513 417 1541 nomen
444 1513 677 1553 personae.
738 1499 806 1541 At
830 1513 918 1540 una
944 1501 1143 1541 essentia
1169 1506 1273 1541 sunt
1296 1500 1478 1554 quando
1504 1501 1590 1541 tria
1616 1501 1743 1541 unius

248 1563 474 1604 Personae
496 1569 616 1612 sunt,
641 1576 804 1617 nempe
815 1563 979 1616 xIpsum
1003 1563 1217 1604 Divinum
1240 1563 1360 1617 quod
1384 1563 1517 1604 Pater
1538 1569 1740 1612 vocatur,

249 1627 463 1667 Divinum
501 1626 763 1667 Humanum
799 1626 920 1681 quod
958 1626 1111 1675 Filius,
1146 1640 1198 1668 ac
1237 1627 1450 1667 Divinum
1488 1627 1743 1668 Procedens

250 1689 371 1742 quod
389 1687 582 1742 Spiritus
600 1687 794 1729 sanstus
812 1699 971 1737 (videatur
983 1700 1141 1728 Doz‘trina
1150 1700 1259 1729 Novae
1271 1699 1514 1737 Hierosolymae,
1527 1708 1559 1729 n.
1573 1700 1742 1737 280-310).

250 1748 381 1789 Haec
412 1747 535 1788 dic'ta
559 1753 681 1796 sunt,
709 1747 777 1802 [ut
807 1747 996 1802 sciatur]
1029 1749 1151 1802 quod
1182 1762 1262 1802 per
1290 1748 1579 1789 “Sedentem
1610 1761 1745 1802 super

248 1809 447 1851 throno''
483 1816 530 1851 et
567 1809 827 1863 “Agnum'’
861 1823 952 1850 non
986 1807 1336 1863 [¹]intelligantur
1372 1810 1461 1851 duo
1498 1810 1578 1851 sed
1614 1823 1742 1859 unus,

249 1886 414 1926 nempe
441 1872 662 1913 Dominus
687 1871 838 1926 quoad
865 1871 1078 1913 Divinum
1105 1873 1370 1926 procedens.

327 1951 463 1995 344.
502 1939 997 1993 “Benedictio.''—Quod
1020 1941 1245 1994 significet
1263 1941 1552 1994 agnitionem,
1565 1941 1744 1995 glorifi-

248 2003 458 2044 cationem
487 2009 530 2044 et
547 2003 808 2056 gratiarum
829 2002 1040 2043 afflionem
1065 2003 1185 2056 quod
1203 2011 1326 2044 omne
1350 2003 1506 2044 bonum
1529 2010 1572 2044 et
1595 2017 1746 2044 verum

248 2080 301 2107 ac
334 2066 435 2107 inde
468 2066 633 2107 caelum
667 2072 709 2106 et
732 2065 933 2117 felicitas
969 2072 1150 2107 aeterna
1185 2066 1247 2107 sit
1281 2066 1375 2107 illis
1405 2066 1486 2120 qui
1517 2066 1744 2119 recipiunt,

250 2135 433 2170 constat
459 2143 518 2170 ex
543 2128 629 2169 illis
655 2142 768 2182 quae
794 2142 926 2181 supra
954 2127 1014 2182 (n.
1039 2128 1140 2183 340)
1169 2127 1290 2170 dieta
1315 2136 1362 2171 et
1388 2136 1573 2170 ostensa
1599 2135 1716 2170 sunt.

328 2206 463 2251 345.
501 2197 588 2237 “Et
611 2197 740 2237 honor
766 2200 810 2237 et
831 2196 1203 2250 yloria.¹'—Quod
1238 2197 1464 2251 significet
1495 2197 1615 2251 quod
1646 2197 1749 2250 Ipsi

250 2259 340 2300 soli
359 2260 422 2300 sit
449 2273 571 2300 omne
598 2259 814 2300 Divinum
843 2259 1015 2300 Bonum
1039 2273 1090 2300 ac
1117 2257 1333 2300 Divinum
1369 2259 1541 2308 Verum,
1569 2274 1619 2300 ac
1648 2259 1749 2300 inde

251 2336 374 2364 omne
393 2322 548 2363 bonum
564 2322 731 2364 amoris
748 2336 799 2363 ac
813 2336 965 2363 verum
974 2323 1093 2377 fidei
1104 2337 1216 2376 quae
1230 2323 1401 2376 angelis
1422 2330 1464 2364 et
1484 2323 1745 2371 hominibus,

253 2392 435 2427 constat
467 2400 525 2426 ex
557 2385 886 2438 significatione
920 2385 1170 2427 “honoris''
1201 2392 1247 2427 et
1281 2385 1528 2439 “gloriae,”
1560 2399 1659 2427 cum
1692 2386 1748 2426 de

253 2450 464 2498 Domino,
488 2449 608 2503 quod
634 2450 692 2490 sit
715 2449 928 2490 Divinum
955 2449 1131 2491 Bonum
1157 2463 1208 2491 ac
1236 2450 1448 2491 Divinum
1472 2450 1643 2491 Verum
1673 2448 1748 2503 (de

253 2526 341 2566 qua
362 2513 499 2553 etiam
521 2525 666 2565 supra,
685 2525 726 2552 n.
745 2510 883 2566 [³1288)
903 2526 913 2563 ;
945 2518 992 2553 et
1009 2513 1112 2566 quia
1133 2526 1211 2566 per
1235 2516 1259 2533 “
1273 2513 1491 2554 honorem
1504 2513 1523 2528 ’³
1540 2519 1586 2554 et
1610 2517 1635 2533 “
1648 2513 1747 2566 glo-

253 2575 402 2624 riam‚''
438 2587 539 2616 cum
577 2575 634 2615 de
671 2575 882 2623 Domino,
920 2574 1197 2628 significatur
1234 2576 1446 2616 Divinum
1488 2576 1662 2616 Bonum
1703 2582 1749 2616 et

252 2638 466 2679 Divinum
492 2637 678 2686 Verum,
705 2638 823 2686 inde,
851 2651 953 2679 cum
979 2638 1035 2678 de
1060 2638 1256 2687 homine,
1279 2652 1358 2692 per
1385 2642 1409 2659 “
1425 2638 1643 2679 honorem
1659 2638 1678 2654 '’
1703 2646 1749 2679 et

256 2701 485 2756 “gloriam
498 2701 517 2716 ”
539 2700 815 2754 significatur
840 2714 975 2742 omne
1000 2701 1168 2742 bonum
1194 2702 1358 2743 amoris
1384 2708 1430 2743 et
1453 2714 1606 2743 verum
1632 2701 1748 2750 fidei,

253 2779 314 2806 ex
346 2765 504 2818 quibus
535 2764 682 2805 omnis
712 2764 934 2817 sapientia
969 2770 1016 2805 et
1053 2764 1357 2818 intelligentia
1393 2771 1463 2805 est
1494 2764 1667 2817 angelis
1704 2771 1750 2805 et

253 2827 521 2870 hominibus.
599 2826 727 2867 Haec
759 2825 880 2868 dicta
910 2833 1015 2868 sunt
1046 2827 1103 2867 ab
1137 2827 1225 2868 illis
1256 2828 1328 2881 qui
1365 2828 1408 2868 in
1440 2827 1607 2868 ultimis
1639 2826 1749 2868 caeli

254 2896 373 2939 sunt,
392 2891 466 2944 qui
484 2890 632 2931 sciunt
649 2890 734 2931 hoc
753 2890 936 2931 tametsi
954 2903 1045 2931 non
1062 2890 1217 2932 vident
1235 2898 1280 2931 et
1299 2891 1550 2944 percipiunt
1568 2904 1576 2940 ;
1604 2891 1749 2930 sciunt

255 2954 374 2995 enim
411 2967 570 2995 omnes
601 2953 674 3007 qui
710 2953 767 2994 ab
804 2953 1007 3002 ecclesia,
1040 2954 1142 3007 quia
1177 2967 1236 2995 ex
1270 2952 1474 2995 doctrina
1510 2960 1595 3002 est,
1628 2953 1748 3006 quod

255 3029 390 3058 omne
425 3016 594 3057 bonum
627 3022 673 3058 et
703 3029 858 3058 verum
893 3017 950 3058 sit
986 3030 1013 3057 a
1048 3016 1175 3067 Deo;
1217 3022 1263 3058 et
1294 3017 1368 3070 qui
1404 3017 1544 3057 vitam
1581 3016 1747 3057 bonam
