2060 3476
337 326 423 380 476
752 334 1086 370 APOCALYPSIS
1117 335 1418 370 EXPLICATA.

338 447 697 498 transformatus,
719 447 885 489 Mattlc.
905 449 1009 490 xvii.
1029 460 1052 490 2
1070 464 1079 500 ;
1111 449 1252 491 Marc.
1271 451 1332 491 ix.
1357 461 1406 502 33
1437 449 1539 491 Luc.
1562 451 1622 492 ix.
1646 452 1782 504 28-37
1798 451 1829 505 3)

340 511 587 552 “extendit
611 511 761 553 caelos
783 512 897 553 sicut
923 512 1183 562 cortinam,”
1205 512 1428 566 significat
1454 512 1639 566 implere
1666 513 1831 555 Divino

339 573 463 615 Vero
489 580 535 615 et
563 587 642 627 per
667 575 711 615 id
742 570 1046 628 intelligentia
1071 575 1245 616 caelum
1270 582 1316 616 et
1340 575 1441 616 illos
1467 576 1542 628 qui
1566 575 1651 626 ibi;
1686 580 1831 618 “con-

339 637 515 690 tignare
541 637 665 690 aquis
691 637 882 679 triclinia
907 637 1024 687 sua,”
1046 637 1270 691 significat
1292 637 1478 691 implere
1499 638 1833 691 cognitionibus

339 700 432 740 veri
457 706 502 741 et
529 700 635 741 boni
659 700 760 741 illos
785 701 844 742 ibi
866 701 939 754 qui
965 702 1008 742 in
1035 700 1194 742 ultimo
1221 700 1347 742 caelo
1373 707 1419 741 et
1446 701 1519 754 qui
1544 702 1588 741 in
1614 701 1832 752 ecclesia;

342 767 546 816 “ponere
572 763 712 805 nubes
739 777 914 805 currum
937 763 1103 811 suum,'’
1125 762 1348 817 significat
1375 761 1629 804 doftrinam
1654 764 1747 805 veri
1772 777 1833 806 ex

340 839 473 866 sensu
499 826 683 867 litterali
710 826 849 868 Verbi
877 825 1109 880 (“nubes''
1135 832 1206 868 est
1237 825 1312 867 ille
1338 839 1510 875 sensus„
1537 832 1583 867 et
1611 826 1834 869 “currus”

341 895 410 930 est
428 887 671 943 doftrina);
701 889 968 930 “ambulare
985 903 1116 943 super
1133 889 1213 930 alis
1231 888 1395 938 venti,''
1413 888 1635 943 significat
1653 902 1833 930 sensum

341 952 614 1005 spiritualem
642 952 715 1006 qui
740 953 784 993 in
810 965 943 993 sensu
969 951 1167 993 litterali.
1228 950 1366 1005 Apud
1389 950 1678 1001 Malachiam,

409 1047 635 1080 “Exorietur
658 1047 774 1086 vobis,
801 1048 972 1080 timentes
996 1048 1157 1080 nominis
1181 1047 1264 1087 mei,
1290 1047 1351 1080 Sol
1375 1047 1550 1088 justitiae,
1577 1053 1614 1079 et
1636 1047 1774 1080 sanitas
1797 1047 1835 1079 in

515 1091 582 1123 alis
604 1091 723 1132 Ipsius
734 1090 752 1103 ''
772 1090 835 1132 (iii.
851 1099 894 1123 20
912 1089 973 1134 [B.
988 1092 1033 1124 A.
1047 1091 1094 1124 iv.
1110 1088 1181 1134 2]);

344 1177 449 1218 “sol
471 1177 670 1230 justitiae
682 1177 701 1192 ’‘
727 1177 951 1230 significat
982 1178 1149 1219 bonum
1175 1178 1354 1226 amoris,
1381 1177 1500 1231 quod
1526 1182 1596 1217 est
1623 1176 1835 1217 Divinum

343 1241 566 1292 caeleste;
599 1248 644 1282 et
673 1240 808 1283 “alae
820 1241 839 1256 ’'
863 1241 1062 1294 Jehovae
1086 1242 1131 1282 in
1156 1241 1316 1295 quibus
1343 1244 1367 1260 “
1383 1239 1591 1289 sanitas,”
1612 1239 1836 1293 significat

343 1318 496 1345 verum
514 1318 573 1346 ex
591 1304 669 1345 illo
689 1304 825 1354 bono,
845 1304 965 1358 quod
983 1310 1052 1345 est
1072 1304 1285 1345 Divinum
1303 1303 1533 1357 spirituale
1550 1317 1560 1355 3
1595 1307 1619 1324 ‘⁴
1635 1304 1805 1344 sanitas
1817 1302 1837 1319 '’

343 1374 412 1409 est
438 1367 695 1409 reformatio
721 1381 800 1421 per
825 1367 946 1409 illud.
1008 1366 1146 1421 Apud
1174 1367 1350 1416 Mosen,

411 1463 542 1495 “Sicut
559 1464 679 1505 aquila
695 1464 828 1496 excitat
847 1463 971 1495 nidum
991 1472 1107 1500 suurn.
1127 1473 1235 1504 super
1251 1463 1358 1503 pullis
1377 1463 1453 1495 suis
1470 1462 1614 1494 motitat
1633 1472 1684 1500 se,
1703 1471 1838 1502 expan-

516 1507 569 1539 dit
592 1507 668 1540 alas
693 1517 778 1540 suas
782 1531 874 1544 .....
882 1513 1002 1548 portat
1025 1516 1133 1548 super
1157 1507 1215 1538 ala
1238 1516 1316 1544 sua,
1339 1506 1390 1538 sic
1413 1506 1578 1548 Jehovah
1603 1505 1700 1538 ducit
1723 1504 1836 1537 eum'’

518 1550 634 1592 (Deut.
649 1551 757 1583 xxxii.
774 1549 860 1590 [¹111,
879 1550 930 1592 12)
944 1560 951 1589 ;

334 1637 623 1690 ,comparatio
655 1636 703 1678 fit
730 1649 831 1677 cum
858 1636 1018 1690 aquila,
1047 1637 1148 1690 quia
1175 1634 1392 1689 “aquila’'
1418 1633 1640 1689 significat
1671 1633 1837 1675 intelli-

344 1700 560 1754 gentiam,
593 1705 639 1740 et
673 1698 812 1740 “ala'’
844 1699 1054 1740 Divinum
1087 1698 1330 1752 spirituale,
1362 1697 1483 1752 quod
1520 1703 1590 1738 est
1627 1696 1838 1737 Divinum

345 1763 514 1804 Verum
541 1777 599 1804 ex
625 1777 714 1817 quo
739 1762 827 1803 illa.
888 1762 1027 1816 Apud
1051 1762 1256 1810 Esaiam,

413 1861 434 1874 ‘¹
447 1858 708 1944 Εκεῗεέέαἱιῖοε
727 1859 904 1944 J)ehovam
926 1859 1149 1890 innovantur
1166 1859 1310 1896 robore.
1329 1857 1532 1889 ascendunt
1551 1856 1609 1888 ala
1628 1855 1721 1888 sicut
1740 1855 1839 1896 aqui-

531 1913 574 1935 ae
635 1913 658 1935 x
673 1929 680 1935 .
696 1912 734 1943 31
764 1913 771 1942 ;

347 1991 628 2032 “ascendere
653 1989 725 2031 ala
751 1990 864 2031 sicut
890 1989 1065 2046 aquilae
1079 1989 1098 2004 ’'
1123 1994 1193 2030 est
1225 1989 1268 2029 in
1301 1987 1446 2028 lucem
1472 1985 1598 2035 caeli,
1626 1999 1739 2039 quae
1767 1990 1837 2026 est

346 2054 558 2095 Divinum
575 2053 746 2094 Verum
764 2067 841 2094 seu
860 2051 1070 2093 Divinum
1089 2050 1318 2106 spirituale
1336 2064 1394 2092 ex
1413 2063 1501 2104 quo
1522 2047 1837 2102 intelligentia.

345 2116 483 2171 Apud
508 2115 791 2164 Ezechielem,
1448 2124 1458 2135 ¹

413 2205 489 2238 “In
515 2211 639 2238 monte
663 2205 881 2237 altitudinis.
896 2229 925 2236 ..
940 2204 1129 2244 .plantabo
1153 2213 1248 2240 eum,
1274 2209 1313 2235 ut
1337 2202 1479 2234 attonat
1503 2207 1644 2233 ramum
1669 2206 1705 2233 et
1729 2201 1840 2233 faciat

517 2247 685 2286 studium,
709 2254 744 2280 et
767 2248 898 2280 evadat
926 2248 962 2279 in
987 2249 1133 2279 cedrum
1158 2246 1399 2287 magnificam,
1422 2250 1462 2277 ut
1489 2245 1655 2277 habitent
1682 2246 1749 2277 sub
1777 2243 1840 2281 illa

519 2293 638 2324 omnis
659 2292 736 2324 avis
757 2291 1001 2332 cujuscunque
1021 2291 1100 2322 alae
1111 2290 1129 2303 ’⁹
1150 2290 1248 2331 (xvii.
1264 2289 1339 2330 23);

346 2394 424 2435 per
451 2379 671 2421 “cedrum
703 2377 987 2433 magnificam
999 2377 1018 2392 ”
1043 2375 1319 2430 significatur
1349 2374 1590 2429 spiritualis
1621 2373 1838 2426 eccvlesia;

346 2457 424 2498 per
457 2447 675 2483 “omnem
707 2454 836 2482 avem
869 2440 1168 2493 cujuscunque
1200 2438 1298 2480 alae
1311 2438 1331 2454 ”
1362 2437 1671 2490 significantur
1701 2435 1838 2478 intel-

347 2504 555 2548 lectualia
579 2519 691 2558 quae
718 2518 776 2545 ex
804 2503 1105 2557 spiritualibus
1131 2503 1260 2543 veris.
1295 2518 1300 2525 *
1323 2502 1325 2505 ’

430 2573 512 2629 [α]
555 2572 631 2613 Ex
656 2573 725 2613 his
751 2585 868 2612 nunc
896 2577 1110 2612 constare
1139 2575 1295 2624 potest
1321 2569 1427 2622 quid
1453 2567 1734 2621 significatur
1758 2579 1839 2619 per

349 2636 480 2678 “alas
517 2632 846 2676 cheruborum’'
878 2640 972 2674 tam
1011 2633 1080 2673 hic
1107 2644 1240 2685 quam
1277 2631 1382 2672 alibi
1418 2631 1462 2671 in
1495 2629 1676 2679 Verbo;
1718 2627 1838 2681 quod

348 2712 510 2752 nempe
529 2698 739 2738 Divinum
758 2695 1000 2749 spirituale,
1021 2695 1141 2748 quod
1163 2700 1233 2735 est
1253 2693 1463 2734 Divinum
1479 2691 1650 2732 Verum
1672 2691 1837 2731 instru-

348 2775 442 2811 ens,
466 2773 753 2812 regeneranS,
778 2765 824 2800 et
847 2765 1001 2799 tutans
1018 2757 1155 2798 :—Ut
1177 2769 1354 2810 quoque
1376 2754 1493 2809 apud
1515 2753 1798 2802 Ezechielem,

416 2859 438 2872 ‘⁸
449 2857 613 2899 Quatuor
625 2856 736 2887 facies
750 2861 853 2887 erant
866 2854 1058 2895 unicuique
1068 2853 1086 2865 ”
1098 2854 1266 2890 cherubo‚
1284 2853 1306 2867 ‘¹
1317 2857 1353 2884 et
1365 2857 1519 2893 quatuor
1529 2850 1608 2883 alae
1621 2848 1815 2889 unicuique
1830 2857 1838 2886 ;

527 2925 534 2932 .
549 2925 557 2932 .
570 2925 577 2932 .
592 2900 686 2932 .alae
699 2909 824 2930 eorum
839 2897 980 2930 erectae
993 2898 1101 2929 unius
1114 2897 1160 2928 ad
1176 2897 1330 2928 alterum
1343 2905 1367 2932 ς.
1382 2920 1389 2927 .
1403 2920 1410 2926 .
1425 2895 1569 2936 .cuique
1588 2890 1714 2936 [duae]
1726 2891 1744 2904 ”
1757 2892 1837 2923 alae

524 2945 720 2984 “tegentes
734 2952 886 2984 corpora
903 2951 1027 2973 eorum
1041 2953 1047 2973 :
1073 2940 1194 2972 audivi
1211 2948 1342 2971 sonum
1359 2939 1498 2970 alarum
1515 2943 1687 2978 tanquam
1705 2940 1836 2967 sonum

522 2996 696 3029 aquarum
720 2995 945 3026 magnarum,
973 2985 1065 3017 sicut
1088 2992 1215 3016 vocem
1240 2981 1417 3015 Schaddai
1433 2991 1441 3021 ;
1471 2990 1550 3013 cum
1574 2981 1689 3018 ibant,
1710 2987 1836 3010 vocem
