2060 3476
675 326 781 361 CAP.
804 327 892 369 111.,
915 327 1053 361 VERS.
1083 328 1251 373 19.—N.
1277 320 1370 371 246.
1685 331 1764 374 393

277 441 492 483 nuditatis
529 448 648 491 tuae,
680 447 727 483 et
763 441 953 494 collyrio
987 442 1155 495 inunge
1191 441 1348 483 oculos
1380 448 1430 483 ut
1461 441 1656 491 videas‚”
1687 456 1766 496 per

276 518 388 558 quae
418 505 701 558 intelligitur,
728 511 778 546 ut
809 505 873 546 illi
898 506 972 559 qui
1003 505 1047 546 in
1079 503 1284 546 doctrina
1309 505 1364 546 de
1396 505 1494 546 sola
1524 505 1612 546 fide
1643 512 1764 555 sunt,

276 575 539 621 comparent
567 568 650 610 sibi
680 569 925 622 genuinum
955 568 1124 609 bonum
1150 574 1197 609 et
1226 569 1423 621 genuina
1446 582 1554 609 vera
1578 581 1630 609 ac
1662 569 1766 610 inde

277 630 640 684 intelligentiam,
665 644 722 672 ne
746 637 997 685 appareant
1018 632 1166 685 spurci
1192 644 1383 680 amores,
1407 645 1458 672 ac
1486 638 1535 672 ut
1562 631 1765 685 aliquan-

276 700 371 734 tum
402 695 630 747 aperiatur
659 692 945 746 intellectu&
991 700 1038 735 et
1069 693 1155 735 hoc
1188 694 1294 734 dum
1325 693 1376 735 fit
1408 694 1527 747 apud
1559 693 1661 734 illos
1693 695 1766 747 qui

273 756 317 796 in
340 754 546 797 doctrina
567 757 624 798 de
646 757 744 798 sola
764 756 852 798 fide
873 756 1174 806 fuerunt‚·non
1197 763 1388 810 possunt
1411 756 1543 798 aliter
1564 770 1698 810 quam
1721 757 1766 797 in

273 820 556 860 tentationes
588 820 735 871 mitti3
778 833 883 861 nam
914 820 1132 874 principia
1166 819 1265 860 falsi
1297 820 1353 861 de
1384 819 1482 861 sola
1513 819 1600 861 fide
1631 827 1678 861 et
1710 820 1767 861 de

265 882 592 935 'justificatione
623 898 702 937 per
726 883 851 925 illam
877 883 995 938 apud
1027 897 1106 925 eos
1137 896 1228 924 non
1260 890 1451 937 possunt
1480 883 1651 924 aboleri
1683 884 1766 924 nisi

272 960 351 1000 per
377 947 685 998 tentationes;
718 953 765 988 et
790 946 1016 988 abolenda
1041 947 1226 987 omnino
1250 952 1370 998 sunt,
1398 947 1502 1000 quia
1533 960 1623 987 non
1656 960 1765 987 con-

273 1009 395 1063 jungi
427 1016 617 1063 possunt
649 1023 751 1051 cum
783 1010 904 1051 bono
935 1009 1197 1061 charitatis;
1231 1023 1333 1051 cum
1364 1009 1450 1050 hoc
1483 1009 1629 1050 solum
1660 1023 1767 1050 vera

272 1073 620 1127 conjunguntur,
640 1079 916 1127 quapropter
934 1073 1046 1114 haec
1066 1073 1373 1127 comparanda
1390 1079 1510 1122 sunt,
1529 1079 1579 1114 ut
1597 1071 1767 1114 dictum

272 1143 357 1177 est.
419 1136 765 1190 conjunguntur
790 1136 971 1190 quidem
997 1150 1104 1177 vera
1128 1150 1207 1190 per
1231 1136 1291 1186 id,
1318 1136 1438 1190 quod
1464 1137 1619 1177 dicant
1646 1136 1767 1190 quod

271 1199 424 1249 homo,
458 1206 701 1254 postquam
738 1199 872 1241 fidem
903 1200 1096 1253 accepit,
1129 1199 1320 1240 ducatur
1350 1213 1377 1240 a
1413 1199 1513 1240 Deo
1545 1206 1591 1240 et
1624 1199 1685 1240 sic
1722 1200 1767 1240 in

270 1262 392 1304 bono
415 1263 677 1314 charitatis;
710 1263 790 1304 sed
816 1277 956 1317 usque
981 1262 1067 1303 hoc
1091 1262 1216 1303 nihili
1242 1262 1425 1312 faciunt,
1449 1263 1551 1317 quia
1574 1263 1683 1304 nihil
1709 1263 1767 1304 ad

271 1326 481 1375 salutem,
509 1327 702 1368 dicendo
727 1327 867 1367 etiam
893 1326 1013 1380 quod
1038 1325 1164 1366 illum
1190 1320 1300 1366 nihil
1325 1325 1528 1374 damnet,
1553 1340 1644 1367 non
1670 1340 1767 1367 ma-

271 1389 363 1430 lum
386 1391 681 1444 cogitationis
708 1396 754 1431 et
776 1389 1043 1438 voluntatis,
1067 1402 1149 1430 nec
1177 1388 1344 1429 malum
1366 1390 1503 1438 vitae,
1528 1395 1624 1430 tum
1647 1390 1768 1443 quod

270 1466 362 1494 non
388 1453 471 1494 sub
496 1452 640 1507 [jugo]
670 1452 784 1506 legis
806 1453 879 1502 sit,
903 1453 1006 1506 quia
1032 1452 1254 1492 Dominus
1276 1451 1483 1505 implevit
1510 1452 1660 1506 legem
1686 1467 1767 1506 pro

270 1517 382 1570 ipso,
403 1523 449 1558 et
467 1517 588 1571 quod
610 1530 701 1557 non
719 1514 950 1570 spectetur
968 1516 1050 1556 nisi
1072 1514 1183 1556 fides
1201 1529 1210 1565 ;
1244 1528 1322 1568 per
1344 1514 1455 1555 haec
1475 1515 1765 1569 disjungunt:

270 1580 391 1633 quod
417 1579 696 1633 conjungant
720 1585 791 1620 est
813 1592 949 1620 causa
971 1579 1073 1632 quia
1098 1578 1230 1619 aliter
1252 1591 1343 1618 non
1369 1578 1634 1619 cohaereret
1657 1579 1761 1620 doc-

271 1643 389 1684 trina
406 1656 507 1684 cum
525 1642 695 1691 Verbo,
715 1642 789 1683 ubi
810 1642 950 1683 toties
968 1641 1130 1682 dicitur
1147 1641 1203 1682 de
1221 1640 1446 1682 charitate
1468 1647 1515 1682 et
1534 1641 1590 1682 de
1611 1640 1739 1682 factis
1756 1655 1766 1693 ;

270 1706 351 1746 sed
373 1705 485 1747 haec
505 1704 761 1759 conjunctio
778 1718 869 1746 non
887 1711 957 1746 est
975 1702 1231 1757 conjunctio
1253 1704 1372 1757 apud
1396 1704 1498 1745 illos
1515 1705 1588 1758 qui
1611 1705 1655 1745 in
1673 1706 1767 1746 vita

270 1767 794 1825 secundumdodfftrinam
816 1760 936 1816 sunt,
956 1768 1037 1809 sed
1059 1767 1178 1821 apud
1200 1766 1303 1808 illos
1325 1768 1398 1820 qui
1420 1768 1465 1807 in
1486 1769 1582 1808 vita
1605 1781 1766 1809 secun-

270 1832 377 1873 dum
410 1832 612 1873 Verbum
643 1838 762 1872 sunt.
825 1831 1002 1872 Dicitur
1034 1834 1361 1884 “quoscunque
1395 1843 1512 1879 amo,
1546 1844 1687 1884 arguo
1719 1838 1766 1872 et

269 1896 449 1949 castigo
468 1895 502 1946 ;''
534 1895 615 1936 sed
631 1894 902 1948 intelligitur
919 1894 1039 1948 quod
1058 1907 1148 1934 non
1173 1893 1394 1933 Dominus
1412 1900 1573 1946 arguat
1597 1900 1643 1935 et
1667 1908 1766 1935 cas-

270 1959 403 2011 tiget,
430 1959 511 2000 sed
542 1959 663 2012 quod
694 1958 933 1999 infernales
962 1958 1144 2010 spiritus
1170 1957 1244 2010 qui
1275 1957 1320 1997 in
1351 1957 1578 2010 principiis
1610 1957 1766 1998 similis

268 2021 368 2062 falsi
390 2028 522 2073 sunt;
555 2022 601 2063 hi
623 2028 728 2063 sunt
745 2022 820 2075 qui
841 2022 1087 2074 castigant,
1108 2020 1194 2060 hoc
1217 2026 1303 2068 est,
1323 2026 1509 2061 tentant
1531 2020 1764 2061 homines:

269 2085 390 2140 quod
421 2085 546 2127 Deus
572 2086 799 2126 neminem
823 2090 989 2133 tentet,
1018 2089 1177 2124 notum
1203 2089 1301 2136 est;
1334 2097 1471 2136 quare
1501 2084 1566 2124 ita
1597 2083 1765 2124 intelli-

269 2149 468 2202 gendum
491 2154 575 2198 est,
600 2149 786 2190 tametsi
811 2149 856 2189 in
883 2147 1037 2188 littera
1059 2147 1222 2188 dicitur
1244 2146 1300 2187 de
1323 2146 1424 2187 Deo
1449 2147 1569 2200 quod
1595 2148 1640 2187 in
1664 2153 1766 2188 ten-

270 2212 495 2253 tationem
530 2212 731 2260 inducat,
770 2211 889 2265 quod
926 2210 1095 2251 malum
1133 2210 1283 2258 faciat,
1318 2209 1438 2263 quod
1475 2209 1684 2262 conjiciat
1722 2210 1766 2250 in

270 2275 504 2324 infernum,
519 2281 566 2316 et
584 2274 744 2316 similia
763 2274 902 2328 plura.
946 2273 1058 2314 Inde
1077 2279 1207 2326 patet
1222 2273 1342 2326 quod
1362 2272 1575 2312 Divinum
1594 2272 1765 2312 Verum

270 2340 315 2379 in
347 2338 502 2379 Verbo
538 2351 694 2392 parum
725 2337 1012 2390 intelligatur
1043 2337 1126 2376 nisi
1163 2349 1241 2389 per
1273 2348 1454 2376 sensum
1486 2335 1766 2388 spiritualem

271 2401 379 2454 ejus,
403 2415 482 2442 seu
505 2415 584 2455 per
605 2399 857 2442 doctrinam
883 2414 943 2441 ex
969 2398 1056 2440 illis
1079 2399 1153 2452 qui
1178 2399 1222 2438 in
1248 2397 1551 2438 illustratione
1573 2398 1764 2439 fuerunt.

273 2464 407 2517 Quod
430 2464 711 2505 tentationes
732 2464 927 2504 attinet:
960 2463 1005 2503 in
1027 2461 1128 2502 illas
1150 2462 1275 2502 venit
1302 2461 1455 2509 homo,
1479 2461 1660 2514 quando
1682 2462 1765 2501 im-

271 2528 468 2568 mittitur
503 2527 548 2567 in
585 2539 713 2567 suum
750 2526 1004 2579 proprium;
1049 2531 1157 2565 tunc
1195 2524 1315 2564 enim
1352 2537 1400 2564 se
1436 2523 1689 2576 adjungunt
1726 2524 1765 2564 ei

270 2590 453 2643 spiritus
475 2589 532 2630 ab
549 2589 721 2630 inferno
737 2589 812 2643 qui
833 2589 878 2629 in
895 2587 1017 2629 falsis
1039 2587 1244 2640 principii
1261 2586 1353 2639 ejus
1371 2593 1476 2627 sunt
1499 2593 1545 2627 et
1567 2588 1612 2627 in
1635 2587 1765 2627 malis

270 2653 436 2694 amoris
454 2652 560 2705 ejus,
580 2659 626 2693 et
645 2658 805 2693 tenent
828 2651 922 2705 ejus
938 2650 1245 2703 cogitationes
1263 2650 1307 2690 in
1329 2649 1417 2690 illis
1433 2664 1443 2700 ;
1476 2656 1524 2691 at
1543 2650 1765 2690 Dominus

271 2722 399 2757 tenet
425 2715 518 2768 ejus
540 2716 845 2768 cogitationes
870 2715 915 2755 in
937 2714 1053 2754 veris
1074 2727 1189 2767 quae
1214 2712 1330 2762 fidei,
1355 2719 1402 2753 et
1428 2713 1473 2753 in
1499 2713 1628 2754 bonis
1651 2727 1765 2766 quae

271 2779 508 2820 charitatis
525 2793 534 2829 ;
567 2785 614 2819 et
631 2779 733 2832 quia
751 2785 859 2819 tunc
877 2791 1055 2831 quoque
1068 2776 1236 2830 jugiter
1253 2777 1310 2817 de
1327 2776 1475 2817 salute
1497 2783 1544 2818 et
1562 2777 1618 2817 de
1636 2776 1764 2817 caelo

270 2844 462 2896 cogitat,
489 2843 592 2884 inde
618 2842 711 2895 ejus
736 2843 946 2883 anxietas
972 2842 1138 2882 mentis
1163 2841 1363 2890 interior,
1387 2847 1434 2882 et
1465 2841 1570 2881 inde
1596 2853 1762 2893 pugna,

270 2920 385 2960 quae
416 2912 606 2947 vocatur
636 2906 848 2946 tentatio.
927 2904 995 2945 At
1027 2918 1135 2945 vero
1165 2904 1229 2945 illi
1260 2904 1332 2958 qui
1370 2917 1461 2944 non
1493 2905 1537 2944 in
1568 2903 1685 2944 veris
1716 2909 1763 2943 et

270 2969 400 3010 bonis
422 2975 541 3018 sunt,
565 2970 630 3010 ita
656 2981 746 3009 non
768 2970 812 3009 in
834 2967 984 3022 aliqua
1008 2966 1095 3008 fide
1118 2981 1178 3009 ex
1200 2967 1439 3016 charitate,
1464 2980 1554 3008 non
1577 2966 1763 3007 immitti
