2060 3476
289 358 368 402 190
699 353 1032 389 APOCALYPSIS
1064 353 1364 388 EXPLICATA.

457 478 576 510 tuam;
600 477 636 503 et
651 471 835 503 vocabitur
850 470 913 503 tibi
937 480 1071 503 nomen
1094 480 1239 510 novum,
1260 469 1355 513 quod
1377 479 1418 501 os
1438 468 1597 512 Jehovae
1615 468 1778 501 enuntia-

457 517 510 548 bit
520 515 538 528 ’'
555 516 642 556 (lxii.
661 523 690 554 1,
708 515 762 556 2);
1740 534 1742 537 ψ

282 593 402 648 apud
429 592 637 642 eundem,

589 669 611 683 ‘⁸
625 668 744 701 Servis
762 669 835 701 suis
851 669 993 701 vocabit
1010 678 1142 700 nomen
1160 667 1255 700 aliud
1266 667 1284 680 ’'
1301 666 1386 708 (lxv.
1406 666 1480 707 15);

285 760 486 796 “vocare
513 768 680 796 nomen
707 768 874 796 novum
886 754 906 770 '’
928 761 974 796 et
999 758 1204 795 “nomen
1231 752 1392 802 aliud,''
1414 758 1485 794 est
1507 751 1615 793 dare
1640 750 1777 792 alium

282 826 453 861 statum
479 820 614 868 vitae,
643 832 806 873 nempe
833 825 1006 870 statum
1032 819 1154 860 vitae
1183 817 1438 872 spiritualis.
1499 815 1637 871 Apud
1662 814 1777 857 Eze-

281 882 471 931 clzz'elem,

496 968 518 980 ‘¹
531 966 626 998 Urbs
644 966 857 1006 sanguinum
863 990 955 1004 .....
965 965 1102 1006 polluta
1118 965 1265 996 nomine
1277 963 1296 977 ''
1312 963 1411 1005 (xxii.
1427 961 1494 1006 [2‚]
1515 962 1567 1004 5);

285 1060 427 1100 “urbs
460 1058 760 1112 sanguinum”
791 1065 862 1100 est
894 1056 1099 1100 doeirina
1130 1056 1396 1099 violentiam
1432 1057 1626 1098 inferens
1656 1056 1778 1098 bono

283 1123 545 1173 charitatis;
597 1136 712 1176 quae
757 1122 973 1176 “polluta
1015 1121 1228 1162 nomine''
1269 1121 1446 1171 dicitur,
1486 1133 1588 1162 cum
1628 1125 1778 1161 scatet

282 1187 404 1229 salsis
437 1193 483 1242 εξ
515 1186 620 1227 inde
652 1185 796 1236 malis,
825 1199 939 1240 quae
970 1185 1141 1227 faciunt
1172 1184 1305 1239 quale
1337 1184 1444 1238 ejus.
1504 1183 1643 1238 Apud
1676 1183 1778 1224 Mo-

283 1263 378 1299 sen,

352 1348 510 1381 “Moses
527 1349 616 1381 dixit
639 1349 684 1380 ad
708 1348 883 1390 Jehovam
889 1373 981 1387 .....
990 1347 1044 1379 Tu
1068 1348 1200 1386 dixisti,
1223 1347 1317 1379 Novi
1342 1353 1376 1379 te
1400 1347 1547 1378 nomine
1571 1352 1714 1385 tuoz...
1729 1353 1781 1379 .et

456 1393 619 1436 Jehovah
637 1393 725 1424 dixit
748 1393 793 1424 ad
819 1392 960 1430 Mosen,
983 1391 1099 1423 Etiam
1117 1393 1264 1423 verbum
1289 1392 1356 1423 hoc
1374 1391 1469 1433 quod
1492 1391 1612 1423 dixisti
1635 1391 1776 1429 faciam,

457 1437 539 1479 quia
555 1437 639 1468 novi
657 1443 691 1469 te
710 1436 855 1468 nomine
868 1435 886 1448 ''
903 1435 1027 1476 (Exod.
1044 1435 1166 1468 xxxiii.
1185 1443 1236 1474 12,
1256 1434 1308 1476 17)
1324 1444 1331 1475 ;

283 1526 403 1581 quod
432 1525 677 1567 “noverit’'
704 1524 865 1566 Mosen
895 1523 1156 1574 “nomine‚”
1182 1529 1252 1565 est
1278 1523 1399 1578 quod
1431 1522 1607 1564 noverit
1635 1522 1780 1578 qualis

284 1597 367 1632 est.
430 1590 482 1631 In
508 1588 795 1643 Apocalypsi,

353 1684 512 1716 “Habes
541 1694 654 1725 pauca
682 1684 829 1716 nomina
857 1684 892 1715 in
923 1683 1103 1721 Sardibus,
1125 1680 1248 1724 [¹]quae
1272 1693 1346 1714 non
1371 1682 1651 1724 inquinaverunt
1673 1682 1781 1714 vesti·
1837 1702 1841 1707 ·

458 1735 580 1760 menta
595 1738 696 1761 sua:.
712 1753 719 1760 .
733 1753 740 1760 .
755 1728 918 1760 ,vincens
942 1727 998 1759 hic
1015 1727 1188 1759 vestietur
1204 1727 1429 1759 vestimentis
1453 1726 1554 1764 albis,
1565 1751 1572 1759 .
1587 1751 1595 1759 .
1608 1751 1616 1759 .
1631 1731 1681 1759 .et
1697 1736 1782 1758 con-

458 1773 585 1804 fitebor
601 1782 733 1803 nomen
752 1772 830 1812 ejus
854 1781 974 1803 coram
1003 1771 1107 1803 Patre
1132 1781 1228 1803 meo.
1243 1795 1250 1803 .
1264 1796 1271 1803 .
1287 1782 1312 1803 .:
1339 1771 1397 1812 qui
1415 1770 1536 1809 vincit,
1547 1795 1554 1802 .
1569 1794 1577 1803 .
1590 1794 1598 1802 .
1613 1770 1780 1803 ‚scribam

458 1826 564 1857 super
577 1826 657 1848 eum
677 1826 808 1847 nomen
829 1815 894 1847 Dei
913 1815 994 1852 mei,
1011 1821 1046 1846 et
1063 1825 1194 1846 nomen
1213 1815 1367 1846 civitatis
1386 1814 1453 1846 Dei
1470 1814 1540 1845 mei
1558 1823 1675 1846 novae
1694 1813 1780 1846 Hie-

458 1861 677 1901 rosolymae.
692 1884 699 1892 .
713 1884 720 1892 .
735 1884 759 1898 .,
780 1865 815 1891 et
832 1869 964 1891 nomen
982 1869 1102 1891 meum
1120 1868 1254 1890 novum
1266 1858 1285 1871 '’
1302 1858 1364 1899 (iii.
1380 1867 1412 1898 4,
1431 1865 1461 1897 5,
1479 1858 1554 1899 12);

284 1935 404 2010 quod
438 1955 674 1996 “nomen”
708 1954 780 1996 hic
819 1953 1044 2008 significet
1076 1953 1208 2008 quale
1246 1959 1393 1994 status
1425 1953 1573 2007 quoad
1609 1952 1779 1994 bonum

283 2019 448 2061 amoris
475 2026 520 2060 et
547 2031 702 2059 verum
728 2018 845 2067 fidei,
874 2024 1087 2059 constare
1113 2023 1282 2071 potest.
1344 2015 1483 2066 Alibi,

1570 2116 1619 2133 ..ι’

353 2118 547 2160 “Quorum
566 2127 639 2202 n)on
657 2118 789 2159 scripta
812 2123 896 2149 sunt
913 2117 1062 2149 nomina
1085 2117 1121 2148 in
1147 2117 1238 2149 libro
1262 2117 1356 2149 vitae
1366 2116 1384 2130 ’⁷
1412 2114 1527 2158 (Apoc.
1544 2126 1616 2148 xm.
1635 2117 1674 2155 8;
1699 2125 1776 2157 cap.

458 2162 542 2194 xvii.
561 2163 578 2193 8
606 2171 613 2201 ;
1569 2163 1573 2167 '

287 2259 510 2299 “nomina
543 2258 712 2312 scripta
749 2258 793 2298 in
835 2257 947 2298 libro
988 2255 1149 2304 vitae,”
1194 2262 1299 2298 sunt
1339 2257 1491 2297 omnia
1530 2257 1695 2298 amoris
1733 2263 1780 2298 et

284 2321 387 2363 fidei
429 2322 536 2375 ejus,
574 2323 639 2363 ita
679 2322 831 2380 omnia
868 2322 991 2362 vitae
1033 2321 1276 2375 spiritualis
1318 2320 1425 2374 ejus,
1469 2320 1619 2374 qualia
1659 2327 1778 2362 sunt.

285 2384 426 2435 Alibi,

353 2474 567 2560 “Vidcffunt
584 2474 740 2559 facier13''
755 2475 822 2508 Dei
839 2481 874 2506 et
891 2474 1074 2515 Agni,“et
1092 2484 1223 2505 nomen
1243 2473 1361 2514 Ipsius
1379 2473 1414 2505 in
1432 2473 1609 2505 frontibus
1626 2482 1750 2505 eorum
1761 2471 1780 2485 ’⁹

487 2523 560 2560 poc.
577 2519 660 2551 xxii.
677 2528 698 2558 4
725 2528 732 2557 ;

288 2618 492 2656 “nomen
533 2616 576 2655 in
617 2614 870 2655 frontibus”
907 2621 978 2656 est
1018 2619 1166 2655 status
1207 2614 1387 2662 amoris,
1429 2611 1622 2654 “frons”
1659 2612 1779 2653 enim

285 2673 611 2732 coirespondet
640 2679 794 2727 amori,
824 2685 870 2719 et
902 2678 1006 2719 inde
1038 2677 1262 2730 significat
1294 2677 1432 2718 illum.
1494 2675 1629 2729 Quod
1659 2678 1779 2716 “no-

286 2741 421 2782 men”
442 2743 486 2782 in
513 2741 669 2782 Verbo
695 2741 918 2794 significet
945 2741 1077 2795 quale
1104 2746 1252 2781 status
1278 2739 1487 2788 hominis,
1512 2744 1583 2779 est
1607 2738 1709 2792 quia
1734 2739 1778 2778 in

276 2805 505 2858 >spirituali
525 2805 693 2846 mundo
711 2805 897 2859 quilibet
921 2803 1443 2849 nominaturbsecundum
1466 2808 1638 2843 statum
1656 2802 1778 2842 vitae

285 2869 330 2909 in
353 2882 440 2922 quo
463 2874 546 2917 est,
571 2869 635 2909 ita
657 2870 802 2909 varie:
838 2868 1018 2922 loquela
1041 2868 1160 2908 enim
1187 2866 1429 2921 spiritualis
1452 2879 1542 2906 non
1565 2871 1635 2906 est
1662 2865 1779 2906 sicut

286 2931 467 2985 loquela
492 2932 714 2983 humana;
758 2932 1073 2985 exprimuntur
1098 2931 1250 2971 omnia
1281 2930 1339 2970 ibi
1371 2928 1619 2970 secundum
1653 2927 1778 2968 ideas

287 2995 343 3036 de
374 2996 505 3036 rebus
536 3002 582 3037 et
615 2996 670 3036 de
708 2996 925 3049 personis,
958 3008 1009 3036 ac
1042 2994 1170 3035 ideae
1206 2993 1310 3034 illae
1348 2992 1516 3041 cadunt
1552 2991 1603 3032 in*
1627 3003 1777 3032 voceS.
