2060 3476
685 346 792 380 CAP.
817 347 883 387 11.,
909 346 1048 379 vERs.
1077 346 1247 391 19.——N.
1276 347 1366 392 157.
1685 345 1765 391 205

268 460 512 516 loquendo,
532 475 646 516 quae
663 466 768 501 sunt
791 459 956 501 amoris
979 465 1025 501 et
1048 458 1177 511 fidei;
1210 459 1324 501 haec
1347 465 1453 501 sunt
1475 459 1519 500 in
1543 459 1767 513 operibus,

268 523 389 563 unde
414 522 528 563 haec
554 527 661 562 sunt
686 520 862 562 ultima.
921 531 1035 569 (Quod
1053 531 1203 560 interiora
1216 540 1299 568 quae
1314 531 1428 560 mentis
1443 531 1620 560 successive
1635 530 1772 559 influant

267 584 300 612 in
314 588 453 618 externa,
469 592 571 620 usque
588 583 620 611 in
635 586 811 611 extremum
826 590 884 610 seu
898 581 1056 616 ultimum,
1072 586 1104 610 et
1117 582 1207 618 quod
1227 582 1270 610 ibi
1285 582 1380 610 etiam
1395 582 1530 610 existant
1545 585 1575 610 et
1590 581 1770 614 subsistant,

268 630 412 659 videatur
423 639 454 659 n.
466 630 536 667 634,
548 630 638 667 6239,
649 627 865 666 6465,[¹]9215,
878 628 974 665 9216:
997 628 1087 665 quod
1098 628 1193 657 etiam
1208 628 1345 657 forment
1358 628 1391 656 in
1405 628 1518 656 ultimo
1534 628 1771 660 simultaneum,

269 685 333 714 qua
347 677 435 710 serie,
452 685 482 706 n.
499 678 588 713 5897,
603 676 693 713 6451,
709 675 798 712 8603,
816 683 930 712 10099:
953 675 1043 712 quod
1063 679 1149 703 totus
1169 675 1268 703 homo
1283 674 1322 703 sit
1342 674 1375 703 in
1390 674 1480 703 saetis
1495 683 1552 703 seu
1566 674 1726 712 operibus,
1742 678 1774 702 et

269 724 358 760 quod
379 723 412 752 id
434 724 579 752 nondum
594 722 706 751 existat
719 722 809 759 quod
830 722 929 750 modo
944 725 991 750 est
1011 721 1043 750 in
1059 721 1139 750 velle
1154 725 1184 750 et
1199 730 1265 750 non
1286 721 1318 749 in
1340 721 1452 755 facere,
1468 730 1541 750 cum
1556 721 1656 750 homo
1671 720 1774 749 facere

268 778 383 811 potest,
399 773 432 802 in
446 782 543 811 opere
558 773 609 802 De
627 772 717 802 Caelo
731 774 762 800 et
775 771 911 810 Inferna,
926 780 957 800 n.
973 778 1043 808 475.
1059 771 1144 809 476.)
1204 760 1290 800 His
1315 760 1513 812 adjicere
1538 760 1676 800 velim
1699 773 1770 799 ar-

270 838 448 872 canum,
473 823 593 878 quod
620 822 822 864 nondum
845 828 1002 863 notum
1028 828 1098 863 est
1117 820 1380 875 z—Spiritus
1402 822 1597 862 hominis
1623 822 1668 861 in
1690 820 1772 861 tali

269 888 414 929 forma
439 887 638 928 humana
658 891 848 939 apparet
874 891 979 939 post
1002 891 1212 934 mortem,
1237 886 1281 925 in
1308 885 1428 939 quali
1451 886 1546 925 vita
1571 883 1772 925 affectio-

271 953 338 992 nis
376 950 468 1004 ejus
505 950 586 991 fuit
623 950 667 990 in
700 949 895 999 mundo;
939 950 984 989 in
1014 949 1157 990 forma
1193 948 1382 1002 pulchra
1413 949 1448 989 si
1479 950 1575 989 vita
1606 948 1773 988 amoris

270 1014 483 1055 caelestis
520 1014 560 1054 ei
596 1013 754 1060 fuerat,
789 1018 836 1052 at
874 1013 918 1053 in
954 1012 1097 1053 forma
1134 1011 1386 1066 impulchra
1423 1013 1458 1052 si
1484 1012 1579 1052 vita
1605 1011 1771 1051 amoris

271 1078 512 1119 terrestris.
575 1076 687 1118 Inde
725 1083 795 1118 est
833 1076 954 1130 quod
995 1074 1162 1129 angeli'
1184 1076 1275 1116 sint
1315 1075 1486 1116 formae
1523 1075 1688 1115 amoris
1726 1080 1773 1114 et

271 1141 521 1182 charitatis.
584 1139 674 1181 Sed
706 1139 794 1181 illis
821 1153 913 1180 non
944 1139 1087 1180 forma
1113 1145 1209 1179 tam
1240 1137 1429 1192 pulchra
1454 1144 1525 1179 est
1551 1152 1611 1179 ex
1638 1137 1773 1179 affec-

271 1205 398 1245 tione
429 1203 567 1244 solius
599 1204 894 1256 cogitationis
926 1209 972 1243 et
1001 1202 1268 1251 voluntatis,
1296 1202 1377 1242 sed
1409 1216 1468 1243 ex
1500 1201 1677 1242 illarum
1709 1201 1773 1242 af-

270 1266 464 1309 fectione
501 1268 545 1308 in
582 1265 710 1308 factis
742 1281 820 1308 seu
857 1266 1093 1320 operibus;
1131 1263 1250 1306 saeta
1281 1266 1400 1306 enim
1432 1279 1510 1306 seu
1543 1279 1680 1318 opera
1712 1279 1772 1306 ex

272 1329 509 1372 affectione
546 1330 807 1371 voluntatis
836 1336 883 1371 et
924 1330 1234 1382 cogitationis,
1268 1342 1346 1370 seu
1378 1330 1543 1369 amoris
1575 1335 1621 1369 et
1655 1327 1773 1377 fidei,

271 1394 441 1435 faciunt
459 1399 700 1434 externam
716 1393 914 1446 speciem
933 1393 1130 1446 spiritus,
1147 1392 1211 1432 ita
1230 1390 1614 1444 pulchritudinem
1632 1390 1774 1439 faciei,

272 1457 472 1510 corporis
504 1462 551 1496 et
583 1454 791 1509 loquelae
823 1454 929 1507 ejus.
993 1453 1141 1495 Causa
1167 1460 1252 1502 est,
1281 1454 1384 1507 quia
1413 1454 1528 1494 sicut
1562 1453 1776 1494 interiora

272 1519 486 1560 desinunt
516 1519 560 1559 in
592 1516 710 1559 facta
736 1531 815 1558 seu
847 1530 985 1571 opera
1016 1522 1064 1557 ut
1097 1517 1142 1557 in
1168 1530 1247 1556 sua
1274 1522 1498 1564 extrema,
1526 1516 1591 1556 ita
1617 1517 1660 1556 in
1686 1515 1775 1556 for-

273 1595 394 1622 mam
427 1582 626 1634 corporis
659 1586 928 1630 externam;
962 1592 1066 1620 nam
1094 1585 1256 1620 notum
1283 1585 1353 1619 est
1380 1579 1501 1632 quod
1534 1591 1668 1619 omne
1694 1592 1775 1618 vo-

274 1644 463 1685 luntatis
490 1643 685 1684 hominis
712 1643 891 1683 desinat
917 1643 961 1683 in
989 1642 1189 1695 corporis
1216 1647 1438 1682 extrema.
1502 1641 1608 1681 Pars
1641 1641 1700 1681 ibi
1732 1641 1775 1681 in

274 1719 409 1761 quam
435 1719 526 1746 non
553 1705 720 1746 desinit
746 1704 959 1746 voluntas
986 1718 1077 1745 non
1104 1711 1174 1745 est
1202 1718 1304 1757 pars
1331 1704 1546 1757 corporiS‚
1571 1709 1620 1744 ut
1646 1709 1776 1757 patet

273 1770 331 1810 ab
349 1767 522 1810 actibus
540 1769 680 1809 etiam
698 1768 892 1808 minimis
911 1767 1124 1821 corporis,
1144 1768 1218 1821 qui
1240 1780 1399 1807 omnes
1422 1766 1563 1807 fluunt
1582 1781 1642 1807 ex
1666 1772 1777 1806 nutu

273 1830 528 1871 voluntatis
558 1835 605 1870 et
636 1830 860 1869 sistuntur
890 1829 935 1868 in
965 1828 1168 1881 corporis
1199 1828 1422 1868 extremis
1451 1837 1611 1875 (videatur
1628 1838 1660 1866 in
1680 1846 1777 1875 opere

275 1893 326 1921 De
352 1892 442 1921 Caelo
464 1895 496 1920 et
518 1891 656 1930 Infima,
680 1899 712 1921 n.
736 1897 785 1927 59.
809 1891 866 1925 60;
898 1895 929 1919 et
951 1890 984 1918 in
1007 1889 1163 1927 opusculo
1187 1890 1238 1918 De
1268 1889 1387 1918 Ultimo
1413 1888 1558 1928 Judicio,
1582 1897 1613 1917 n.
1637 1896 1686 1924 3ο,
1711 1887 1778 1924 31).

274 1939 403 1980 Idem
444 1945 656 1980 constare
697 1944 852 1992 potest
893 1951 952 1978 ex
989 1951 1058 1985 eo,
1097 1937 1218 1991 quod
1259 1938 1441 1990 spiritus
1481 1936 1677 1977 hominis
1718 1936 1776 1975 sit

274 2016 455 2057 prorsus
487 2003 603 2043 sicut
635 2001 728 2054 ejus
754 2000 993 2042 voluntas:
1028 2014 1119 2041 non
1148 2001 1264 2041 sicut
1296 2000 1389 2053 ejus
1420 1999 1635 2040 voluntas
1662 2012 1778 2052 quae

275 2079 365 2107 non
397 2065 492 2106 abit
524 2065 569 2105 in
601 2062 752 2105 aetum
778 2063 961 2118 quando
993 2069 1175 2117 potest;
1209 2077 1262 2104 ea
1287 2062 1502 2103 voluntas
1535 2068 1605 2103 est
1638 2061 1776 2102 modo

274 2128 511 2181 cogitatio,
531 2128 576 2167 in
593 2141 681 2180 qua
703 2132 893 2180 apparet
915 2126 1032 2166 sicut
1051 2125 1170 2166 velle
1188 2140 1196 2176 ;
1231 2125 1311 2166 sed
1334 2131 1405 2166 est
1429 2126 1544 2165 sicut
1563 2124 1778 2165 voluntas

275 2189 477 2239 actualis,
501 2203 616 2244 quae
642 2203 734 2230 non
760 2190 912 2243 potius
938 2189 1168 2230 desiderat
1195 2201 1330 2242 quam
1357 2202 1519 2241 agere:
1554 2187 1676 2228 haec
1694 2201 1776 2227 vo·

275 2252 428 2293 luntas
465 2259 536 2293 est
573 2252 734 2292 eadem
766 2265 868 2292 cum
906 2251 1000 2304 ejus
1037 2264 1219 2301 amore;
1263 2247 1512 2292 secundum
1550 2250 1667 2290 hanc
1706 2255 1777 2290 est

276 2319 405 2353 totus
430 2313 629 2366 spiritus,
656 2318 703 2353 et
729 2311 824 2365 ejus
849 2312 994 2352 forma
1018 2312 1246 2362 humana3
1279 2323 1382 2360 (quod
1399 2323 1546 2351 voluntas
1561 2330 1618 2350 seu
1632 2330 1724 2350 amor
1741 2321 1781 2349 sit

276 2377 343 2414 ipse
365 2376 500 2414 spiritus,
520 2376 666 2405 videatur
687 2385 793 2414 supra,
826 2385 860 2405 n.
893 2375 981 2417 105,
1006 2376 1092 2416 et'in
1115 2385 1212 2414 opere
1235 2377 1288 2405 De
1312 2376 1403 2405 Caelo
1425 2379 1455 2404 et
1476 2376 1613 2414 Inferno,
1634 2384 1665 2404 n.
1685 2373 1778 2412 479;)

277 2427 397 2468 unde
423 2433 494 2468 est
520 2427 642 2481 quod
674 2428 814 2468 toties
841 2428 886 2467 in
913 2426 1070 2468 Verbo
1096 2427 1273 2467 dicatur
1298 2427 1418 2480 quod
1447 2426 1586 2467 homo
1612 2425 1778 2466 debeat

279 2491 456 2531 “facere
469 2490 754 2555 praecepta‚’'
769 2497 815 2531 et
830 2490 950 2544 quod
965 2491 1004 2531 ei
1018 2490 1291 2531 retribuetur
1305 2489 1553 2530 secundum
1571 2493 1596 2509 “
1608 2487 1726 2530 sacta
1743 2488 1779 2539 ;”

277 2554 364 2594 hoc
393 2560 478 2602 est,
502 2554 749 2594 secundum
772 2566 973 2594 amorem
999 2554 1043 2594 in
1069 2551 1212 2601 faffls,
1237 2566 1327 2594 non
1350 2559 1503 2593 autem
1530 2552 1778 2593 secundum

278 2629 481 2658 amorem
518 2616 687 2670 absque
723 2614 866 2664 factis,
906 2616 942 2656 si
979 2616 1124 2657 facere
1163 2622 1331 2669 potest.
1395 2615 1584 2663 Dicitur,
1622 2615 1779 2656 “Novi

279 2694 417 2734 opera
439 2686 531 2727 tua,
551 2685 597 2720 et
620 2679 780 2720 ultima
805 2679 933 2733 plura
955 2680 1173 2732 prioribus
1191 2678 1226 2730 ;’'
1258 2685 1304 2720 et
1328 2693 1407 2732 per
1431 2678 1629 2719 “ultima
1652 2678 1780 2731 plura

238 2792 242 2796 ι
279 2742 531 2798 prioribus'’
557 2741 828 2795 intelligitur
853 2743 973 2796 quod
1005 2742 1208 2796 pleniora
1234 2743 1324 2783 sint
1351 2755 1504 2783 amore
1537 2748 1642 2795 post
1669 2755 1778 2782 con-

274 2804 554 2859 juntffionem
592 2805 756 2845 interni
792 2805 988 2846 hominis
1025 2819 1126 2846 cum
1158 2811 1379 2855 externo;
1423 2818 1527 2845 nam
1559 2811 1780 2858 quantum

279 2867 803 2921 internus.conjungitur
833 2875 1041 2918 externo,
1076 2874 1256 2910 tantum
1294 2868 1393 2922 plus
1430 2869 1595 2909 interni
1632 2873 1702 2908 est
1735 2868 1779 2907 in

280 2932 500 2981 externis,
521 2937 853 2985 consequenter
870 2932 914 2972 in
926 2930 1064 2985 ‘factis
1082 2946 1160 2973 seu
1177 2932 1386 2985 operibus
1404 2945 1412 2972 :
1447 2938 1641 2972 externa
1659 2930 1779 2970 enim

281 3008 360 3036 seu
393 3008 534 3050 vopera
571 3008 661 3035 non
699 3000 805 3035 sunt
842 2995 924 3035 nisi
961 3008 1095 3049 quam
1134 2993 1317 3036 effeetus
1354 2995 1631 3041 interiorum,
1665 3006 1779 3046 quae
