<?xml version="1.0" encoding="UTF-8"?>
<!DOCTYPE html PUBLIC "-//W3C//DTD XHTML 1.0 Transitional//EN"
    "http://www.w3.org/TR/xhtml1/DTD/xhtml1-transitional.dtd">
<html xmlns="http://www.w3.org/1999/xhtml" xml:lang="en" lang="en">
 <head>
  <title>
</title>
<meta http-equiv="Content-Type" content="text/html;charset=utf-8" />
  <meta name='ocr-system' content='tesseract 3.04.00' />
  <meta name='ocr-capabilities' content='ocr_page ocr_carea ocr_par ocr_line ocrx_word'/>
</head>
<body>
  <div class='ocr_page' id='page_1' title='image "apocalypsisexpli01sweduoft_0609.png"; bbox 0 0 2060 3476; ppageno 0'>
   <div class='ocr_carea' id='block_1_1' title="bbox 625 347 1723 434">
    <p class='ocr_par' dir='ltr' id='par_1_1' title="bbox 625 347 1723 434">
     <span class='ocr_line' id='line_1_1' title="bbox 625 347 1723 434; baseline -0.005 -10"><span class='ocrx_word' id='word_1_1' title='bbox 625 391 732 424; x_wconf 87' lang='lat' dir='ltr'><strong>CAP.</strong></span> <span class='ocrx_word' id='word_1_2' title='bbox 754 390 814 432; x_wconf 90' lang='lat' dir='ltr'><strong>v.,</strong></span> <span class='ocrx_word' id='word_1_3' title='bbox 837 389 976 422; x_wconf 84' lang='lat' dir='ltr'>VERS.</span> <span class='ocrx_word' id='word_1_4' title='bbox 998 389 1147 434; x_wconf 83' lang='lat' dir='ltr'><strong>9.—N.</strong></span> <span class='ocrx_word' id='word_1_5' title='bbox 1171 378 1330 434; x_wconf 86' lang='lat' dir='ltr'><strong>328[e].</strong></span> <span class='ocrx_word' id='word_1_6' title='bbox 1535 347 1537 349; x_wconf 21' lang='grc' dir='ltr'>Ι</span> <span class='ocrx_word' id='word_1_7' title='bbox 1640 378 1723 431; x_wconf 90' lang='lat'><strong>603</strong></span> 
     </span>
    </p>
   </div>
   <div class='ocr_carea' id='block_1_2' title="bbox 227 500 1726 826">
    <p class='ocr_par' dir='ltr' id='par_1_2' title="bbox 227 500 1724 748">
     <span class='ocr_line' id='line_1_2' title="bbox 227 500 1724 553; baseline -0.004 -6"><span class='ocrx_word' id='word_1_8' title='bbox 227 505 352 547; x_wconf 85' lang='lat' dir='ltr'><strong>falsis</strong></span> <span class='ocrx_word' id='word_1_9' title='bbox 373 511 420 548; x_wconf 93' lang='lat' dir='ltr'><strong>et</strong></span> <span class='ocrx_word' id='word_1_10' title='bbox 451 505 796 553; x_wconf 84' lang='lat' dir='ltr'><strong>tenebuntur,in</strong></span> <span class='ocrx_word' id='word_1_11' title='bbox 821 504 951 553; x_wconf 87' lang='lat' dir='ltr'><strong>veris,</strong></span> <span class='ocrx_word' id='word_1_12' title='bbox 979 509 1027 545; x_wconf 91' lang='lat' dir='ltr'><strong>et</strong></span> <span class='ocrx_word' id='word_1_13' title='bbox 1056 506 1082 524; x_wconf 91' lang='lat'>“</span> <span class='ocrx_word' id='word_1_14' title='bbox 1101 503 1224 544; x_wconf 90' lang='lat' dir='ltr'><strong>omni</strong></span> <span class='ocrx_word' id='word_1_15' title='bbox 1255 502 1327 544; x_wconf 95' lang='lat' dir='ltr'><strong>die</strong></span> <span class='ocrx_word' id='word_1_16' title='bbox 1357 501 1598 543; x_wconf 85' lang='lat' dir='ltr'><strong>benedicet</strong></span> <span class='ocrx_word' id='word_1_17' title='bbox 1629 500 1724 542; x_wconf 88' lang='lat' dir='ltr'><strong>illi&#39;&#39;</strong></span> 
     </span>
     <span class='ocr_line' id='line_1_3' title="bbox 228 563 1723 623; baseline -0.004 -13"><span class='ocrx_word' id='word_1_18' title='bbox 228 568 454 622; x_wconf 89' lang='lat' dir='ltr'><strong>significat</strong></span> <span class='ocrx_word' id='word_1_19' title='bbox 486 568 606 623; x_wconf 93' lang='lat' dir='ltr'><strong>quod</strong></span> <span class='ocrx_word' id='word_1_20' title='bbox 629 568 846 610; x_wconf 90' lang='lat' dir='ltr'><strong>continuo</strong></span> <span class='ocrx_word' id='word_1_21' title='bbox 872 573 1004 608; x_wconf 91' lang='lat' dir='ltr'><strong>erunt</strong></span> <span class='ocrx_word' id='word_1_22' title='bbox 1034 567 1079 607; x_wconf 91' lang='lat' dir='ltr'><strong>in</strong></span> <span class='ocrx_word' id='word_1_23' title='bbox 1110 566 1232 608; x_wconf 94' lang='lat' dir='ltr'><strong>bono</strong></span> <span class='ocrx_word' id='word_1_24' title='bbox 1257 565 1496 606; x_wconf 90' lang='lat' dir='ltr'><strong>charitatis</strong></span> <span class='ocrx_word' id='word_1_25' title='bbox 1526 570 1573 606; x_wconf 93' lang='lat' dir='ltr'><strong>et</strong></span> <span class='ocrx_word' id='word_1_26' title='bbox 1605 563 1723 612; x_wconf 89' lang='lat' dir='ltr'><strong>fidei,</strong></span> 
     </span>
     <span class='ocr_line' id='line_1_4' title="bbox 227 628 1724 680; baseline -0.003 -9"><span class='ocrx_word' id='word_1_27' title='bbox 227 630 316 672; x_wconf 90' lang='lat' dir='ltr'><strong>hoc</strong></span> <span class='ocrx_word' id='word_1_28' title='bbox 342 632 462 673; x_wconf 90' lang='lat' dir='ltr'><strong>enim</strong></span> <span class='ocrx_word' id='word_1_29' title='bbox 487 638 558 673; x_wconf 89' lang='lat' dir='ltr'><strong>est</strong></span> <span class='ocrx_word' id='word_1_30' title='bbox 585 629 911 672; x_wconf 64' lang='lat' dir='ltr'><strong>“benedictio&#39;’</strong></span> <span class='ocrx_word' id='word_1_31' title='bbox 938 630 1115 678; x_wconf 88' lang='lat' dir='ltr'><strong>Divina,</strong></span> <span class='ocrx_word' id='word_1_32' title='bbox 1143 634 1191 670; x_wconf 92' lang='lat' dir='ltr'><strong>et</strong></span> <span class='ocrx_word' id='word_1_33' title='bbox 1216 628 1326 669; x_wconf 93' lang='lat' dir='ltr'><strong>illud</strong></span> <span class='ocrx_word' id='word_1_34' title='bbox 1351 634 1422 669; x_wconf 90' lang='lat' dir='ltr'><strong>est</strong></span> <span class='ocrx_word' id='word_1_35' title='bbox 1451 630 1616 668; x_wconf 90' lang='lat' dir='ltr'><strong>“orare</strong></span> <span class='ocrx_word' id='word_1_36' title='bbox 1643 640 1724 680; x_wconf 88' lang='lat' dir='ltr'><strong>pro</strong></span> 
     </span>
     <span class='ocr_line' id='line_1_5' title="bbox 229 693 960 748; baseline -0.001 -14"><span class='ocrx_word' id='word_1_37' title='bbox 229 694 309 736; x_wconf 91' lang='lat' dir='ltr'><strong>illo</strong></span> <span class='ocrx_word' id='word_1_38' title='bbox 329 694 534 748; x_wconf 89' lang='lat' dir='ltr'><strong>jugiter.”</strong></span> <span class='ocrx_word' id='word_1_39' title='bbox 594 693 733 748; x_wconf 92' lang='lat' dir='ltr'>Apud</span> <span class='ocrx_word' id='word_1_40' title='bbox 756 693 960 742; x_wconf 85' lang='lat' dir='ltr'><em>Esaiam,</em></span> 
     </span>
    </p>

    <p class='ocr_par' dir='ltr' id='par_1_3' title="bbox 299 779 1726 826">
     <span class='ocr_line' id='line_1_6' title="bbox 299 779 1726 826; baseline -0.004 -10"><span class='ocrx_word' id='word_1_41' title='bbox 299 784 389 816; x_wconf 89' lang='lat' dir='ltr'><strong>“Sic</strong></span> <span class='ocrx_word' id='word_1_42' title='bbox 405 784 495 816; x_wconf 86' lang='lat' dir='ltr'><strong>dixit</strong></span> <span class='ocrx_word' id='word_1_43' title='bbox 509 783 684 826; x_wconf 88' lang='lat' dir='ltr'><strong>Jehovah,</strong></span> <span class='ocrx_word' id='word_1_44' title='bbox 705 783 826 815; x_wconf 86' lang='lat' dir='ltr'><strong>Gratis</strong></span> <span class='ocrx_word' id='word_1_45' title='bbox 842 782 980 814; x_wconf 85' lang='lat' dir='ltr'><strong>venditi</strong></span> <span class='ocrx_word' id='word_1_46' title='bbox 1003 781 1103 820; x_wconf 89' lang='lat' dir='ltr'><strong>estis,</strong></span> <span class='ocrx_word' id='word_1_47' title='bbox 1124 787 1160 813; x_wconf 92' lang='lat' dir='ltr'><strong>et</strong></span> <span class='ocrx_word' id='word_1_48' title='bbox 1183 790 1257 812; x_wconf 89' lang='lat' dir='ltr'><strong>non</strong></span> <span class='ocrx_word' id='word_1_49' title='bbox 1281 790 1346 821; x_wconf 89' lang='lat' dir='ltr'><strong>per</strong></span> <span class='ocrx_word' id='word_1_50' title='bbox 1361 785 1550 820; x_wconf 88' lang='lat' dir='ltr'><strong>argentum</strong></span> <span class='ocrx_word' id='word_1_51' title='bbox 1575 779 1726 811; x_wconf 89' lang='lat' dir='ltr'><strong>redime-</strong></span> 
     </span>
    </p>
   </div>
   <div class='ocr_carea' id='block_1_3' title="bbox 404 823 1724 911">
    <p class='ocr_par' dir='ltr' id='par_1_4' title="bbox 404 823 1724 911">
     <span class='ocr_line' id='line_1_7' title="bbox 404 823 1724 867; baseline -0.005 -7"><span class='ocrx_word' id='word_1_52' title='bbox 404 828 494 859; x_wconf 90' lang='lat' dir='ltr'><strong>mini</strong></span> <span class='ocrx_word' id='word_1_53' title='bbox 507 837 531 865; x_wconf 85' lang='lat'><strong>;.</strong></span> <span class='ocrx_word' id='word_1_54' title='bbox 545 852 552 859; x_wconf 92' lang='lat'>.</span> <span class='ocrx_word' id='word_1_55' title='bbox 568 853 575 860; x_wconf 93' lang='lat'>.</span> <span class='ocrx_word' id='word_1_56' title='bbox 589 827 642 859; x_wconf 86' lang='lat' dir='ltr'><strong>.in</strong></span> <span class='ocrx_word' id='word_1_57' title='bbox 653 827 859 867; x_wconf 83' lang='lat' dir='ltr'><strong>Aegyptum</strong></span> <span class='ocrx_word' id='word_1_58' title='bbox 873 826 1059 858; x_wconf 87' lang='lat' dir='ltr'><strong>descendit</strong></span> <span class='ocrx_word' id='word_1_59' title='bbox 1074 825 1228 866; x_wconf 92' lang='lat' dir='ltr'><strong>populus</strong></span> <span class='ocrx_word' id='word_1_60' title='bbox 1242 834 1343 855; x_wconf 90' lang='lat' dir='ltr'><strong>meus</strong></span> <span class='ocrx_word' id='word_1_61' title='bbox 1356 824 1402 855; x_wconf 91' lang='lat' dir='ltr'><strong>ad</strong></span> <span class='ocrx_word' id='word_1_62' title='bbox 1418 823 1724 864; x_wconf 86' lang='lat' dir='ltr'><strong>peregrinandum</strong></span> 
     </span>
     <span class='ocr_line' id='line_1_8' title="bbox 404 867 1359 911; baseline -0.004 -8"><span class='ocrx_word' id='word_1_63' title='bbox 404 871 465 910; x_wconf 83' lang='lat' dir='ltr'><strong>ibi,</strong></span> <span class='ocrx_word' id='word_1_64' title='bbox 485 871 549 903; x_wconf 89' lang='lat' dir='ltr'><strong>sed</strong></span> <span class='ocrx_word' id='word_1_65' title='bbox 565 871 708 902; x_wconf 91' lang='lat' dir='ltr'><strong>Aschur</strong></span> <span class='ocrx_word' id='word_1_66' title='bbox 724 871 836 902; x_wconf 86' lang='lat' dir='ltr'><strong>nihilo</strong></span> <span class='ocrx_word' id='word_1_67' title='bbox 853 869 1032 911; x_wconf 87' lang='lat' dir='ltr'><strong>oppressit</strong></span> <span class='ocrx_word' id='word_1_68' title='bbox 1048 878 1130 901; x_wconf 91' lang='lat' dir='ltr'><strong>eum</strong></span> <span class='ocrx_word' id='word_1_69' title='bbox 1140 868 1159 880; x_wconf 90' lang='lat'><strong>’¹</strong></span> <span class='ocrx_word' id='word_1_70' title='bbox 1176 867 1240 909; x_wconf 89' lang='lat' dir='ltr'><strong>(lii.</strong></span> <span class='ocrx_word' id='word_1_71' title='bbox 1257 876 1288 907; x_wconf 79' lang='lat'><strong>3,</strong></span> <span class='ocrx_word' id='word_1_72' title='bbox 1303 867 1359 908; x_wconf 84' lang='lat'><strong>4);</strong></span> 
     </span>
    </p>
   </div>
   <div class='ocr_carea' id='block_1_4' title="bbox 228 956 1773 2208">
    <p class='ocr_par' dir='ltr' id='par_1_5' title="bbox 228 956 1773 2024">
     <span class='ocr_line' id='line_1_9' title="bbox 228 956 1724 1014; baseline -0.003 -12"><span class='ocrx_word' id='word_1_73' title='bbox 228 961 378 1014; x_wconf 86' lang='lat' dir='ltr'><strong>agitur</strong></span> <span class='ocrx_word' id='word_1_74' title='bbox 397 961 468 1002; x_wconf 93' lang='lat' dir='ltr'><strong>hic</strong></span> <span class='ocrx_word' id='word_1_75' title='bbox 491 961 548 1001; x_wconf 92' lang='lat' dir='ltr'><strong>de</strong></span> <span class='ocrx_word' id='word_1_76' title='bbox 570 960 856 1001; x_wconf 87' lang='lat' dir='ltr'><strong>desolatione</strong></span> <span class='ocrx_word' id='word_1_77' title='bbox 878 960 970 1001; x_wconf 89' lang='lat' dir='ltr'><strong>veri</strong></span> <span class='ocrx_word' id='word_1_78' title='bbox 992 973 1071 1013; x_wconf 87' lang='lat' dir='ltr'><strong>per</strong></span> <span class='ocrx_word' id='word_1_79' title='bbox 1091 957 1352 1006; x_wconf 87' lang='lat' dir='ltr'><strong>scientifica,</strong></span> <span class='ocrx_word' id='word_1_80' title='bbox 1373 963 1420 998; x_wconf 89' lang='lat' dir='ltr'><strong>et</strong></span> <span class='ocrx_word' id='word_1_81' title='bbox 1442 971 1521 1011; x_wconf 90' lang='lat' dir='ltr'><strong>per</strong></span> <span class='ocrx_word' id='word_1_82' title='bbox 1542 956 1724 998; x_wconf 91' lang='lat' dir='ltr'><strong>ratioci-</strong></span> 
     </span>
     <span class='ocr_line' id='line_1_10' title="bbox 229 1019 1722 1075; baseline -0.003 -10"><span class='ocrx_word' id='word_1_83' title='bbox 229 1025 302 1065; x_wconf 88' lang='lat' dir='ltr'><strong>nia</strong></span> <span class='ocrx_word' id='word_1_84' title='bbox 317 1023 533 1065; x_wconf 89' lang='lat' dir='ltr'><strong>naturalis</strong></span> <span class='ocrx_word' id='word_1_85' title='bbox 547 1023 742 1064; x_wconf 89' lang='lat' dir='ltr'><strong>hominis</strong></span> <span class='ocrx_word' id='word_1_86' title='bbox 757 1033 816 1064; x_wconf 79' lang='lat' dir='ltr'><strong>ex·</strong></span> <span class='ocrx_word' id='word_1_87' title='bbox 831 1022 918 1063; x_wconf 91' lang='lat' dir='ltr'><strong>illis</strong></span> <span class='ocrx_word' id='word_1_88' title='bbox 934 1037 943 1073; x_wconf 92' lang='grc'>;</span> <span class='ocrx_word' id='word_1_89' title='bbox 971 1035 1076 1063; x_wconf 90' lang='lat' dir='ltr'><strong>nam</strong></span> <span class='ocrx_word' id='word_1_90' title='bbox 1090 1019 1203 1075; x_wconf 58' lang='lat' dir='ltr'><strong>[uper</strong></span> <span class='ocrx_word' id='word_1_91' title='bbox 1217 1021 1338 1075; x_wconf 91' lang='lat' dir='ltr'><strong>quod</strong></span> <span class='ocrx_word' id='word_1_92' title='bbox 1355 1021 1437 1061; x_wconf 90' lang='lat' dir='ltr'><strong>“in</strong></span> <span class='ocrx_word' id='word_1_93' title='bbox 1453 1019 1722 1074; x_wconf 88' lang='lat' dir='ltr'><strong>Aegyptum</strong></span> 
     </span>
     <span class='ocr_line' id='line_1_11' title="bbox 230 1082 1725 1140; baseline -0.003 -12"><span class='ocrx_word' id='word_1_94' title='bbox 230 1087 468 1129; x_wconf 88' lang='lat' dir='ltr'><strong>descendit</strong></span> <span class='ocrx_word' id='word_1_95' title='bbox 490 1086 681 1140; x_wconf 90' lang='lat' dir='ltr'><strong>populus</strong></span> <span class='ocrx_word' id='word_1_96' title='bbox 704 1099 829 1127; x_wconf 88' lang='lat' dir='ltr'><strong>meus</strong></span> <span class='ocrx_word' id='word_1_97' title='bbox 851 1086 908 1127; x_wconf 92' lang='lat' dir='ltr'><strong>ad</strong></span> <span class='ocrx_word' id='word_1_98' title='bbox 931 1084 1311 1139; x_wconf 87' lang='lat' dir='ltr'><strong>peregrinandum</strong></span> <span class='ocrx_word' id='word_1_99' title='bbox 1333 1084 1394 1124; x_wconf 94' lang='lat' dir='ltr'><strong>ibi</strong></span> <span class='ocrx_word' id='word_1_100' title='bbox 1404 1083 1423 1098; x_wconf 94' lang='lat'><strong>”</strong></span> <span class='ocrx_word' id='word_1_101' title='bbox 1446 1082 1725 1136; x_wconf 87' lang='lat' dir='ltr'><strong>significatur</strong></span> 
     </span>
     <span class='ocr_line' id='line_1_12' title="bbox 229 1146 1724 1202; baseline -0.003 -11"><span class='ocrx_word' id='word_1_102' title='bbox 229 1148 467 1191; x_wconf 68' lang='lat' dir='ltr'><strong>instructio</strong></span> <span class='ocrx_word' id='word_1_103' title='bbox 498 1149 716 1190; x_wconf 88' lang='lat' dir='ltr'><strong>naturalis</strong></span> <span class='ocrx_word' id='word_1_104' title='bbox 753 1148 948 1190; x_wconf 89' lang='lat' dir='ltr'><strong>hominis</strong></span> <span class='ocrx_word' id='word_1_105' title='bbox 985 1162 1064 1202; x_wconf 90' lang='lat' dir='ltr'><strong>per</strong></span> <span class='ocrx_word' id='word_1_106' title='bbox 1095 1146 1343 1188; x_wconf 90' lang='lat' dir='ltr'><strong>scientifica</strong></span> <span class='ocrx_word' id='word_1_107' title='bbox 1374 1153 1421 1188; x_wconf 92' lang='lat' dir='ltr'><strong>et</strong></span> <span class='ocrx_word' id='word_1_108' title='bbox 1457 1161 1536 1200; x_wconf 91' lang='lat' dir='ltr'><strong>per</strong></span> <span class='ocrx_word' id='word_1_109' title='bbox 1567 1146 1724 1199; x_wconf 86' lang='lat' dir='ltr'><strong>cogni-</strong></span> 
     </span>
     <span class='ocr_line' id='line_1_13' title="bbox 229 1210 1723 1270; baseline -0.003 -16"><span class='ocrx_word' id='word_1_110' title='bbox 229 1214 380 1255; x_wconf 87' lang='lat' dir='ltr'><strong>tiones</strong></span> <span class='ocrx_word' id='word_1_111' title='bbox 405 1213 498 1254; x_wconf 90' lang='lat' dir='ltr'><strong>veri</strong></span> <span class='ocrx_word' id='word_1_112' title='bbox 515 1212 549 1264; x_wconf 90' lang='lat'><strong>;’&#39;</strong></span> <span class='ocrx_word' id='word_1_113' title='bbox 583 1212 868 1266; x_wconf 88' lang='lat' dir='ltr'><strong>“Aegyptus</strong></span> <span class='ocrx_word' id='word_1_114' title='bbox 882 1211 902 1227; x_wconf 89' lang='lat'><strong>&#39;&#39;</strong></span> <span class='ocrx_word' id='word_1_115' title='bbox 933 1211 1159 1265; x_wconf 87' lang='lat' dir='ltr'><strong>significat</strong></span> <span class='ocrx_word' id='word_1_116' title='bbox 1191 1210 1441 1270; x_wconf 70' lang='lat' dir='ltr'><strong>scientifica</strong></span> <span class='ocrx_word' id='word_1_117' title='bbox 1466 1216 1514 1250; x_wconf 89' lang='lat' dir='ltr'><strong>et</strong></span> <span class='ocrx_word' id='word_1_118' title='bbox 1546 1223 1723 1264; x_wconf 93' lang='lat' dir='ltr'><strong>quoque</strong></span> 
     </span>
     <span class='ocr_line' id='line_1_14' title="bbox 231 1272 1725 1330; baseline -0.003 -13"><span class='ocrx_word' id='word_1_119' title='bbox 231 1272 534 1330; x_wconf 77' lang='lat' dir='ltr'><strong>cognitiones,</strong></span> <span class='ocrx_word' id='word_1_120' title='bbox 568 1275 649 1316; x_wconf 92' lang='lat' dir='ltr'><strong>sed</strong></span> <span class='ocrx_word' id='word_1_121' title='bbox 684 1275 842 1329; x_wconf 89' lang='lat' dir='ltr'><strong>quales</strong></span> <span class='ocrx_word' id='word_1_122' title='bbox 883 1281 988 1315; x_wconf 92' lang='lat' dir='ltr'><strong>sunt</strong></span> <span class='ocrx_word' id='word_1_123' title='bbox 1024 1288 1084 1315; x_wconf 86' lang='lat' dir='ltr'><strong>ex</strong></span> <span class='ocrx_word' id='word_1_124' title='bbox 1122 1287 1257 1314; x_wconf 89' lang='lat' dir='ltr'><strong>sensu</strong></span> <span class='ocrx_word' id='word_1_125' title='bbox 1288 1272 1469 1314; x_wconf 88' lang='lat' dir='ltr'><strong>litterae</strong></span> <span class='ocrx_word' id='word_1_126' title='bbox 1496 1272 1650 1320; x_wconf 91' lang='lat' dir='ltr'><strong>Verbi,</strong></span> <span class='ocrx_word' id='word_1_127' title='bbox 1679 1279 1725 1313; x_wconf 91' lang='lat' dir='ltr'><strong>et</strong></span> 
     </span>
     <span class='ocr_line' id='line_1_15' title="bbox 233 1335 1726 1394; baseline -0.003 -13"><span class='ocrx_word' id='word_1_128' title='bbox 233 1338 574 1394; x_wconf 89' lang='lat' dir='ltr'><strong>“peregrinari”</strong></span> <span class='ocrx_word' id='word_1_129' title='bbox 600 1337 826 1392; x_wconf 84' lang='lat' dir='ltr'><strong>significat</strong></span> <span class='ocrx_word' id='word_1_130' title='bbox 858 1338 1044 1379; x_wconf 87' lang='lat' dir='ltr'><strong>instrui:</strong></span> <span class='ocrx_word' id='word_1_131' title='bbox 1079 1351 1158 1391; x_wconf 88' lang='lat' dir='ltr'><strong>per</strong></span> <span class='ocrx_word' id='word_1_132' title='bbox 1188 1337 1308 1390; x_wconf 93' lang='lat' dir='ltr'><strong>quod</strong></span> <span class='ocrx_word' id='word_1_133' title='bbox 1338 1336 1560 1377; x_wconf 89' lang='lat' dir='ltr'><strong>“Aschur</strong></span> <span class='ocrx_word' id='word_1_134' title='bbox 1586 1335 1726 1376; x_wconf 90' lang='lat' dir='ltr'><strong>nihilo</strong></span> 
     </span>
     <span class='ocr_line' id='line_1_16' title="bbox 230 1399 1727 1457; baseline -0.003 -13"><span class='ocrx_word' id='word_1_135' title='bbox 230 1403 455 1457; x_wconf 83' lang='lat' dir='ltr'><strong>oppressit</strong></span> <span class='ocrx_word' id='word_1_136' title='bbox 482 1416 560 1444; x_wconf 92' lang='lat' dir='ltr'><strong>eos</strong></span> <span class='ocrx_word' id='word_1_137' title='bbox 572 1402 591 1417; x_wconf 92' lang='grc'>”</span> <span class='ocrx_word' id='word_1_138' title='bbox 617 1401 896 1455; x_wconf 86' lang='lat' dir='ltr'><strong>significatur</strong></span> <span class='ocrx_word' id='word_1_139' title='bbox 917 1400 1170 1441; x_wconf 88' lang='lat' dir='ltr'><strong>falsificatio</strong></span> <span class='ocrx_word' id='word_1_140' title='bbox 1192 1399 1369 1441; x_wconf 88' lang='lat' dir='ltr'><strong>illarum</strong></span> <span class='ocrx_word' id='word_1_141' title='bbox 1391 1413 1470 1453; x_wconf 91' lang='lat' dir='ltr'><strong>per</strong></span> <span class='ocrx_word' id='word_1_142' title='bbox 1491 1399 1727 1440; x_wconf 90' lang='lat' dir='ltr'><strong>ratiocinia</strong></span> 
     </span>
     <span class='ocr_line' id='line_1_17' title="bbox 231 1461 1727 1517; baseline -0.003 -10"><span class='ocrx_word' id='word_1_143' title='bbox 231 1465 450 1508; x_wconf 88' lang='lat' dir='ltr'><strong>naturalis</strong></span> <span class='ocrx_word' id='word_1_144' title='bbox 462 1465 658 1507; x_wconf 91' lang='lat' dir='ltr'><strong>hominis</strong></span> <span class='ocrx_word' id='word_1_145' title='bbox 675 1479 685 1516; x_wconf 89' lang='grc'>;</span> <span class='ocrx_word' id='word_1_146' title='bbox 708 1464 952 1505; x_wconf 91' lang='lat' dir='ltr'><strong>“Aschur&#39;’</strong></span> <span class='ocrx_word' id='word_1_147' title='bbox 967 1463 1192 1517; x_wconf 87' lang='lat' dir='ltr'><strong>significat</strong></span> <span class='ocrx_word' id='word_1_148' title='bbox 1210 1463 1461 1511; x_wconf 90' lang='lat' dir='ltr'><strong>ratiocinia,</strong></span> <span class='ocrx_word' id='word_1_149' title='bbox 1481 1468 1528 1503; x_wconf 92' lang='lat' dir='ltr'><strong>et</strong></span> <span class='ocrx_word' id='word_1_150' title='bbox 1549 1461 1727 1502; x_wconf 90' lang='lat' dir='ltr'><strong>“nihilo</strong></span> 
     </span>
     <span class='ocr_line' id='line_1_18' title="bbox 231 1524 1773 1584; baseline -0.005 -13"><span class='ocrx_word' id='word_1_151' title='bbox 231 1530 486 1584; x_wconf 89' lang='lat' dir='ltr'><strong>opprimere</strong></span> <span class='ocrx_word' id='word_1_152' title='bbox 498 1528 517 1544; x_wconf 92' lang='lat'>”</span> <span class='ocrx_word' id='word_1_153' title='bbox 540 1527 766 1582; x_wconf 87' lang='lat' dir='ltr'><strong>significat</strong></span> <span class='ocrx_word' id='word_1_154' title='bbox 789 1526 1178 1577; x_wconf 87' lang='lat' dir='ltr'><strong>falsificationem;</strong></span> <span class='ocrx_word' id='word_1_155' title='bbox 1210 1525 1322 1566; x_wconf 84' lang='lat' dir='ltr'><strong>salsa</strong></span> <span class='ocrx_word' id='word_1_156' title='bbox 1345 1526 1464 1566; x_wconf 91' lang='lat' dir='ltr'><strong>enim</strong></span> <span class='ocrx_word' id='word_1_157' title='bbox 1488 1531 1594 1567; x_wconf 89' lang='lat' dir='ltr'><strong>sunt</strong></span> <span class='ocrx_word' id='word_1_158' title='bbox 1616 1524 1726 1566; x_wconf 89' lang='lat' dir='ltr'><strong>nihil</strong></span> <span class='ocrx_word' id='word_1_159' title='bbox 1771 1536 1773 1539; x_wconf 82' lang='lat'>·</span> 
     </span>
     <span class='ocr_line' id='line_1_19' title="bbox 232 1588 1726 1647; baseline -0.004 -14"><span class='ocrx_word' id='word_1_160' title='bbox 232 1593 336 1647; x_wconf 90' lang='lat' dir='ltr'><strong>quia</strong></span> <span class='ocrx_word' id='word_1_161' title='bbox 361 1589 471 1633; x_wconf 80' lang='lat' dir='ltr'><strong>nihil</strong></span> <span class='ocrx_word' id='word_1_162' title='bbox 496 1593 590 1633; x_wconf 86' lang='lat' dir='ltr'><strong>veri</strong></span> <span class='ocrx_word' id='word_1_163' title='bbox 615 1592 659 1632; x_wconf 91' lang='lat' dir='ltr'><strong>in</strong></span> <span class='ocrx_word' id='word_1_164' title='bbox 685 1591 788 1640; x_wconf 90' lang='lat' dir='ltr'><strong>illis,</strong></span> <span class='ocrx_word' id='word_1_165' title='bbox 816 1590 938 1645; x_wconf 92' lang='lat' dir='ltr'><strong>quod</strong></span> <span class='ocrx_word' id='word_1_166' title='bbox 969 1589 1019 1631; x_wconf 86' lang='lat' dir='ltr'><strong>fit</strong></span> <span class='ocrx_word' id='word_1_167' title='bbox 1046 1603 1148 1630; x_wconf 89' lang='lat' dir='ltr'><strong>cum</strong></span> <span class='ocrx_word' id='word_1_168' title='bbox 1181 1588 1400 1630; x_wconf 85' lang='lat' dir='ltr'><strong>naturalis</strong></span> <span class='ocrx_word' id='word_1_169' title='bbox 1431 1588 1570 1629; x_wconf 92' lang='lat' dir='ltr'><strong>homo</strong></span> <span class='ocrx_word' id='word_1_170' title='bbox 1596 1601 1726 1642; x_wconf 86' lang='lat' dir='ltr'><strong>sepa-</strong></span> 
     </span>
     <span class='ocr_line' id='line_1_20' title="bbox 231 1652 1725 1709; baseline -0.004 -12"><span class='ocrx_word' id='word_1_171' title='bbox 231 1662 357 1697; x_wconf 89' lang='lat' dir='ltr'><strong>ratus</strong></span> <span class='ocrx_word' id='word_1_172' title='bbox 387 1669 414 1696; x_wconf 90' lang='lat' dir='ltr'><strong>a</strong></span> <span class='ocrx_word' id='word_1_173' title='bbox 445 1654 667 1709; x_wconf 87' lang='lat' dir='ltr'><strong>spirituali</strong></span> <span class='ocrx_word' id='word_1_174' title='bbox 698 1653 956 1696; x_wconf 90' lang='lat' dir='ltr'><strong>concludit:</strong></span> <span class='ocrx_word' id='word_1_175' title='bbox 1000 1653 1104 1694; x_wconf 91' lang='lat' dir='ltr'><strong>inde</strong></span> <span class='ocrx_word' id='word_1_176' title='bbox 1136 1659 1207 1694; x_wconf 93' lang='lat' dir='ltr'><strong>est</strong></span> <span class='ocrx_word' id='word_1_177' title='bbox 1238 1652 1359 1707; x_wconf 92' lang='lat' dir='ltr'><strong>quod</strong></span> <span class='ocrx_word' id='word_1_178' title='bbox 1392 1652 1725 1705; x_wconf 83' lang='lat' dir='ltr'><strong>praemittatur,</strong></span> 
     </span>
     <span class='ocr_line' id='line_1_21' title="bbox 235 1715 1728 1770; baseline -0.003 -10"><span class='ocrx_word' id='word_1_179' title='bbox 235 1718 426 1760; x_wconf 88' lang='lat' dir='ltr'><strong>“Gratis</strong></span> <span class='ocrx_word' id='word_1_180' title='bbox 451 1718 626 1760; x_wconf 91' lang='lat' dir='ltr'><strong>venditi</strong></span> <span class='ocrx_word' id='word_1_181' title='bbox 654 1718 780 1766; x_wconf 79' lang='lat' dir='ltr'><strong>estis,</strong></span> <span class='ocrx_word' id='word_1_182' title='bbox 809 1724 856 1767; x_wconf 88' lang='lat' dir='ltr'><strong>et</strong></span> <span class='ocrx_word' id='word_1_183' title='bbox 888 1730 979 1757; x_wconf 91' lang='lat' dir='ltr'><strong>non</strong></span> <span class='ocrx_word' id='word_1_184' title='bbox 1011 1730 1091 1770; x_wconf 90' lang='lat' dir='ltr'><strong>per</strong></span> <span class='ocrx_word' id='word_1_185' title='bbox 1116 1723 1356 1770; x_wconf 87' lang='lat' dir='ltr'><strong>argentum</strong></span> <span class='ocrx_word' id='word_1_186' title='bbox 1387 1715 1669 1756; x_wconf 88' lang='lat' dir='ltr'><strong>redimemini</strong></span> <span class='ocrx_word' id='word_1_187' title='bbox 1695 1715 1728 1765; x_wconf 88' lang='grc'><strong>;”</strong></span> 
     </span>
     <span class='ocr_line' id='line_1_22' title="bbox 235 1777 1727 1835; baseline -0.004 -12"><span class='ocrx_word' id='word_1_188' title='bbox 235 1783 415 1835; x_wconf 91' lang='lat' dir='ltr'><strong>“gratis</strong></span> <span class='ocrx_word' id='word_1_189' title='bbox 441 1781 606 1823; x_wconf 89' lang='lat' dir='ltr'><strong>vendi‘’</strong></span> <span class='ocrx_word' id='word_1_190' title='bbox 631 1780 858 1835; x_wconf 87' lang='lat' dir='ltr'><strong>significat</strong></span> <span class='ocrx_word' id='word_1_191' title='bbox 890 1794 950 1821; x_wconf 87' lang='lat' dir='ltr'><strong>ex</strong></span> <span class='ocrx_word' id='word_1_192' title='bbox 982 1794 1030 1821; x_wconf 89' lang='lat' dir='ltr'><strong>se</strong></span> <span class='ocrx_word' id='word_1_193' title='bbox 1062 1780 1159 1833; x_wconf 91' lang='lat' dir='ltr'><strong>ipso</strong></span> <span class='ocrx_word' id='word_1_194' title='bbox 1190 1793 1270 1820; x_wconf 91' lang='lat' dir='ltr'><strong>seu</strong></span> <span class='ocrx_word' id='word_1_195' title='bbox 1295 1793 1354 1820; x_wconf 86' lang='lat' dir='ltr'><strong>ex</strong></span> <span class='ocrx_word' id='word_1_196' title='bbox 1380 1779 1560 1832; x_wconf 89' lang='lat' dir='ltr'><strong>proprio</strong></span> <span class='ocrx_word' id='word_1_197' title='bbox 1586 1777 1727 1818; x_wconf 80' lang='lat' dir='ltr'><strong>aba‘li-</strong></span> 
     </span>
     <span class='ocr_line' id='line_1_23' title="bbox 232 1840 1728 1896; baseline -0.004 -10"><span class='ocrx_word' id='word_1_198' title='bbox 232 1859 368 1887; x_wconf 87' lang='lat' dir='ltr'><strong>enare</strong></span> <span class='ocrx_word' id='word_1_199' title='bbox 391 1859 439 1886; x_wconf 89' lang='lat' dir='ltr'><strong>se</strong></span> <span class='ocrx_word' id='word_1_200' title='bbox 461 1851 508 1886; x_wconf 92' lang='lat' dir='ltr'><strong>et</strong></span> <span class='ocrx_word' id='word_1_201' title='bbox 530 1844 740 1885; x_wconf 87' lang='lat' dir='ltr'><strong>abdicare</strong></span> <span class='ocrx_word' id='word_1_202' title='bbox 767 1843 916 1894; x_wconf 87' lang='lat' dir='ltr'><strong>falsis;</strong></span> <span class='ocrx_word' id='word_1_203' title='bbox 944 1849 990 1884; x_wconf 91' lang='lat' dir='ltr'><strong>et</strong></span> <span class='ocrx_word' id='word_1_204' title='bbox 1019 1846 1150 1883; x_wconf 89' lang='lat' dir='ltr'><strong>“non</strong></span> <span class='ocrx_word' id='word_1_205' title='bbox 1176 1856 1255 1896; x_wconf 90' lang='lat' dir='ltr'><strong>per</strong></span> <span class='ocrx_word' id='word_1_206' title='bbox 1277 1847 1518 1895; x_wconf 87' lang='lat' dir='ltr'><strong>argentum</strong></span> <span class='ocrx_word' id='word_1_207' title='bbox 1540 1840 1728 1882; x_wconf 88' lang='lat' dir='ltr'><strong>redimi&#39;’</strong></span> 
     </span>
     <span class='ocr_line' id='line_1_24' title="bbox 232 1904 1728 1962; baseline -0.005 -12"><span class='ocrx_word' id='word_1_208' title='bbox 232 1908 458 1962; x_wconf 88' lang='lat' dir='ltr'><strong>significat</strong></span> <span class='ocrx_word' id='word_1_209' title='bbox 477 1907 597 1962; x_wconf 93' lang='lat' dir='ltr'><strong>quod</strong></span> <span class='ocrx_word' id='word_1_210' title='bbox 619 1921 710 1948; x_wconf 92' lang='lat' dir='ltr'><strong>non</strong></span> <span class='ocrx_word' id='word_1_211' title='bbox 732 1921 811 1960; x_wconf 87' lang='lat' dir='ltr'><strong>per</strong></span> <span class='ocrx_word' id='word_1_212' title='bbox 831 1920 987 1947; x_wconf 89' lang='lat' dir='ltr'><strong>verum</strong></span> <span class='ocrx_word' id='word_1_213' title='bbox 1010 1906 1184 1959; x_wconf 85' lang='lat' dir='ltr'><strong>possint</strong></span> <span class='ocrx_word' id='word_1_214' title='bbox 1202 1919 1228 1946; x_wconf 89' lang='lat' dir='ltr'><strong>a</strong></span> <span class='ocrx_word' id='word_1_215' title='bbox 1248 1905 1370 1946; x_wconf 92' lang='lat' dir='ltr'><strong>falsis</strong></span> <span class='ocrx_word' id='word_1_216' title='bbox 1389 1904 1495 1944; x_wconf 88' lang='lat' dir='ltr'><strong>mali</strong></span> <span class='ocrx_word' id='word_1_217' title='bbox 1512 1904 1728 1944; x_wconf 89' lang='lat' dir='ltr'><strong>vindicari</strong></span> 
     </span>
     <span class='ocr_line' id='line_1_25' title="bbox 236 1966 1727 2024; baseline -0.003 -13"><span class='ocrx_word' id='word_1_218' title='bbox 236 1969 569 2024; x_wconf 88' lang='lat' dir='ltr'><strong>(“argentum”</strong></span> <span class='ocrx_word' id='word_1_219' title='bbox 595 1969 820 2024; x_wconf 86' lang='lat' dir='ltr'><strong>significat</strong></span> <span class='ocrx_word' id='word_1_220' title='bbox 846 1983 1016 2018; x_wconf 90' lang='lat' dir='ltr'><strong>verum,</strong></span> <span class='ocrx_word' id='word_1_221' title='bbox 1045 1975 1091 2010; x_wconf 90' lang='lat' dir='ltr'><strong>et</strong></span> <span class='ocrx_word' id='word_1_222' title='bbox 1125 1969 1321 2009; x_wconf 91' lang='lat' dir='ltr'><strong>“redimi</strong></span> <span class='ocrx_word' id='word_1_223' title='bbox 1332 1967 1352 1983; x_wconf 75' lang='lat'><strong>&#39;⁸</strong></span> <span class='ocrx_word' id='word_1_224' title='bbox 1377 1966 1603 2020; x_wconf 87' lang='lat' dir='ltr'><strong>significat</strong></span> <span class='ocrx_word' id='word_1_225' title='bbox 1629 1967 1727 2007; x_wconf 90' lang='lat' dir='ltr'><strong>vin-</strong></span> 
     </span>
    </p>

    <p class='ocr_par' dir='ltr' id='par_1_6' title="bbox 232 2030 1730 2208">
     <span class='ocr_line' id='line_1_26' title="bbox 232 2030 1570 2086; baseline -0.004 -11"><span class='ocrx_word' id='word_1_226' title='bbox 232 2035 372 2076; x_wconf 90' lang='lat' dir='ltr'><strong>dicari</strong></span> <span class='ocrx_word' id='word_1_227' title='bbox 396 2047 423 2075; x_wconf 88' lang='lat' dir='ltr'><strong>a</strong></span> <span class='ocrx_word' id='word_1_228' title='bbox 447 2033 570 2075; x_wconf 87' lang='lat' dir='ltr'><strong>salsis</strong></span> <span class='ocrx_word' id='word_1_229' title='bbox 596 2033 702 2074; x_wconf 91' lang='lat' dir='ltr'><strong>mali</strong></span> <span class='ocrx_word' id='word_1_230' title='bbox 725 2039 771 2074; x_wconf 94' lang='lat' dir='ltr'><strong>et</strong></span> <span class='ocrx_word' id='word_1_231' title='bbox 797 2032 1063 2086; x_wconf 90' lang='lat' dir='ltr'><strong>reformari).</strong></span> <span class='ocrx_word' id='word_1_232' title='bbox 1124 2031 1263 2086; x_wconf 88' lang='lat' dir='ltr'><strong>Apud</strong></span> <span class='ocrx_word' id='word_1_233' title='bbox 1291 2030 1570 2077; x_wconf 62' lang='lat' dir='ltr'><strong>Samariam,</strong></span> 
     </span>
     <span class='ocr_line' id='line_1_27' title="bbox 305 2119 1730 2165; baseline -0.004 -9"><span class='ocrx_word' id='word_1_234' title='bbox 305 2124 575 2165; x_wconf 86' lang='lat' dir='ltr'><strong>“Congregabo</strong></span> <span class='ocrx_word' id='word_1_235' title='bbox 589 2133 652 2155; x_wconf 90' lang='lat' dir='ltr'><strong>eos</strong></span> <span class='ocrx_word' id='word_1_236' title='bbox 662 2123 746 2164; x_wconf 86' lang='lat' dir='ltr'><strong>quia</strong></span> <span class='ocrx_word' id='word_1_237' title='bbox 759 2123 933 2154; x_wconf 89' lang='lat' dir='ltr'><strong>redimam</strong></span> <span class='ocrx_word' id='word_1_238' title='bbox 947 2132 1021 2159; x_wconf 91' lang='lat' dir='ltr'><strong>eos,</strong></span> <span class='ocrx_word' id='word_1_239' title='bbox 1038 2128 1122 2154; x_wconf 90' lang='lat' dir='ltr'><strong>tunc</strong></span> <span class='ocrx_word' id='word_1_240' title='bbox 1133 2121 1470 2161; x_wconf 87' lang='lat' dir='ltr'><strong>multiplicabuntur</strong></span> <span class='ocrx_word' id='word_1_241' title='bbox 1472 2145 1564 2158; x_wconf 84' lang='lat'><strong>.....</strong></span> <span class='ocrx_word' id='word_1_242' title='bbox 1572 2126 1607 2151; x_wconf 90' lang='lat' dir='ltr'><strong>et</strong></span> <span class='ocrx_word' id='word_1_243' title='bbox 1624 2119 1730 2151; x_wconf 91' lang='lat' dir='ltr'><strong>semi-</strong></span> 
     </span>
     <span class='ocr_line' id='line_1_28' title="bbox 408 2161 1729 2208; baseline -0.005 -8"><span class='ocrx_word' id='word_1_244' title='bbox 408 2169 503 2200; x_wconf 90' lang='lat' dir='ltr'><strong>nabo</strong></span> <span class='ocrx_word' id='word_1_245' title='bbox 520 2178 583 2199; x_wconf 91' lang='lat' dir='ltr'><strong>eos</strong></span> <span class='ocrx_word' id='word_1_246' title='bbox 608 2167 645 2199; x_wconf 91' lang='lat' dir='ltr'><strong>in</strong></span> <span class='ocrx_word' id='word_1_247' title='bbox 662 2166 807 2208; x_wconf 91' lang='lat' dir='ltr'><strong>populis</strong></span> <span class='ocrx_word' id='word_1_248' title='bbox 811 2191 904 2205; x_wconf 88' lang='lat'>.....</span> <span class='ocrx_word' id='word_1_249' title='bbox 912 2172 948 2198; x_wconf 88' lang='lat' dir='ltr'><strong>et</strong></span> <span class='ocrx_word' id='word_1_250' title='bbox 964 2166 1131 2197; x_wconf 88' lang='lat' dir='ltr'><strong>reducam</strong></span> <span class='ocrx_word' id='word_1_251' title='bbox 1156 2175 1220 2197; x_wconf 93' lang='lat' dir='ltr'><strong>eos</strong></span> <span class='ocrx_word' id='word_1_252' title='bbox 1244 2175 1264 2196; x_wconf 92' lang='lat' dir='ltr'><strong>e</strong></span> <span class='ocrx_word' id='word_1_253' title='bbox 1288 2171 1384 2196; x_wconf 89' lang='lat' dir='ltr'><strong>terra</strong></span> <span class='ocrx_word' id='word_1_254' title='bbox 1403 2161 1605 2206; x_wconf 87' lang='lat' dir='ltr'><strong>[Aegypti],</strong></span> <span class='ocrx_word' id='word_1_255' title='bbox 1626 2170 1661 2195; x_wconf 91' lang='lat' dir='ltr'><strong>et</strong></span> <span class='ocrx_word' id='word_1_256' title='bbox 1685 2173 1729 2195; x_wconf 92' lang='lat' dir='ltr'><strong>ex</strong></span> 
     </span>
    </p>
   </div>
   <div class='ocr_carea' id='block_1_5' title="bbox 408 2207 1728 2295">
    <p class='ocr_par' dir='ltr' id='par_1_7' title="bbox 408 2207 1728 2295">
     <span class='ocr_line' id='line_1_29' title="bbox 409 2207 1728 2253; baseline -0.004 -10"><span class='ocrx_word' id='word_1_257' title='bbox 409 2212 561 2253; x_wconf 87' lang='lat' dir='ltr'><strong>Assyria</strong></span> <span class='ocrx_word' id='word_1_258' title='bbox 583 2211 812 2251; x_wconf 85' lang='lat' dir='ltr'><strong>congregabo</strong></span> <span class='ocrx_word' id='word_1_259' title='bbox 836 2220 920 2247; x_wconf 80' lang='lat' dir='ltr'><strong>eos;</strong></span> <span class='ocrx_word' id='word_1_260' title='bbox 945 2215 981 2241; x_wconf 90' lang='lat' dir='ltr'><strong>et</strong></span> <span class='ocrx_word' id='word_1_261' title='bbox 999 2210 1044 2241; x_wconf 89' lang='lat' dir='ltr'><strong>ad</strong></span> <span class='ocrx_word' id='word_1_262' title='bbox 1069 2215 1203 2241; x_wconf 85' lang='lat' dir='ltr'><strong>terram</strong></span> <span class='ocrx_word' id='word_1_263' title='bbox 1229 2208 1400 2246; x_wconf 86' lang='lat' dir='ltr'><strong>Gileadis‚</strong></span> <span class='ocrx_word' id='word_1_264' title='bbox 1421 2213 1458 2240; x_wconf 89' lang='lat' dir='ltr'><strong>et</strong></span> <span class='ocrx_word' id='word_1_265' title='bbox 1480 2208 1526 2239; x_wconf 86' lang='lat' dir='ltr'><strong>ad</strong></span> <span class='ocrx_word' id='word_1_266' title='bbox 1551 2207 1728 2238; x_wconf 90' lang='lat' dir='ltr'><strong>Libanum</strong></span> 
     </span>
     <span class='ocr_line' id='line_1_30' title="bbox 408 2253 893 2295; baseline -0.004 -8"><span class='ocrx_word' id='word_1_267' title='bbox 408 2256 584 2293; x_wconf 84' lang='lat' dir='ltr'><strong>adducam</strong></span> <span class='ocrx_word' id='word_1_268' title='bbox 601 2265 664 2287; x_wconf 90' lang='lat' dir='ltr'><strong>eos</strong></span> <span class='ocrx_word' id='word_1_269' title='bbox 675 2254 692 2266; x_wconf 84' lang='lat'><strong>&#39;&#39;</strong></span> <span class='ocrx_word' id='word_1_270' title='bbox 709 2254 756 2295; x_wconf 75' lang='lat' dir='ltr'><strong>(x,</strong></span> <span class='ocrx_word' id='word_1_271' title='bbox 773 2253 893 2294; x_wconf 88' lang='lat'>8—10);</span> 
     </span>
    </p>
   </div>
   <div class='ocr_carea' id='block_1_6' title="bbox 206 2340 1730 3094">
    <p class='ocr_par' dir='ltr' id='par_1_8' title="bbox 206 2340 1730 3025">
     <span class='ocr_line' id='line_1_31' title="bbox 234 2340 1730 2399; baseline -0.004 -13"><span class='ocrx_word' id='word_1_272' title='bbox 234 2345 384 2399; x_wconf 85' lang='lat' dir='ltr'><strong>agitur</strong></span> <span class='ocrx_word' id='word_1_273' title='bbox 409 2343 481 2385; x_wconf 91' lang='lat' dir='ltr'><strong>hic</strong></span> <span class='ocrx_word' id='word_1_274' title='bbox 514 2343 571 2384; x_wconf 92' lang='lat' dir='ltr'><strong>de</strong></span> <span class='ocrx_word' id='word_1_275' title='bbox 597 2342 818 2384; x_wconf 90' lang='lat' dir='ltr'><strong>ecclesiae</strong></span> <span class='ocrx_word' id='word_1_276' title='bbox 850 2342 1183 2383; x_wconf 88' lang='lat' dir='ltr'><strong>restauratione</strong></span> <span class='ocrx_word' id='word_1_277' title='bbox 1215 2354 1268 2382; x_wconf 89' lang='lat' dir='ltr'><strong>ac</strong></span> <span class='ocrx_word' id='word_1_278' title='bbox 1299 2340 1620 2381; x_wconf 88' lang='lat' dir='ltr'><strong>reformatione</strong></span> <span class='ocrx_word' id='word_1_279' title='bbox 1652 2353 1730 2393; x_wconf 89' lang='lat' dir='ltr'><strong>per</strong></span> 
     </span>
     <span class='ocr_line' id='line_1_32' title="bbox 233 2402 1729 2459; baseline -0.005 -9"><span class='ocrx_word' id='word_1_280' title='bbox 233 2422 342 2450; x_wconf 88' lang='lat' dir='ltr'><strong>vera</strong></span> <span class='ocrx_word' id='word_1_281' title='bbox 363 2422 423 2449; x_wconf 87' lang='lat' dir='ltr'><strong>ex</strong></span> <span class='ocrx_word' id='word_1_282' title='bbox 444 2407 567 2448; x_wconf 90' lang='lat' dir='ltr'><strong>bono</strong></span> <span class='ocrx_word' id='word_1_283' title='bbox 585 2421 595 2457; x_wconf 90' lang='lat'>;</span> <span class='ocrx_word' id='word_1_284' title='bbox 622 2412 668 2448; x_wconf 93' lang='lat' dir='ltr'><strong>et</strong></span> <span class='ocrx_word' id='word_1_285' title='bbox 691 2419 770 2459; x_wconf 90' lang='lat' dir='ltr'><strong>per</strong></span> <span class='ocrx_word' id='word_1_286' title='bbox 788 2405 1132 2458; x_wconf 87' lang='lat' dir='ltr'><strong>“Congregabo</strong></span> <span class='ocrx_word' id='word_1_287' title='bbox 1154 2418 1232 2445; x_wconf 92' lang='lat' dir='ltr'><strong>eos</strong></span> <span class='ocrx_word' id='word_1_288' title='bbox 1255 2404 1358 2458; x_wconf 89' lang='lat' dir='ltr'><strong>quia</strong></span> <span class='ocrx_word' id='word_1_289' title='bbox 1378 2403 1596 2444; x_wconf 89' lang='lat' dir='ltr'><strong>redimam</strong></span> <span class='ocrx_word' id='word_1_290' title='bbox 1620 2417 1698 2444; x_wconf 92' lang='lat' dir='ltr'><strong>eos</strong></span> <span class='ocrx_word' id='word_1_291' title='bbox 1710 2402 1729 2417; x_wconf 78' lang='lat'><strong>&#39;⁹</strong></span> 
     </span>
     <span class='ocr_line' id='line_1_33' title="bbox 234 2467 1727 2525; baseline -0.005 -12"><span class='ocrx_word' id='word_1_292' title='bbox 234 2470 513 2525; x_wconf 86' lang='lat' dir='ltr'><strong>significatur</strong></span> <span class='ocrx_word' id='word_1_293' title='bbox 548 2469 783 2522; x_wconf 89' lang='lat' dir='ltr'><strong>dissipatio</strong></span> <span class='ocrx_word' id='word_1_294' title='bbox 825 2467 1054 2516; x_wconf 87' lang='lat' dir='ltr'><strong>falsorum,</strong></span> <span class='ocrx_word' id='word_1_295' title='bbox 1093 2481 1145 2508; x_wconf 89' lang='lat' dir='ltr'><strong>ac</strong></span> <span class='ocrx_word' id='word_1_296' title='bbox 1186 2467 1446 2508; x_wconf 88' lang='lat' dir='ltr'><strong>reformatio</strong></span> <span class='ocrx_word' id='word_1_297' title='bbox 1482 2480 1561 2520; x_wconf 90' lang='lat' dir='ltr'><strong>per</strong></span> <span class='ocrx_word' id='word_1_298' title='bbox 1595 2479 1727 2512; x_wconf 83' lang='lat' dir='ltr'><strong>vera:</strong></span> 
     </span>
     <span class='ocr_line' id='line_1_34' title="bbox 236 2528 1730 2589; baseline -0.005 -14"><span class='ocrx_word' id='word_1_299' title='bbox 236 2548 373 2589; x_wconf 90' lang='lat' dir='ltr'><strong>quare</strong></span> <span class='ocrx_word' id='word_1_300' title='bbox 387 2533 597 2581; x_wconf 88' lang='lat' dir='ltr'><strong>dicitur,“</strong></span> <span class='ocrx_word' id='word_1_301' title='bbox 611 2530 1037 2584; x_wconf 87' lang='lat' dir='ltr'><strong>Multiplicabuntur</strong></span> <span class='ocrx_word' id='word_1_302' title='bbox 1050 2537 1096 2571; x_wconf 92' lang='lat' dir='ltr'><strong>et</strong></span> <span class='ocrx_word' id='word_1_303' title='bbox 1111 2529 1345 2571; x_wconf 88' lang='lat' dir='ltr'><strong>seminabo</strong></span> <span class='ocrx_word' id='word_1_304' title='bbox 1360 2543 1439 2570; x_wconf 92' lang='lat' dir='ltr'><strong>eos</strong></span> <span class='ocrx_word' id='word_1_305' title='bbox 1454 2530 1497 2569; x_wconf 93' lang='lat' dir='ltr'><strong>in</strong></span> <span class='ocrx_word' id='word_1_306' title='bbox 1513 2528 1730 2582; x_wconf 87' lang='lat' dir='ltr'><strong>populis,’&#39;</strong></span> 
     </span>
     <span class='ocr_line' id='line_1_35' title="bbox 234 2592 1728 2652; baseline -0.005 -13"><span class='ocrx_word' id='word_1_307' title='bbox 234 2612 314 2652; x_wconf 89' lang='lat' dir='ltr'><strong>per</strong></span> <span class='ocrx_word' id='word_1_308' title='bbox 338 2596 460 2651; x_wconf 91' lang='lat' dir='ltr'><strong>quod</strong></span> <span class='ocrx_word' id='word_1_309' title='bbox 491 2594 773 2648; x_wconf 88' lang='lat' dir='ltr'><strong>significatur</strong></span> <span class='ocrx_word' id='word_1_310' title='bbox 803 2593 1122 2647; x_wconf 88' lang='lat' dir='ltr'><strong>multiplicatio</strong></span> <span class='ocrx_word' id='word_1_311' title='bbox 1153 2599 1199 2634; x_wconf 90' lang='lat' dir='ltr'><strong>et</strong></span> <span class='ocrx_word' id='word_1_312' title='bbox 1230 2593 1519 2633; x_wconf 88' lang='lat' dir='ltr'><strong>inseminatio</strong></span> <span class='ocrx_word' id='word_1_313' title='bbox 1545 2592 1637 2632; x_wconf 89' lang='lat' dir='ltr'><strong>veri</strong></span> <span class='ocrx_word' id='word_1_314' title='bbox 1669 2605 1728 2632; x_wconf 88' lang='lat' dir='ltr'><strong>ex</strong></span> 
     </span>
     <span class='ocr_line' id='line_1_36' title="bbox 233 2655 1728 2710; baseline -0.005 -9"><span class='ocrx_word' id='word_1_315' title='bbox 233 2662 381 2701; x_wconf 89' lang='lat' dir='ltr'><strong>bono:</strong></span> <span class='ocrx_word' id='word_1_316' title='bbox 413 2658 665 2699; x_wconf 89' lang='lat' dir='ltr'><strong>“reducere</strong></span> <span class='ocrx_word' id='word_1_317' title='bbox 683 2671 707 2698; x_wconf 94' lang='lat' dir='ltr'><strong>e</strong></span> <span class='ocrx_word' id='word_1_318' title='bbox 725 2663 846 2698; x_wconf 89' lang='lat' dir='ltr'><strong>terra</strong></span> <span class='ocrx_word' id='word_1_319' title='bbox 863 2656 1071 2710; x_wconf 88' lang='lat' dir='ltr'><strong>Aegypti</strong></span> <span class='ocrx_word' id='word_1_320' title='bbox 1089 2662 1135 2697; x_wconf 94' lang='lat' dir='ltr'><strong>et</strong></span> <span class='ocrx_word' id='word_1_321' title='bbox 1157 2669 1217 2696; x_wconf 88' lang='lat' dir='ltr'><strong>ex</strong></span> <span class='ocrx_word' id='word_1_322' title='bbox 1236 2655 1426 2708; x_wconf 85' lang='lat' dir='ltr'><strong>Assyria</strong></span> <span class='ocrx_word' id='word_1_323' title='bbox 1448 2667 1728 2707; x_wconf 86' lang='lat' dir='ltr'><strong>congregare</strong></span> 
     </span>
     <span class='ocr_line' id='line_1_37' title="bbox 206 2718 1730 2776; baseline -0.005 -11"><span class='ocrx_word' id='word_1_324' title='bbox 206 2723 346 2770; x_wconf 28' lang='lat' dir='ltr'><strong>&#39;eos&#39;&#39;</strong></span> <span class='ocrx_word' id='word_1_325' title='bbox 376 2720 603 2776; x_wconf 87' lang='lat' dir='ltr'><strong>significat</strong></span> <span class='ocrx_word' id='word_1_326' title='bbox 641 2720 804 2761; x_wconf 91' lang='lat' dir='ltr'><strong>abduci</strong></span> <span class='ocrx_word' id='word_1_327' title='bbox 841 2734 867 2760; x_wconf 94' lang='lat' dir='ltr'><strong>a</strong></span> <span class='ocrx_word' id='word_1_328' title='bbox 903 2719 1217 2760; x_wconf 85' lang='lat' dir='ltr'><strong>falsificatione</strong></span> <span class='ocrx_word' id='word_1_329' title='bbox 1249 2719 1341 2759; x_wconf 90' lang='lat' dir='ltr'><strong>veri</strong></span> <span class='ocrx_word' id='word_1_330' title='bbox 1377 2732 1492 2772; x_wconf 90' lang='lat' dir='ltr'><strong>quae</strong></span> <span class='ocrx_word' id='word_1_331' title='bbox 1528 2718 1615 2758; x_wconf 89' lang='lat' dir='ltr'><strong>illis</strong></span> <span class='ocrx_word' id='word_1_332' title='bbox 1651 2731 1730 2770; x_wconf 90' lang='lat' dir='ltr'><strong>per</strong></span> 
     </span>
     <span class='ocr_line' id='line_1_38' title="bbox 234 2780 1729 2836; baseline -0.005 -9"><span class='ocrx_word' id='word_1_333' title='bbox 234 2786 470 2827; x_wconf 88' lang='lat' dir='ltr'><strong>ratiocinia</strong></span> <span class='ocrx_word' id='word_1_334' title='bbox 506 2798 566 2825; x_wconf 88' lang='lat' dir='ltr'><strong>ex</strong></span> <span class='ocrx_word' id='word_1_335' title='bbox 603 2782 860 2824; x_wconf 87' lang='lat' dir='ltr'><strong>scientificis</strong></span> <span class='ocrx_word' id='word_1_336' title='bbox 901 2782 971 2836; x_wconf 91' lang='lat' dir='ltr'><strong>(ut</strong></span> <span class='ocrx_word' id='word_1_337' title='bbox 1011 2781 1197 2836; x_wconf 86' lang='lat' dir='ltr'><strong>supra):</strong></span> <span class='ocrx_word' id='word_1_338' title='bbox 1249 2781 1528 2835; x_wconf 53' lang='lat' dir='ltr'><strong>“adducere·</strong></span> <span class='ocrx_word' id='word_1_339' title='bbox 1553 2794 1631 2821; x_wconf 87' lang='lat' dir='ltr'><strong>eos</strong></span> <span class='ocrx_word' id='word_1_340' title='bbox 1671 2780 1729 2820; x_wconf 91' lang='lat' dir='ltr'><strong>ad</strong></span> 
     </span>
     <span class='ocr_line' id='line_1_39' title="bbox 235 2843 1728 2898; baseline -0.005 -8"><span class='ocrx_word' id='word_1_341' title='bbox 235 2855 403 2890; x_wconf 89' lang='lat' dir='ltr'><strong>terram</strong></span> <span class='ocrx_word' id='word_1_342' title='bbox 444 2847 658 2895; x_wconf 83' lang='lat' dir='ltr'><strong>Gileadis‚</strong></span> <span class='ocrx_word' id='word_1_343' title='bbox 701 2852 749 2887; x_wconf 90' lang='lat' dir='ltr'><strong>et</strong></span> <span class='ocrx_word' id='word_1_344' title='bbox 789 2846 847 2887; x_wconf 90' lang='lat' dir='ltr'><strong>ad</strong></span> <span class='ocrx_word' id='word_1_345' title='bbox 887 2844 1151 2894; x_wconf 90' lang='lat' dir='ltr'><strong>Libanum‚”</strong></span> <span class='ocrx_word' id='word_1_346' title='bbox 1191 2843 1417 2898; x_wconf 86' lang='lat' dir='ltr'><strong>significat</strong></span> <span class='ocrx_word' id='word_1_347' title='bbox 1458 2843 1515 2883; x_wconf 88' lang='lat' dir='ltr'><strong>ad</strong></span> <span class='ocrx_word' id='word_1_348' title='bbox 1560 2843 1728 2883; x_wconf 91' lang='lat' dir='ltr'><strong>bonum</strong></span> 
     </span>
     <span class='ocr_line' id='line_1_40' title="bbox 235 2907 1727 2965; baseline -0.005 -12"><span class='ocrx_word' id='word_1_349' title='bbox 235 2910 455 2952; x_wconf 87' lang='lat' dir='ltr'><strong>ecclesiae</strong></span> <span class='ocrx_word' id='word_1_350' title='bbox 473 2910 592 2965; x_wconf 91' lang='lat' dir='ltr'><strong>quod</strong></span> <span class='ocrx_word' id='word_1_351' title='bbox 610 2916 680 2951; x_wconf 87' lang='lat' dir='ltr'><strong>est</strong></span> <span class='ocrx_word' id='word_1_352' title='bbox 702 2909 871 2950; x_wconf 91' lang='lat' dir='ltr'><strong>bonum</strong></span> <span class='ocrx_word' id='word_1_353' title='bbox 889 2908 1139 2956; x_wconf 87' lang='lat' dir='ltr'><strong>charitatis,</strong></span> <span class='ocrx_word' id='word_1_354' title='bbox 1158 2913 1206 2949; x_wconf 91' lang='lat' dir='ltr'><strong>et</strong></span> <span class='ocrx_word' id='word_1_355' title='bbox 1232 2907 1288 2948; x_wconf 94' lang='lat' dir='ltr'><strong>ad</strong></span> <span class='ocrx_word' id='word_1_356' title='bbox 1311 2907 1478 2947; x_wconf 90' lang='lat' dir='ltr'><strong>bonum</strong></span> <span class='ocrx_word' id='word_1_357' title='bbox 1504 2911 1550 2946; x_wconf 91' lang='lat' dir='ltr'><strong>et</strong></span> <span class='ocrx_word' id='word_1_358' title='bbox 1572 2918 1727 2946; x_wconf 92' lang='lat' dir='ltr'><strong>verum</strong></span> 
     </span>
     <span class='ocr_line' id='line_1_41' title="bbox 235 2965 1541 3025; baseline -0.005 -9"><span class='ocrx_word' id='word_1_359' title='bbox 235 2974 363 3025; x_wconf 88' lang='lat' dir='ltr'><strong>fidei;</strong></span> <span class='ocrx_word' id='word_1_360' title='bbox 394 2974 481 3015; x_wconf 92' lang='lat' dir='ltr'><strong>hoc</strong></span> <span class='ocrx_word' id='word_1_361' title='bbox 508 2979 579 3015; x_wconf 90' lang='lat' dir='ltr'><strong>est</strong></span> <span class='ocrx_word' id='word_1_362' title='bbox 607 2965 883 3019; x_wconf 85' lang='lat' dir='ltr'><strong>“Libanus,‘’</strong></span> <span class='ocrx_word' id='word_1_363' title='bbox 908 2978 954 3012; x_wconf 92' lang='lat' dir='ltr'><strong>et</strong></span> <span class='ocrx_word' id='word_1_364' title='bbox 980 2970 1091 3012; x_wconf 92' lang='lat' dir='ltr'><strong>illud</strong></span> <span class='ocrx_word' id='word_1_365' title='bbox 1119 2974 1276 3012; x_wconf 89' lang='lat' dir='ltr'><strong>“terra</strong></span> <span class='ocrx_word' id='word_1_366' title='bbox 1303 2968 1541 3011; x_wconf 83' lang='lat' dir='ltr'><strong>Gileadis.&#39;&#39;</strong></span> 
     </span>
    </p>

    <p class='ocr_par' dir='ltr' id='par_1_9' title="bbox 318 3032 1727 3094">
     <span class='ocr_line' id='line_1_42' title="bbox 318 3032 1727 3094; baseline -0.006 -14"><span class='ocrx_word' id='word_1_367' title='bbox 318 3037 398 3094; x_wconf 83' lang='lat' dir='ltr'><strong>[e.]</strong></span> <span class='ocrx_word' id='word_1_368' title='bbox 440 3037 517 3078; x_wconf 88' lang='lat' dir='ltr'><strong>Ex</strong></span> <span class='ocrx_word' id='word_1_369' title='bbox 531 3037 601 3078; x_wconf 87' lang='lat' dir='ltr'><strong>his</strong></span> <span class='ocrx_word' id='word_1_370' title='bbox 615 3043 829 3079; x_wconf 89' lang='lat' dir='ltr'><strong>constare</strong></span> <span class='ocrx_word' id='word_1_371' title='bbox 845 3042 1001 3090; x_wconf 89' lang='lat' dir='ltr'><strong>potest</strong></span> <span class='ocrx_word' id='word_1_372' title='bbox 1016 3035 1122 3090; x_wconf 88' lang='lat' dir='ltr'><strong>quid</strong></span> <span class='ocrx_word' id='word_1_373' title='bbox 1140 3036 1183 3076; x_wconf 87' lang='lat' dir='ltr'><strong>in</strong></span> <span class='ocrx_word' id='word_1_374' title='bbox 1199 3048 1334 3076; x_wconf 89' lang='lat' dir='ltr'><strong>sensu</strong></span> <span class='ocrx_word' id='word_1_375' title='bbox 1349 3032 1571 3088; x_wconf 87' lang='lat' dir='ltr'><strong>spirituali</strong></span> <span class='ocrx_word' id='word_1_376' title='bbox 1586 3033 1727 3086; x_wconf 87' lang='lat' dir='ltr'><strong>signi-</strong></span> 
     </span>
    </p>
   </div>
  </div>
 </body>
</html>
