2060 3476
303 594 1049 679 APOCALYPSIS
1145 594 1786 682 EXPLICATA.

838 1014 1252 1047 APOCALYPSIS.

699 1158 1187 1222 CAPUT
1305 1160 1382 1219 I.

524 1450 664 1498 Deus
700 1449 910 1497 indicare
945 1450 1099 1497 servis
1135 1449 1249 1503 suis,
1286 1466 1412 1512 quae
1449 1459 1644 1512 oportet
1681 1448 1785 1496 fieri

522 1526 631 1580 cito,
656 1536 707 1574 et
732 1525 1021 1590 significavit
1049 1526 1248 1573 mittens
1276 1542 1365 1590 per
1388 1524 1619 1589 angelum
1644 1542 1787 1573 suurn

292 1620 437 1651 servo
461 1620 552 1650 suo
573 1602 797 1666 Johanni.

361 1695 402 1727 2.
445 1679 543 1741 Qui
562 1689 767 1727 testatus
786 1689 862 1727 est
878 1678 1100 1727 Verbum
1121 1679 1232 1733 Dei,
1250 1689 1300 1727 et
1317 1678 1651 1726 testimonium
1669 1679 1786 1742 Jesu

291 1756 483 1809 Christi,
509 1773 833 1819 quaecunque
859 1756 992 1804 vidit.

359 1849 402 1894 3.
451 1833 630 1880 Beatus
660 1832 845 1896 legem,
871 1843 922 1880 et
944 1833 1202 1880 audientes
1227 1832 1382 1880 verba
1404 1831 1710 1895 prophetiae,
1737 1842 1789 1880 et

291 1920 543 1957 servantes
568 1926 694 1973 quae
718 1909 766 1956 in
791 1926 852 1957 ea
874 1909 1076 1972 scripta;
1115 1909 1228 1972 quia
1251 1919 1446 1972 tempus
1471 1925 1639 1972 prope.

356 2002 401 2045 4.
446 1986 696 2049 Johannes
721 1995 911 2049 septem
941 1985 1178 2040 Eeclesiis,
1205 2003 1329 2049 quae
1358 1986 1404 2032 in
1431 1986 1580 2032 Asia:
1618 1985 1788 2034 Gratia

294 2063 431 2110 vobis
457 2073 507 2110 et
530 2080 627 2126 pax
652 2063 715 2110 ab
753 2063 868 2126 Ipso
893 2063 975 2126 qui
1000 2073 1076 2110 est
1099 2072 1149 2109 et
1184 2061 1268 2125 qui
1306 2062 1393 2109 fuit
1418 2073 1468 2110 et
1503 2062 1585 2125 qui
1612 2073 1783 2110 ventu-

291 2156 369 2186 rus
387 2156 395 2194 ;
423 2149 472 2187 et
490 2156 518 2187 a
533 2150 722 2202 septem
742 2139 1015 2202 Spiritibus,
1032 2139 1115 2202 qui
1135 2149 1251 2186 sunt
1267 2139 1314 2186 in
1336 2137 1607 2202 conspeetu
1623 2138 1784 2186 throni

294 2216 460 2279 Ipsius.
1593 2255 1597 2259 .

357 2293 400 2340 5.
450 2293 512 2340 Et
540 2309 570 2344 a
584 2293 701 2356 Jesu
722 2292 930 2347 Christo,
952 2293 1065 2356 Ipse
1089 2292 1252 2340 Testis
1272 2292 1440 2346 fidelis,
1463 2293 1575 2356 Ipse
1598 2293 1782 2340 Primo-

287 2370 481 2433 genitus
519 2387 582 2417 ex
620 2369 834 2424 mortuis,
874 2381 923 2417 et
962 2370 1075 2433 Ipse
1115 2370 1346 2433 Princeps
1384 2387 1558 2434 regum
1597 2380 1782 2424 terrae;

287 2446 466 2493 amanti
487 2463 592 2500 nos,
613 2457 663 2493 et
686 2446 863 2493 lavanti
885 2463 976 2493 nos
995 2463 1025 2493 a
1043 2445 1256 2509 peccatis
1276 2446 1450 2493 nostris
1476 2446 1524 2493 in
1545 2446 1782 2510 sanguine

288 2539 393 2569 suo.

355 2602 398 2646 6.
442 2599 505 2646 Et
523 2599 632 2647 fecit
652 2617 741 2647 nos
766 2617 908 2664 reges
928 2609 978 2647 et
995 2599 1276 2648 sacerdotes
1295 2600 1412 2654 Deo
1432 2609 1482 2647 et
1509 2600 1637 2647 Patri
1663 2616 1780 2648 suo:

289 2667 386 2738 Ipsi
410 2675 563 2739 gloria
586 2686 636 2723 et
659 2676 808 2724 robur
831 2676 878 2723 in
904 2675 1095 2724 saecula
1118 2675 1437 2735 saeculorum,
1463 2693 1620 2724 amen.

331 2766 335 2768 ’
356 2765 397 2811 7.
448 2752 575 2799 Ecce
600 2752 735 2800 venit
759 2771 868 2800 curn
894 2753 1118 2807 nubibus,
1145 2763 1195 2800 et
1218 2753 1400 2800 videbit
1426 2753 1593 2816 Ipsum
1620 2753 1780 2800 omnis

285 2829 464 2884 oculus,
490 2839 540 2877 et
563 2829 657 2892 qui
689 2829 856 2892 Ipsum
880 2829 1251 2885 transfixerunt;
1289 2840 1338 2877 et
1372 2829 1607 2894 plangent
1631 2845 1778 2892 super

287 2906 451 2969 Ipsum
476 2923 647 2953 omnes
671 2906 822 2953 tribus
845 2916 1029 2961 terrae;
1067 2906 1226 2960 etiam,
1252 2923 1410 2954 amen.

352 2985 395 3030 8.
445 2982 556 3047 Ego
580 3001 685 3030 sum
713 2982 878 3046 Alpha
902 2993 951 3031 et
980 2982 1189 3048 Omega,
1221 2983 1513 3046 Principium
1539 2994 1589 3030 et
1626 2968 1788 3037 Finis)

302 1372 800 1556 REVELATIO
833 1372 1002 1436 JESU
1040 1372 1344 1426 CHRISTI,
1370 1389 1518 1435 quam
1547 1371 1683 1419 dedit
1727 1371 1789 1420 illi
