2060 3476
392 346 474 389 570
805 343 1138 388 APOCALYPSIS
1169 344 1468 377 EXPLICATA.

389 458 482 499 veri
508 455 778 510 spiritualis;
811 456 956 497 omnis
982 457 1102 497 enim
1128 455 1318 506 affectio,
1341 457 1448 510 quia
1473 462 1544 498 est
1570 457 1750 507 amoris,
1777 469 1877 499 cum

389 520 512 561 cadit
531 521 575 560 in
590 532 764 569 sonum,
782 525 914 560 sonat
930 519 1012 560 sibi
1027 519 1350 560 convenienter
1366 534 1376 571 ;
1404 519 1522 560 unde
1532 519 1674 560 eti-am
1691 533 1751 560 ex
1766 532 1879 560 sono

390 583 464 636 qu'i
487 583 531 622 in
555 581 750 635 loquela,
771 588 816 623 et
842 583 886 623 in
900 596 993 635 quo
1009 595 1146 622 voces
1164 581 1370 635 loquelae
1387 582 1513 635 quasi
1531 581 1687 631 fluunt,
1703 581 1882 623 auditur

391 644 577 686 alterius
621 643 812 694 affectio,
854 658 968 698 quae
1006 645 1146 685 etiam
1186 644 1290 684 inde
1331 645 1533 684 noscitur
1570 657 1597 684 a
1637 644 1787 694 socio;
1834 650 1880 685 et

392 708 628 748 manifeste
665 709 709 748 in
746 708 915 748 mundo
952 707 1185 760 spirituali,
1225 706 1298 747 ubi
1338 719 1497 747 omnes
1538 707 1636 747 soni
1674 705 1880 760 loquelae

392 770 683 811 manifestant
716 768 989 811 affectiones.
1051 768 1266 810 Simili-ter
1292 768 1396 810 alibi
1422 768 1553 823 apud'
1568 767 1805 818 Davidem,
1833 774 1881 810 ut

391 834 435 874 in
463 833 532 874 his
558 833 877 887 sequentibus:

461 924 484 936 ‘⁴
495 921 648 964 Jubilate
659 921 745 953 Deo
762 921 882 953 robori
900 926 1045 959 nostro;
1070 920 1266 952 acclamate
1284 920 1362 952 Deo
1379 920 1524 962 Jacobi;
1547 902 1707 952 extollite
1722 925 1878 958 cantum,

567 971 603 997 et
626 965 707 996 date
731 971 954 1006 tympanum,
981 964 1154 995 citharam
1182 964 1376 1004 jucundam
1401 973 1481 995 cum
1506 964 1639 1002 nablio,
1667 963 1821 1005 clangite
1845 963 1882 995 in

566 1019 690 1040 mense
707 1007 883 1040 buccina'’
900 1007 1044 1047 (Psalm.
1059 1007 1167 1039 lxxxi.
1182 1016 1246 1046 2-4
1265 1005 1324 1049 [B.
1340 1008 1386 1040 A.
1404 1005 1516 1048 1—3]);

462 1053 484 1067 ‘⁴
498 1052 639 1084 Bonum
660 1051 820 1083 confiteri
839 1051 1010 1093 Jehovae,
1032 1057 1068 1082 et
1086 1060 1214 1082 canere
1235 1051 1373 1082 nomini
1393 1057 1466 1088 tuo,
1489 1050 1674 1082 Altissime
1678 1075 1770 1088 .....
1777 1059 1883 1090 super

566 1095 812 1146 decachordio,
829 1101 864 1126 et
877 1104 983 1135 super
997 1095 1128 1132 nablio,
1145 1100 1180 1126 et
1196 1103 1302 1134 super
1317 1094 1487 1139 higgaion
1506 1094 1541 1125 in
1555 1093 1719 1126 cithara'’
1733 1093 1879 1133 (Psalm.

461 1147 727 1214 “li'iliioeZlit>121i—s4
741 1136 1084 1222 {fulssni—i÷)kege
1108 1191 1184 1219 suo,
1211 1181 1356 1213 laudent
1380 1191 1512 1212 nomen
1539 1181 1654 1222 Ipsius
1679 1180 1715 1212 in
1740 1180 1879 1218 chorea,

566 1236 646 1257 cum
664 1232 836 1266 tympano
853 1231 889 1257 et
905 1225 1040 1256 cithara
1055 1225 1210 1266 psallant
1228 1224 1302 1265 Ipsi
1312 1223 1330 1236 ''
1347 1224 1491 1264 (Psalm.
1505 1224 1609 1256 cxlix.
1625 1232 1655 1262 2,
1669 1224 1701 1263 3)
1715 1233 1722 1262 ;

462 1272 485 1284 ⁸·
496 1269 686 1302 Laudate’¹.
700 1269 815 1301 Deum
831 1270 943 1300 “cum
960 1269 1127 1308 clangore
1142 1268 1332 1305 buccinae:
1357 1268 1498 1299 laudate
1518 1267 1639 1308 Ipsum
1656 1268 1693 1299 in
1710 1267 1831 1298 nablio
1847 1273 1883 1298 et

567 1314 712 1351 cithara,
740 1313 881 1344 laudate
908 1312 1029 1353 Ipsum
1054 1321 1133 1343 cum
1159 1317 1331 1353 tympano
1356 1317 1391 1343 et
1413 1312 1565 1350 chorea;
1590 1311 1732 1342 laudate
1758 1310 1880 1351 Ipsum

568 1367 647 1388 cum
666 1357 793 1388 fidibus
810 1362 844 1387 et
861 1366 998 1396 organo
1013 1365 1019 1391 ;
1045 1355 1185 1386 laudate
1204 1354 1325 1395 Ipsum
1343 1364 1422 1386 cum
1439 1354 1612 1396 cymbaHs
1629 1354 1720 1393 soni,
1740 1353 1883 1386 laudate

570 1400 692 1441 Ipsum
709 1409 789 1432 cum
807 1399 979 1441 cymbalis
996 1398 1201 1439 clangoris'’
1218 1398 1364 1438 (Psalm.
1379 1398 1421 1430 cl.
1436 1398 1522 1438 3-5).

476 1475 557 1530 [6.]
601 1474 720 1528 Quia
737 1475 1043 1515 instrumenta
1060 1473 1232 1514 musica
1254 1479 1299 1514 et
1321 1487 1500 1527 quoque
1522 1473 1717 1514 choreae
1739 1472 1880 1526 signi-

394 1536 591 1578 ficabant
614 1536 779 1590 gaudia
803 1542 850 1577 et
878 1536 1074 1577 laetitias
1097 1549 1210 1590 quae
1233 1535 1455 1576 resultant
1478 1549 1537 1575 ex
1560 1532 1880 1581 affectionibus

394 1606 440 1641 et
478 1614 654 1654 quoque
692 1600 810 1653 ipsas
847 1597 1106 1640 affectiones
1141 1598 1306 1639 mentis
1343 1611 1452 1651 quas
1491 1598 1588 1639 soni
1625 1596 1802 1638 illorum
1839 1597 1884 1638 fn

395 1662 585 1716 simplici
611 1669 657 1704 et
689 1663 733 1703 in
759 1660 1016 1716 composito
1042 1661 1310 1715 producunt,
1339 1661 1456 1708 ideo,

465 1753 487 1766 ‘¹
500 1752 616 1784 David
632 1758 667 1783 et
683 1752 851 1783 universa
869 1751 1006 1782 Domus
1025 1750 1167 1782 Israelis
1185 1750 1355 1781 ludebant
1372 1759 1492 1781 coram
1509 1749 1672 1791 Jehovah
1689 1758 1795 1789 super
1811 1758 1883 1780 om-

571 1796 626 1827 nis
639 1795 781 1835 generis
795 1795 902 1835 lignis
918 1792 1120 1836 [abietum],
1137 1800 1172 1826 et
1185 1803 1291 1834 super
1303 1793 1447 1825 citharis
1461 1799 1495 1825 et
1508 1803 1586 1824 cum
1602 1792 1741 1831 nabliis‚
1757 1797 1792 1824 et
1805 1801 1884 1824 cum

571 1839 751 1880 tympanis
768 1844 803 1870 et
819 1848 898 1870 cum
915 1838 1096 1870 dulciariis
1110 1844 1148 1869 et
1164 1847 1242 1869 cum
1260 1837 1433 1878 cymbalis
1444 1836 1461 1849 ''
1477 1835 1545 1877 ([¹]2
1564 1837 1656 1868 Sam.
1676 1836 1722 1868 vi.
1738 1835 1780 1876 5).

396 1916 623 1970 Quoniam
652 1915 895 1957 “cithara’'
922 1915 1146 1969 significat
1173 1915 1502 1956 confessionem
1529 1928 1588 1955 ex
1613 1915 1729 1955 veris
1755 1913 1882 1967 spiri-

395 1979 606 2027 tualibus,
635 1993 686 2020 ac
714 1993 820 2020 vera
843 1978 1091 2032 spiritualia
1122 1985 1226 2019 sunt
1258 1978 1417 2032 quibus
1449 1977 1703 2018 afficiuntur
1733 1975 1884 2029 angeli

396 2043 470 2096 qui
496 2043 540 2083 in
566 2055 710 2095 regno
732 2041 950 2095 spirituali
970 2041 1152 2082 Domini
1179 2047 1297 2089 sunt,
1321 2045 1368 2081 et
1394 2053 1508 2094 quae
1529 2039 1641 2080 falsa
1662 2038 1768 2080 mali
1790 2039 1881 2080 dis-

396 2106 562 2159 sipant,
590 2111 637 2145 et
664 2117 765 2145 cum
792 2104 879 2144 illis
905 2100 1027 2158 ipsos
1054 2104 1234 2157 spiritus
1260 2104 1333 2157 qui
1358 2104 1402 2143 in
1428 2103 1480 2143 iis
1504 2108 1624 2151 sunt,
1651 2101 1768 2150 ideo,

464 2193 554 2226 Cum
572 2194 686 2225 malus
703 2193 848 2234 spiritus
865 2199 940 2224 erat
957 2202 1063 2233 super
1087 2192 1201 2230 Saule,
1225 2193 1247 2206 ‘⁴
1259 2192 1375 2223 David
1392 2191 1545 2232 sumpsit
1562 2191 1734 2222 citharam
1751 2196 1787 2222 et
1810 2190 1885 2231 pul-

571 2237 665 2269 savit
681 2246 790 2268 manu
806 2246 880 2274 sua,
901 2242 936 2268 et
952 2236 1002 2267 sic
1019 2236 1118 2277 quies
1135 2236 1218 2279 data
1236 2235 1331 2266 Sauli
1336 2260 1427 2274 .....
1436 2240 1471 2266 et
1488 2234 1633 2266 recessit
1650 2232 1694 2265 ab
1710 2243 1754 2265 eo
1770 2234 1884 2266 malus

571 2280 744 2321 spiritus”
762 2281 792 2320 (1
815 2281 907 2312 Sam.
923 2280 994 2311 xvi.
1014 2279 1130 2318 14-16,
1146 2279 1221 2319 23);

396 2358 481 2399 hoc
505 2355 670 2398 factum
693 2363 762 2397 est
780 2356 882 2410 quia
903 2369 1033 2408 reges
1051 2355 1453 2408 repraesentabant
1477 2354 1718 2395 Dominum
1736 2353 1883 2407 quoad

397 2432 586 2473 regnum
599 2419 839 2472 spirituale,
853 2425 899 2459 et
914 2419 1018 2459 inde
1032 2417 1344 2471 significabant
1359 2430 1464 2458 vera
1478 2416 1724 2471 spiritualia
1738 2415 1881 2470 (vide-

397 2490 498 2524 atur
519 2496 663 2536 supra,
689 2494 729 2522 n.
754 2480 913 2535 31[b]),
937 2488 984 2522 at
1007 2480 1111 2522 Saul
1138 2486 1244 2522 tune
1271 2480 1382 2521 falsa
1403 2481 1517 2521 veris
1542 2480 1628 2520 illis
1650 2480 1881 2533 opposita;

396 2560 510 2600 quae
528 2559 605 2599 per
620 2558 777 2585 sonum
796 2545 994 2585 citharae
1011 2543 1354 2597 dissipabantur,
1369 2543 1471 2596 quia
1490 2546 1514 2563 “
1529 2543 1700 2583 cithara
1711 2542 1730 2557 '¹
1743 2542 1880 2595 signi-

397 2609 561 2651 ficabat
593 2606 873 2649 affectionem
904 2607 996 2648 veri
1026 2606 1327 2661 spiritualemq
1373 2605 1452 2646 sed
1485 2611 1591 2646 tunc
1623 2605 1686 2645 ita
1715 2602 1880 2645 faaum

397 2680 480 2720 est,
508 2673 611 2726 quia
635 2672 752 2724 apud
775 2670 888 2711 filios
907 2670 1083 2711 Israelis
1105 2670 1256 2710 omnia
1279 2675 1406 2710 erant
1431 2667 1814 2721 repraesentativa
1835 2673 1881 2707 et

399 2736 502 2776 inde
532 2734 855 2787 significativa;
896 2733 1026 2774 aliter
1051 2733 1196 2773 hodie.
1258 2731 1332 2772 Ex
1363 2731 1449 2772 illis
1480 2731 1589 2771 locis
1619 2743 1733 2784 quae
1765 2742 1880 2770 nunc

397 2796 593 2839 adducta
631 2803 750 2845 sunt,
786 2802 995 2837 constare
1034 2801 1187 2848 potest
1225 2794 1331 2848 quid
1370 2792 1608 2835 “cithara’'
1643 2791 1880 2845 significat,

398 2867 576 2914 praeter
601 2861 737 2900 etiam
759 2860 802 2899 in
829 2858 925 2899 aliis
952 2858 1062 2899 locis

459 2946 523 2986 (Ut
541 2946 641 2978 Esai.
661 2955 741 2977 xxx„
762 2953 814 2984 31,
835 2953 894 2984 32:
925 2945 1057 2976 Psalm.
1075 2944 1158 2976 xlix.
1174 2953 1206 2982 4,
1224 2951 1240 2982 5
1261 2941 1320 2985 [B.
1336 2943 1381 2974 A.
1399 2950 1429 2981 3,
1445 2939 1481 2983 4]
1497 2951 1517 2991 ;·
1532 2941 1662 2973 psalm.
1679 2939 1830 2991 cxxxvii.
1850 2946 1878 2976 1,

570 2998 610 3022 2:
639 2998 653 3021 1
675 2990 817 3026 Sam.‚x.
836 2996 872 3027 5:
899 2989 998 3030 Apoc.
1015 2988 1086 3020 xiv.
1105 2996 1122 3019 2
1138 2997 1144 3026 ;
1169 2997 1245 3028 cap.
1262 2986 1359 3018 xviii.
1377 2994 1436 3017 22:
1462 2985 1553 3016 Hzob
1571 2994 1652 3016 xxx.
1669 2983 1734 3024 31).
