2060 3476
270 337 367 398 ”148
514 391 515 394 ,
700 355 1032 389 APOCALYPSIS
1063 356 1362 389 EXPLICATA.

284 482 473 522 regnum
506 469 705 510 caeleste
738 469 921 510 Domini
947 475 993 511 et
1019 469 1235 520 Verbum,
1264 475 1310 511 et
1337 470 1381 511 in
1413 483 1547 511 sensu
1579 476 1772 511 externo

283 531 538 572 doctrinam
566 545 590 571 e
615 531 773 571 Verbo
803 529 918 584 qua'e
949 531 1171 572 ecclesiae
1201 531 1416 572 caelestis
1447 542 1605 581 (videatur
1622 542 1654 571 in
1672 542 1773 572 Arca-

279 602 329 630 nis
345 601 805 639 Caelestibus,n.3881,6363):
833 591 937 632 inde
955 597 1168 632 constare
1190 597 1345 645 potest
1367 591 1487 645 quod
1513 605 1592 645 per
1609 591 1770 632 “blas-

281 653 510 707 phemiam
537 654 783 694 dicentium
811 667 858 694 se
887 653 1083 706 Judaeos
1110 668 1209 695 esse
1235 660 1281 695 et
1314 667 1404 694 non
1431 653 1576 702 sunt,''
1602 653 1771 706 signifi-

281 724 407 758 cetur
423 717 696 770 vituperatio
719 722 765 757 et
788 715 981 758 invectio
999 717 1056 758 ab
1078 717 1164 758 illis
1182 718 1255 771 qui
1278 717 1433 758 dicunt
1453 730 1501 757 se
1519 729 1771 769 agnoscere

281 781 540 829 Dominum,
574 786 620 821 et
652 794 751 821 esse
788 781 831 820 in
868 793 1010 833 regno
1048 780 1206 834 Ipsius,
1240 781 1373 834 inque
1407 794 1513 820 vera
1550 777 1768 829 doctrina,

280 845 381 897 quia
413 843 583 884 habent
611 843 827 891 Verbum,
857 849 902 884 et
935 857 1024 884 non
1057 850 1212 884 tamen
1246 850 1377 894 sunt;
1416 843 1459 883 in
1487 856 1668 896 genere,
1696 844 1770 898 qui

280 908 435 948 dicunt
463 921 510 948 se
541 908 584 948 in
612 907 949 959 cognitionibus
976 907 1082 948 boni
1114 913 1160 948 et
1187 907 1278 948 veri
1305 920 1406 947 esse
1438 920 1497 947 ex
1525 906 1693 956 Verbo,
1722 913 1769 948 et

280 977 434 1011 tamen
461 971 503 1011 in
530 970 652 1011 salsis
680 976 725 1011 et
758 969 888 1010 malis
915 976 1031 1011 sunt.
1094 969 1180 1022 Qui
1208 969 1315 1010 nihil
1348 970 1404 1010 de
1431 983 1565 1010 sensu
1590 971 1770 1012 interno

280 1033 420 1074 Verbi
447 1040 626 1079 norunt,
655 1047 746 1073 non
774 1033 905 1073 aliter
931 1034 1043 1074 scire
1069 1039 1259 1086 possunt
1285 1046 1419 1086 quam
1446 1033 1565 1086 quod
1595 1034 1638 1073 in
1665 1046 1769 1086 pro-

280 1097 471 1149 pheticis
498 1097 638 1137 Verbi
671 1110 749 1149 per
777 1095 1065 1148 “Jehudam”
1091 1102 1137 1136 et
1167 1095 1431 1149 “Judaeos”
1455 1095 1770 1149 intelligantur

277 1159 484 1212 Jehudah
512 1166 558 1200 et
583 1159 765 1212 Judaei;
800 1165 871 1199 ast
900 1172 978 1212 per
1004 1160 1187 1199 nomina
1213 1172 1368 1199 eorum
1395 1158 1454 1199 ibi
1483 1172 1573 1199 non
1606 1159 1669 1199 illi
1701 1160 1768 1199 in-

280 1222 560 1276 telliguntur,
589 1222 668 1263 sed
696 1235 853 1262 omnes
880 1222 953 1275 qui
979 1222 1022 1262 in
1045 1235 1151 1262 vera
1177 1220 1380 1262 doctrina
1403 1221 1623 1262 ecclesiae
1646 1228 1765 1271 sunt,

279 1286 342 1326 ita
368 1286 441 1339 qui
467 1286 510 1326 in
539 1284 874 1338 cognitionibus
896 1285 1002 1325 boni
1029 1290 1074 1325 et
1097 1285 1188 1325 veri
1211 1298 1268 1325 ex
1292 1284 1460 1333 Verbo,
1486 1291 1532 1325 et
1559 1285 1601 1325 in
1625 1298 1767 1338 oppo-

280 1349 368 1389 sito
401 1362 534 1389 sensu
566 1347 628 1388 illi
665 1348 738 1401 qui
776 1348 819 1387 in
850 1347 962 1388 falsa
994 1345 1197 1388 doctrina
1229 1353 1347 1395 sunt,
1381 1348 1444 1388 ita
1481 1348 1553 1401 qui
1585 1361 1690 1388 vera
1720 1355 1767 1389 et

280 1411 400 1452 bona
426 1411 566 1452 Verbi
593 1410 975 1451 adulteraverunt.
1037 1409 1170 1463 Quod
1194 1423 1284 1450 non
1309 1409 1517 1463 Jehudah
1536 1416 1582 1451 et
1607 1410 1766 1463 Judaei

281 1475 370 1515 sint
398 1471 633 1522 intellecti,
663 1479 873 1514 constare
906 1472 1050 1513 solum
1084 1479 1238 1526 potest
1270 1486 1328 1513 ex
1361 1486 1429 1521 eo,
1457 1473 1577 1526 quod
1609 1487 1766 1514 sensus

279 1537 483 1578 internus
509 1538 566 1578 sit
589 1537 632 1577 in
656 1535 843 1589 singulis
867 1535 1020 1584 Verbi,
1050 1542 1095 1576 et
1118 1549 1294 1590 quoque
1317 1536 1359 1576 in
1383 1536 1636 1577 nominibus
1663 1550 1763 1590 per-

278 1612 489 1640 sonarum
517 1605 563 1640 et
590 1599 807 1647 locorum,
832 1604 878 1639 et
904 1599 1023 1652 quod
1055 1599 1099 1639 in
1127 1598 1204 1639 illo
1231 1611 1364 1639 sensu
1387 1611 1477 1639 non
1500 1605 1662 1652 agatur
1684 1600 1765 1641 nisi

278 1662 333 1703 de
355 1663 486 1703 rebus
509 1661 623 1703 caeli
646 1667 691 1702 et
714 1661 948 1709 ecclesiae,
969 1661 1072 1701 inde
1096 1675 1273 1715 quoque
1296 1675 1374 1714 per
1397 1661 1580 1702 nomina
1601 1661 1765 1714 “Jehu-

278 1725 392 1766 dae’'
415 1732 461 1767 et
486 1724 702 1766 “Israelis
720 1724 753 1775 ;''
785 1730 831 1765 et
854 1724 955 1778 quia
978 1724 1096 1778 apud
1118 1723 1219 1764 illos
1242 1724 1450 1764 instituta
1472 1724 1551 1765 suit
1574 1724 1766 1766 ecclesia

278 1789 322 1829 in
349 1803 436 1843 qua
468 1787 855 1842 repraesentativa
887 1793 933 1828 et
966 1786 1265 1840 significativa
1291 1786 1555 1828 caelestium
1587 1787 1764 1829 fuerunt

277 1853 441 1900 omnia,
476 1852 578 1892 ideo
610 1865 688 1904 per
719 1851 902 1891 nomina
934 1863 1087 1891 eorum
1121 1849 1424 1903 significatum
1456 1856 1526 1891 est
1563 1850 1607 1890 id
1645 1850 1764 1904 quod

277 1915 580 1955 essentialiter
602 1914 707 1954 facit
734 1912 988 1961 ecclesiam,
1014 1926 1176 1966 nempe
1202 1914 1246 1953 in
1270 1926 1479 1966 supremo
1501 1926 1635 1953 sensu
1661 1913 1764 1966 Ipse

278 1978 512 2027 Dominus,
556 1984 601 2018 et
642 1978 686 2017 in
727 1977 906 2017 interno
946 1975 1148 2016 Verbum
1191 1976 1349 2029 Ipsius,
1394 1989 1445 2016 ac
1485 1976 1528 2016 in
1570 1981 1763 2016 externo

277 2039 481 2082 doffffina
504 2054 562 2081 ex
586 2039 755 2087 Verbo,
780 2044 828 2079 ut
852 2052 985 2091 supra
1007 2037 1174 2079 dictum
1197 2044 1279 2078 est.
1337 2037 1448 2078 Inde
1471 2044 1599 2091 patet
1622 2052 1762 2092 quan-

277 2110 372 2144 tum
409 2102 746 2143 hallucinantur
781 2102 853 2155 qui
891 2101 1139 2142 secundum
1182 2100 1381 2141 litteram
1414 2101 1604 2141 credunt
1642 2102 1762 2155 quod

274 2166 431 2219 Judaei
463 2164 706 2206 reducendi
739 2165 828 2204 sint
865 2165 909 2204 in
941 2163 1128 2204 Terram
1162 2162 1437 2212 Canaanem,
1471 2169 1517 2204 et
1549 2156 1668 2216 quod
1700 2163 1762 2205 illi

278 2227 410 2278 electi
436 2235 483 2269 et
515 2228 731 2268 destinati
763 2228 853 2267 sint
885 2227 941 2267 ad
973 2226 1150 2284 caelum
1182 2239 1288 2279 prae
1316 2225 1439 2276 aliis;
1473 2239 1574 2267 cum
1607 2233 1762 2269 tamen

276 2292 405 2344 pauci
432 2305 495 2332 ex
522 2290 599 2331 illa
625 2296 764 2342 gente
790 2289 1036 2337 salvantur,
1065 2289 1277 2342 quoniam
1303 2301 1394 2328 non
1426 2288 1499 2329 alii
1530 2289 1764 2331 salvantur
1799 2288 1801 2291 ’

276 2367 409 2407 quarn
432 2354 505 2407 qui
528 2353 718 2394 credunt
744 2353 786 2392 in
812 2352 1082 2401 Dominum;
1116 2358 1162 2392 et
1189 2352 1262 2405 qui
1285 2352 1426 2392 credit
1449 2352 1492 2392 in
1517 2352 1761 2394 Dominum

277 2418 320 2457 in
353 2416 536 2465 mundo,
565 2416 600 2456 is
632 2415 776 2456 credit
813 2416 856 2455 in
895 2415 1047 2468 Ipsum
1079 2420 1182 2468 post
1210 2415 1409 2465 obitum;
1452 2420 1499 2455 et
1539 2414 1616 2455 illa
1647 2427 1760 2467 gens

277 2493 455 2532 prorsus
487 2493 513 2519 a
544 2492 623 2518 sua
658 2477 745 2518 fide
776 2478 929 2530 rejecit
963 2478 1128 2530 Ipsum.
1190 2476 1324 2530 Quod
1361 2491 1439 2530 per
1473 2477 1762 2530 “Jehudam”

276 2541 558 2594 intelligatur
585 2541 805 2581 Dominus
831 2540 980 2593 quoad
1011 2553 1200 2592 regnum
1232 2553 1360 2580 suum
1392 2546 1438 2580 et
1469 2540 1617 2593 quoad
1644 2539 1760 2580 Ver-

275 2605 396 2651 bum,
430 2610 642 2645 constare
678 2609 832 2656 potest
865 2617 890 2643 a
926 2602 1193 2656 prophetico
1226 2602 1404 2643 Israelis
1437 2603 1493 2643 de
1524 2602 1623 2643 filiis
1655 2603 1758 2651 suis,

276 2667 396 2721 quod
423 2680 524 2707 cum
551 2666 772 2707 evolvitur
798 2679 876 2719 per
898 2679 1079 2706 sensum
1105 2666 1331 2705 internum
1363 2671 1492 2719 patet
1518 2665 1623 2719 quid
1650 2678 1759 2705 una-

275 2730 458 2783 quaevis
482 2729 623 2770 tribus
645 2729 689 2769 in
712 2728 904 2769 ecclesia
926 2728 1296 2781 repraesentavit.
1359 2727 1494 2780 Quod
1520 2728 1662 2768 tribus
1682 2727 1758 2780 Je-

276 2792 423 2833 hudae
449 2791 856 2844 repraesentaverit
888 2803 1076 2843 regnum
1104 2790 1286 2830 Domini
1317 2804 1395 2831 seu
1420 2789 1659 2831 ecclesiam
1685 2789 1775 2842 ubi·

275 2854 492 2903 Verbum,
521 2859 703 2894 constat
730 2853 994 2903 manifeste;
1027 2866 1132 2893 nam
1158 2852 1215 2893 de
1239 2852 1448 2906 Jehudah
1475 2852 1651 2900 dicitur,

344 2952 524 2985 “Catulus
548 2951 664 2983 leonis
687 2951 848 2993 Jehudh
853 2961 898 2988 ,a
921 2951 1052 2992 praeda
1074 2951 1276 2989 ascendisti,
1291 2951 1340 2982 fili
1363 2951 1432 2983 mi.
1507 2960 1595 2983 ,non
1619 2950 1759 2982 recedet

449 3001 626 3036 sceptrum
655 2996 698 3027 de
721 2995 812 3037 Jehu
839 2995 896 3033 ah,
917 3005 981 3026 nec
1008 2995 1192 3035 legislator
1216 2995 1261 3026 ab
1287 2995 1379 3026 inter
1404 2994 1512 3035 pedes
1537 2993 1627 3034 ejus,
1645 3003 1757 3035 usque
