2060 3476
622 349 727 382 cAP.
751 349 836 391 111„
858 349 998 383 VERs.
1027 350 1195 395 17.—N.
1219 352 1242 382 2
1249 340 1386 396 39[a].
1667 341 1752 396 367

254 477 303 505 se
327 463 482 505 dicunt
501 463 647 517 justos
672 478 750 506 seu
776 463 1046 518 justificatos
1071 480 1170 506 esse
1196 479 1296 507 cum
1327 466 1499 507 habent
1524 465 1673 515 fidem,
1700 473 1747 508 et

254 541 333 581 per
352 526 656 581 “justificatos
668 528 688 543 '’
708 527 972 582 intelligunt
994 542 1085 570 non
1104 529 1385 570 damnabiles
1407 536 1591 583 propter
1610 530 1746 571 ullam

254 603 349 632 rem
373 605 506 645 quam
531 592 738 645 cogitant
769 598 816 633 et
846 591 1020 641 volunt,
1047 593 1150 646 quia
1173 593 1450 633 reconciliati
1471 599 1586 634 ‘sunt
1620 593 1745 644 Deo;

255 660 529 708 quapropter
552 655 756 704 credunt,
783 655 886 709 quia
917 656 1117 708 sequitur
1142 669 1200 696 ex
1234 669 1355 696 nexu
1382 669 1482 697 cum
1514 657 1745 710 principio,

254 718 374 772 quod
399 731 541 772 aeque
566 717 672 758 mali
703 731 754 758 ac
778 718 892 760 ,boni
924 717 1155 759 salventur
1180 718 1316 759 modo
1347 718 1482 759 fidem
1513 719 1746 772 recipiant,
1820 722 1826 728 ’

255 782 350 822 sive
380 781 424 821 id
455 781 570 822 foret
600 781 644 821 in
675 781 844 822 ultimis
873 781 1008 822 vitae.
1068 780 1254 822 Arcana
1285 780 1515 823 doctrinae
1545 782 1672 836 hujus
1703 783 1747 823 in

254 857 308 884 eo
334 844 603 893 consistunt,
622 843 742 898 quod
765 843 1006 898 loquantur
1027 844 1082 884 de
1107 845 1400 897 progressivis
1423 845 1635 898 gradibus
1653 845 1746 898 jus-

253 906 526 957 tificationis,
559 921 650 948 non
682 921 741 948 ex
773 907 920 961 aliqua
951 908 1046 948 vita
1077 907 1282 956 hominis,
1311 922 1388 948 seu
1420 923 1480 949 ex
1511 907 1746 950 affectione

254 970 487 1011 charitatis
513 970 619 1023 ejus,
647 970 725 1011 sed
751 984 810 1011 ex
837 969 935 1011 sola
959 970 1046 1011 fide
1072 970 1128 1011 de
1153 970 1521 1012 reconciliatione
1547 971 1631 1012 Dei
1664 972 1746 1013 Pa-

189 1037 192 1040 ’
253 1034 333 1085 tris
358 1047 437 1087 per
460 1033 635 1083 Filium,
659 1047 792 1087 quarn
814 1040 981 1074 vocant
1003 1033 1324 1075 confidentiam
1347 1048 1424 1075 seu
1446 1034 1670 1081 fiduciam,
1694 1048 1746 1075 ac

253 1097 395 1150 ipsam
435 1096 570 1138 fidem
611 1097 892 1147 salvantem;
944 1110 1035 1138 non
1077 1097 1273 1139 scientes
1318 1097 1438 1151 quod
1478 1097 1591 1138 nihil·
1626 1099 1748 1139 vitae

254 1160 492 1213 spiritualis
518 1161 622 1201 insit
647 1161 683 1200 si
706 1159 815 1200 nihil
840 1159 1098 1201 charitatis:
1131 1160 1175 1200 id
1201 1161 1320 1214 quod
1346 1161 1531 1201 interius
1557 1162 1748 1215 percipi-

254 1230 325 1264 tur
349 1230 426 1264 aut
450 1229 637 1277 apparet
663 1224 707 1264 in
729 1222 1004 1264 confidentia
1028 1224 1147 1276 apud
1173 1224 1288 1274 illos,
1313 1225 1452 1278 usque
1475 1225 1582 1265 nihil
1609 1226 1747 1266 trahit

253 1301 313 1327 ex
335 1285 571 1328 affectione
593 1286 823 1340 spirituali,
851 1287 931 1327 sed
953 1301 1012 1328 ex
1035 1287 1533 1340 n'aturalissogitatione
1559 1289 1614 1330 de
1640 1302 1749 1342 gau-

255 1351 329 1391 dio
350 1357 427 1391 aut
450 1350 506 1391 de
529 1364 619 1391 non
642 1350 948 1391 damnatione.
1005 1350 1243 1391 Praeterea
1265 1351 1388 1392 nulla
1409 1351 1621 1392 voluntas
1644 1353 1747 1392 boni

254 1420 324 1455 est
346 1413 432 1454 illis
455 1414 528 1467 qui
555 1427 646 1455 non
669 1414 816 1454 sciunt
839 1413 1006 1467 aliquid
1028 1414 1084 1454 de
1107 1414 1227 1454 bono
1260 1413 1498 1455 charitatis
1521 1429 1530 1463 ;
1569 1420 1615 1455 et
1642 1412 1750 1467 s'lqui

254 1491 344 1519 non
367 1478 513 1519 sciunt
536 1477 702 1531 aliquid
725 1478 781 1518 de
803 1477 888 1518 hoc
912 1478 1046 1527 bono,
1066 1491 1156 1518 non
1175 1478 1322 1518 sciunt
1344 1477 1510 1531 aliquid
1533 1477 1589 1518 de
1612 1479 1745 1527 malo,

255 1554 359 1582 nam
390 1541 558 1582 bonum
590 1542 758 1594 retegit
790 1541 956 1582 malum
975 1538 1002 1592 ;’
1027 1547 1302 1595 quapropter
1333 1555 1416 1582 nec
1449 1548 1639 1595 possunt
1666 1556 1747 1582 ex-

254 1604 430 1658 plorare
461 1619 523 1653 se,
550 1605 703 1646 videre
734 1619 814 1645 sua
845 1604 977 1654 mala,
1005 1618 1056 1645 ac
1088 1605 1150 1645 sic
1183 1605 1336 1658 fugere
1367 1604 1445 1645 illa
1476 1611 1522 1646 et
1554 1607 1749 1646 aversari

255 1668 357 1719 illa;
389 1669 594 1709 inde'est
625 1668 745 1722 quod
777 1668 987 1709 relaxent
1014 1669 1283 1721 cogitationi
1314 1682 1420 1709 suae
1451 1675 1497 1709 et
1523 1669 1749 1710 voluntati

255 1746 361 1773 suae
399 1733 549 1773 omnia
588 1732 736 1781 srena,'
765 1732 902 1772 modo
943 1737 1136 1772 caveant
1177 1731 1259 1772 sibi
1296 1745 1322 1772 a
1361 1732 1577 1772 faciendis
1618 1733 1748 1773 malis

254 1802 438 1849 propter
456 1795 594 1848 leges,
613 1793 833 1848 jacturam
856 1795 1014 1843 famae,
1033 1794 1231 1843 honoris,
1251 1794 1359 1835 lucri
1382 1801 1428 1835 et
1452 1796 1585 1836 vitae.
1638 1796 1750 1837 Inde

254 1864 324 1899 est
351 1872 451 1899 cum
477 1859 610 1899 iidem
633 1858 744 1899 fiunt
771 1859 965 1912 spiritus,
993 1864 1039 1899 et
1065 1857 1151 1898 illis
1177 1857 1435 1899 auferuntur
1461 1858 1523 1899 illi
1549 1859 1748 1908 timores,

254 1922 374 1976 quod
408 1923 635 1963 associent
667 1936 715 1963 se
747 1922 950 1970 diabolis,
984 1922 1191 1974 cogitant
1223 1922 1342 1962 enim
1376 1928 1422 1962 et
1449 1922 1608 1963 volunt
1634 1924 1750 1964 sicut

254 1985 316 2026 illi
347 1986 558 2039 quoniam
590 1986 654 2026 ita
685 1986 1002 2038 cogitaverunt
1043 1986 1087 2025 in
1119 1986 1301 2034 mundo,
1335 1986 1516 2038 spiritus
1548 1987 1667 2027 enim
1705 1987 1750 2027 in

254 2049 435 2090 homine
458 2055 527 2090 est
550 2049 623 2103 qui
645 2050 821 2102 cogitat
841 2062 849 2089 :
883 2048 1014 2089 aliter
1035 2063 1142 2089 vero
1167 2048 1230 2089 illi
1255 2049 1328 2102 qui
1351 2050 1491 2089 vitam
1516 2049 1750 2090 charitatis

255 2118 457 2164 egerunt.
518 2113 668 2161 Porro,
695 2113 769 2166 qui
795 2112 984 2153 credunt
1011 2126 1058 2152 se
1080 2111 1350 2165 justificatos
1377 2126 1475 2153 esse
1502 2126 1581 2165 per
1606 2113 1750 2153 solam

255 2174 403 2223 fidem,
427 2182 588 2229 putant
615 2190 662 2216 se
689 2176 789 2216 duci
816 2190 842 2216 a
868 2176 982 2224 Deo,
1002 2182 1049 2216 et
1071 2176 1175 2216 inde
1201 2175 1368 2215 bonum
1393 2175 1564 2226 facere;
1598 2176 1750 2217 dicen-

255 2245 325 2278 tes
351 2238 470 2291 quod
497 2252 630 2280 omne
655 2239 823 2280 bonum
849 2238 1016 2287 aDeo,
1040 2245 1086 2279 et
1114 2238 1223 2279 nihil
1250 2239 1306 2279 ab
1332 2239 1528 2287 homine,
1557 2245 1602 2280 et
1629 2241 1750 2293 quod

255 2301 422 2341 bonum
460 2301 625 2355 alioqui
666 2302 780 2343 foret
818 2302 1123 2342 meritorium:
1161 2310 1262 2342 ‘non
1303 2302 1500 2342 scientes
1538 2303 1658 2356 quod
1695 2304 1758 2344 ab

254 2365 435 2405 homine
457 2379 556 2406 esse
581 2366 746 2406 debeat
772 2366 999 2418 receptio;
1026 2371 1072 2406 et
1098 2365 1219 2419 quod
1242 2366 1442 2418 receptio
1473 2379 1562 2406 non
1590 2366 1750 2407 dabilis

255 2429 327 2476 sit,
355 2429 393 2468 si
416 2442 506 2468 non
532 2429 744 2469 attendat
771 2429 827 2469 ad
859 2429 1162 2482 cogitationes
1189 2435 1235 2469 et
1266 2429 1544 2469 intentiones
1571 2442 1672 2469 suas
1705 2436 1751 2471 et

255 2492 360 2532 inde
386 2490 517 2540 facta,
545 2498 592 2532 et
617 2498 724 2532 tunc
753 2492 944 2532 desistat
970 2505 997 2532 a
1022 2491 1151 2532 malis
1177 2498 1223 2532 et
1254 2491 1388 2532 faciat
1420 2492 1603 2541 bonum,
1631 2493 1751 2546 quod

255 2555 304 2596 fit
331 2569 432 2596 cum
458 2553 636 2608 spectat
667 2555 724 2595 ad
749 2569 855 2596 vera
886 2569 1000 2609 quae
1026 2555 1153 2595 novit
1185 2568 1244 2595 ex
1271 2554 1441 2603 Verbo,
1470 2562 1517 2596 et
1543 2556 1653 2596 vivit
1679 2570 1751 2596 se-

255 2619 450 2660 cundum
482 2619 572 2659 illa.
635 2618 737 2660 Hoc
770 2619 853 2659 nisi
889 2618 982 2667 fiat,
1015 2632 1106 2659 non
1143 2624 1213 2659 est
1244 2618 1425 2671 aliquod
1457 2619 1750 2672 reciprocum,

258 2683 363 2724 inde
386 2696 468 2723 nec
491 2681 582 2722 ulla
603 2682 887 2732 reformatio;
920 2687 966 2722 et
992 2682 1049 2722 ad
1076 2681 1180 2735 quid
1206 2681 1326 2722 aliud
1352 2682 1599 2722 inserviunt
1622 2695 1750 2735 prae-

257 2753 393 2799 cepta
425 2745 607 2786 Domini
639 2746 683 2785 in
706 2745 893 2786 Verbo?
961 2743 1096 2797 Quod
1126 2744 1266 2785 homo
1295 2744 1381 2785 hoc
1413 2745 1556 2798 possit
1588 2745 1749 2793 facere,

256 2810 394 2851 etiam
420 2815 490 2850 est
522 2823 548 2849 a
579 2808 805 2859 Domino;
842 2821 947 2848 nam
978 2807 1055 2848 illa
1085 2807 1276 2849 facultas
1308 2814 1378 2849 est
1410 2809 1547 2848 cuivis
1579 2808 1751 2848 homini

254 2887 313 2914 ex
340 2872 504 2913 Divina
530 2872 784 2925 praesentia
806 2871 949 2925 Ipsius
974 2877 1021 2912 et
1045 2871 1284 2912 voluntate
1309 2878 1358 2912 ut
1380 2872 1631 2925 recipiatur.
1694 2871 1746 2911 In

254 2949 442 2985 summa,
466 2924 549 2976 nisi
566 2935 702 2976 homo
724 2935 908 2989 recipiat
926 2933 1160 2976 intellectu
1178 2941 1224 2976 et
1245 2934 1498 2983 voluntate,
1517 2948 1595 2974 seu
1617 2934 1759 2992 cogi-J

255 3000 429 3041 tatione
464 3005 511 3040 et
548 2997 796 3049 affectione,
829 3012 907 3039 seu
943 2998 1063 3052 quod
1094 2998 1228 3048 idem,
1262 2997 1350 3039 fide
1381 3004 1427 3039 et
1459 3010 1626 3046 amore,
1655 2999 1746 3038 non
