2060 3476
255 333 278 363 2
286 331 339 375 50
670 330 1002 363 APOCALYPSIS
1033 329 1333 364 EXPLICATA.

255 442 373 497 apud
399 442 683 491 Ezechielem,

322 519 421 551 Dixit
439 519 615 551 Dominus
632 518 786 561 Jehovih
803 519 943 551 ossibus
961 519 1081 556 aridis,
1101 520 1124 534 ⁴⁴
1137 518 1227 550 Ecce
1242 518 1319 558 Ego
1332 517 1512 549 adducens
1529 517 1692 558 spiritum
1710 518 1746 550 in

431 573 508 600 vos,
528 568 567 594 ut
590 563 720 594 vivatis
734 574 758 595 z.
773 588 780 595 .
795 587 802 595 .
817 569 868 595 .et
891 563 980 595 dixit
1005 562 1183 594 Dominus
1206 562 1371 603 Jehovih,
1399 560 1432 592 A
1456 567 1608 602 quatuor
1630 562 1748 593 ventis

429 607 511 638 veni
528 606 684 646 spiritus,
703 612 739 638 et
755 606 890 646 inspira
906 606 942 637 in
959 607 1096 638 occisos
1113 606 1179 637 hos
1193 615 1217 643 ς.
1231 630 1239 638 .
1253 629 1261 637 .
1275 610 1326 637 .et
1342 604 1441 636 venit
1456 605 1493 636 in
1510 614 1572 636 eos
1589 604 1754 646 spiritus..

429 656 465 681 et
482 651 687 682 revixerunt
698 649 715 662 ”
733 650 878 689 (xxxvii.
894 658 924 689 5,
938 660 970 691 9,
987 650 1040 690 10)
1057 659 1064 688 ;

255 727 299 768 in
325 726 610 780 Apocalypsi,

324 802 405 834 Duo
422 808 532 834 testes
550 802 657 834 occisi
675 812 696 834 a
711 803 828 834 bestia
844 803 1061 834 ascendente
1079 811 1123 833 ex
1139 802 1283 842 abysso,
1307 802 1330 815 ‘⁸
1341 801 1404 833 sed
1428 805 1510 841 post
1526 802 1598 831 tree
1622 799 1698 831 dies
1713 805 1751 832 et

432 846 618 878 dimidium
636 846 781 887 spiritus
798 846 892 878 vitae
908 856 930 877 a
948 845 1026 877 Deo
1043 845 1189 877 intravit
1212 845 1248 876 in
1272 844 1365 882 illos,
1384 850 1424 876 ut
1439 844 1676 876 consisterent
1692 853 1751 875 su-

432 900 495 930 per
511 890 619 930 pedes
636 900 720 921 suos
732 889 750 902 ’'
768 889 827 930 (xi.
844 897 874 928 7,
892 888 965 929 11);

258 966 375 1020 apud
401 966 579 1014 Lucam,

323 1040 428 1083 Jesus
445 1041 718 1082 apprehendens
733 1051 876 1072 manum
893 1040 1031 1081 puellae
1045 1046 1218 1077 mortuae,
1240 1041 1261 1054 ‘⁸
1275 1036 1464 1082 [vocavit,]
1479 1039 1612 1076 dicens,
1628 1037 1753 1070 Puella

432 1095 559 1125 surge;
592 1095 758 1117 reversus
783 1086 901 1126 itaque
925 1090 980 1116 est
1009 1084 1155 1125 spiritus
1180 1084 1270 1125 ejus,
1298 1090 1334 1116 et
1361 1083 1515 1115 surrexit
1539 1081 1720 1123 extemplo
1731 1081 1751 1094 '⁹

433 1128 519 1168 (viii.
536 1137 587 1167 54.
604 1128 669 1168 55)-

259 1227 334 1267 Ex
356 1227 423 1268 his
445 1225 688 1268 intellectis
710 1233 919 1268 constare
942 1232 1095 1280 potest
1117 1226 1222 1280 quid
1245 1240 1323 1279 per
1346 1224 1627 1279 “spiritum,’'
1650 1236 1751 1265 cum

260 1291 317 1331 de
342 1291 539 1339 homine,
563 1289 840 1343 significatur
866 1289 1064 1344 plurimis
1086 1290 1129 1330 in
1157 1289 1267 1330 locis
1294 1290 1337 1329 in
1360 1288 1543 1338 Verbo;
1576 1301 1635 1328 ex
1659 1288 1754 1341 qui-

260 1354 342 1395 bus
367 1354 478 1395 haec
505 1353 651 1395 solum
677 1354 812 1394 velim
837 1353 992 1395 afferre
1009 1352 1219 1407 z—Apud
1244 1351 1512 1400 Johannem,

330 1448 442 1480 “Nisi
467 1449 546 1490 quis
570 1448 676 1481 fuerit
699 1454 890 1490 generatus
914 1458 959 1480 ex
983 1458 1074 1489 aqua
1098 1454 1134 1479 et
1157 1447 1293 1488 spiritu.
1314 1457 1387 1478 non
1405 1451 1524 1488 potest
1547 1445 1693 1478 introire
1717 1444 1754 1476 in

436 1503 586 1534 regnum
606 1492 673 1524 Dei
688 1503 712 1525 :.
727 1517 734 1525 .
748 1517 756 1525 .
771 1498 916 1524 .ventus
933 1501 1004 1533 quo
1021 1492 1098 1523 vult
1114 1492 1236 1532 spirat,
1256 1497 1292 1523 et
1315 1500 1446 1522 sonum
1463 1489 1541 1531 ejus
1557 1489 1671 1527 audis,
1691 1488 1756 1520 sed

436 1537 553 1568 nescis
570 1537 664 1568 unde
682 1536 781 1568 venit
797 1542 833 1568 et
850 1545 920 1577 quo
938 1536 1034 1567 vadit
1050 1545 1057 1573 ς
1082 1535 1132 1567 sic
1149 1540 1204 1567 est
1221 1534 1340 1566 omnis
1354 1534 1413 1576 qui
1429 1539 1622 1575 generatus
1639 1538 1694 1564 est
1709 1541 1756 1564 ex

436 1580 564 1621 spiritu
574 1579 592 1592 ”
610 1579 671 1618 (iii.
690 1588 719 1619 5,
735 1579 787 1619 8);
1581 1579 1585 1584 ’

262 1657 379 1712 apud
406 1657 615 1707 eundem,

329 1738 506 1821 DomiFus
523 1737 711 1821 iffisp3ravit
725 1737 759 1768 in
774 1736 980 1777 discipulos,
997 1741 1032 1768 et
1045 1735 1144 1774 dixit,
1161 1736 1184 1750 ‘⁸
1195 1734 1355 1776 Accipite
1373 1733 1542 1775 Spiritum
1556 1731 1756 1766 Samstum''

452 1791 510 1813 xx.
563 1789 604 1812 22
633 1790 640 1819 ;

262 1858 306 1898 in
329 1857 467 1898 Libro
492 1856 715 1906 Geneseos,

333 1935 355 1948 ·‘
366 1933 543 1975 Jehovah.
558 1959 565 1966 .
580 1958 587 1966 .
602 1932 803 1974 .inspiravit
821 1933 857 1965 in
876 1943 981 1965 nares
998 1932 1155 1964 hominis
1173 1932 1331 1964 animam
1350 1929 1501 1962 vitarum
1514 1929 1533 1942 ’'
1549 1929 1598 1970 (ii.
1613 1928 1646 1970 7)
1660 1937 1669 1968 ;

264 2039 442 2086 praeter
463 2033 579 2074 alibi.
641 2032 775 2086 Quod
799 2031 1048 2086 “spiritus”
1069 2031 1113 2072 in
1136 2028 1352 2084 spirituali
1374 2042 1507 2070 sensu
1529 2026 1755 2081 significet

263 2110 432 2145 verum,
466 2110 517 2137 ac
550 2097 690 2137 vitam
732 2095 926 2136 hominis
957 2108 1016 2135 ex
1054 2093 1146 2142 illo,
1180 2107 1294 2147 quae
1326 2098 1396 2133 est
1434 2090 1754 2144 intelligentia,

264 2165 393 2213 patet
420 2159 656 2200 manifeste
682 2158 739 2199 ab
764 2158 832 2199 his
858 2157 969 2198 locis
986 2156 1196 2210 z—Apud
1222 2155 1491 2204 Johannem,

334 2255 475 2288 “Venit
495 2255 585 2286 hora
601 2260 636 2286 et
652 2264 746 2286 nunc
763 2260 827 2292 est,
848 2254 990 2295 quando
1006 2254 1080 2284 veri
1104 2252 1312 2284 adoratores
1328 2251 1528 2282 adorabunt
1554 2249 1695 2281 Patrem
1718 2247 1752 2278 in

439 2299 566 2340 spiritu
582 2304 617 2330 et
632 2298 781 2330 veritate
791 2297 886 2336 ⁹¹⁵(iv.
904 2297 978 2337 23);

266 2382 383 2437 apud
407 2381 649 2430 Danielem,

334 2462 357 2474 ⁴·
369 2458 411 2490 In
428 2458 489 2490 illo
502 2464 578 2490 erat
594 2458 738 2498 spiritus
755 2457 943 2495 excellens,
960 2455 1130 2488 scientiae
1146 2464 1181 2488 et
1198 2455 1466 2495 intelligentiae.
1521 2478 1617 2486 .....
1626 2452 1757 2484 Audivi

439 2502 483 2534 de
499 2507 545 2537 te,
565 2502 660 2543 quod
684 2501 828 2542 spiritus
854 2500 920 2532 Dei
945 2500 982 2532 in
1006 2506 1051 2538 te,
1071 2505 1107 2531 et
1131 2499 1201 2535 lux,
1221 2505 1257 2531 et
1280 2498 1518 2539 intelligentia
1533 2503 1568 2529 et
1584 2495 1760 2537 sapientia

440 2546 618 2577 excellens
634 2545 837 2577 inveniatur
853 2544 889 2576 in
907 2550 941 2576 te
954 2543 973 2556 '¹
990 2543 1036 2584 (v.
1056 2552 1106 2580 12,
1126 2543 1178 2584 14)
1193 2552 1200 2581 ;

266 2622 384 2677 apud
410 2621 587 2670 Mosen,

336 2700 358 2714 ¹⁸
368 2698 426 2730 Tu
437 2698 592 2782 {ignearris
605 2697 789 2782 ad.9.m¹²)e⁵
803 2697 982 2738 sapientes
996 2695 1112 2734 corde,
1129 2704 1218 2737 quos
1231 2694 1373 2737 implevi
1393 2693 1518 2734 spiritu
1532 2691 1729 2734 sapientiae
1738 2689 1772 2734 ’ᾖ

489 2752 533 2773 xo
558 2766 565 2774 .
581 2751 703 2773 xxvm.
721 2750 739 2781 3
768 2750 776 2780 ;
1770 2746 1774 2751 ’

267 2818 385 2873 apud
409 2817 586 2867 Lucam,
1447 2864 1450 2866 .

469 2894 654 2936 Johannes
674 2893 815 2925 “crevit
832 2898 867 2925 et
883 2893 1132 2925 corroboratus
1149 2897 1203 2924 est
1220 2890 1345 2932 spiritu
1355 2888 1373 2902 ”
1390 2888 1425 2930 (i.
1441 2885 1554 2929 [⁸180);

269 2979 315 3015 et
340 2973 402 3014 de
421 2971 633 3018 Domino,
