2060 3476
672 357 779 391 CAP.
802 358 869 400 11.‚
892 358 1031 391 VERs.
1055 349 1230 391 26.—N.
1259 356 1348 404 174.
1680 360 1758 392 221

266 484 383 521 nem,
412 478 458 513 et
485 472 691 526 aperiunt
713 478 953 514 externum
973 487 982 523 ;
1015 479 1063 514 et
1089 479 1307 527 quantum
1328 473 1398 514 hic
1422 473 1633 527 aperitur,
1657 479 1762 515 tan-

263 541 359 575 tum
383 534 606 576 clauditur
626 535 716 585 ille,
740 549 879 590 usque
902 542 950 576 ut
972 536 1110 577 homo
1132 537 1318 577 tandem
1341 536 1385 577 in
1412 536 1546 577 totali
1568 535 1761 590 caligine

262 599 321 639 sit
353 600 501 651 quoad
534 599 610 640 illa
640 613 756 653 quae
787 599 900 640 caeli
931 606 977 640 et
1009 599 1228 641 ecclesiae
1255 606 1373 649 sunt,
1402 601 1586 641 tametsi
1617 601 1661 640 in
1693 600 1760 641 lu-

262 660 384 701 mine
406 660 556 714 quoad
573 659 652 701 illa
669 674 785 714 quae
802 661 869 701 sui
894 666 941 701 et
963 661 1119 702 mundi
1144 667 1265 702 sunt.
1324 672 1403 710 (Sed
1417 672 1496 701 haec
1515 672 1683 701 videantur
1695 672 1762 710 ple-

261 722 333 750 nius
347 722 504 760 descripta
515 722 547 750 in
558 731 655 760 opere
666 722 718 750 De
732 722 824 751 Caelo
835 725 867 750 et
879 722 1018 760 Inferno.
1034 731 1150 760 nempe
1161 723 1194 751 in
1208 723 1341 752 articulo
1355 732 1387 752 n.
1406 731 1513 760 13-19‚
1529 723 1584 751 ubi
1599 727 1760 752 ostensum

260 773 316 802 est.
333 769 431 805 Quod
447 769 599 797 Divinum
614 768 744 797 Domini
759 768 791 797 in
806 769 895 797 caelo
910 769 948 797 sit
966 769 1068 798 Amor
1082 769 1113 798 in
1137 770 1247 807 Ipsum
1263 774 1294 798 et
1309 766 1454 799 Charitas
1468 778 1543 806 erga
1559 769 1760 804 Proximum:

260 819 292 843 et
306 814 338 842 in
353 814 486 843 articulo
500 823 532 843 n.
548 814 700 853 551-565‚
714 814 747 843 in
768 823 834 851 quo
848 819 1011 843 ostensum
1026 819 1083 849 est,
1099 815 1197 852 Quod
1219 824 1330 844 omnes
1351 816 1405 852 qui
1427 815 1459 844 in
1483 815 1616 844 Infernis
1630 820 1714 849 sunt,
1729 815 1762 844 in

262 861 358 889 Malis
372 865 403 889 et
417 861 492 890 inde
504 861 602 890 Falsis
616 870 655 889 ex
669 861 832 889 amoribus
845 861 902 890 Sui
917 865 948 890 et
964 861 1081 890 Mundi
1095 862 1172 896 sint;
1195 866 1227 890 et
1241 862 1330 898 quod
1344 862 1387 890 illi
1402 870 1526 890 amores
1537 862 1599 890 sint
1615 862 1700 899 Ignis
1715 862 1762 890 in-

259 906 395 941 fernalis,
410 916 441 937 n.
458 907 613 944 566—575;
637 911 668 935 et
681 911 845 944 praeterea
865 907 898 936 in
917 907 1077 937 Doctrina
1091 909 1202 937 Novae
1215 909 1461 946 Hierosolymae,
1477 917 1508 937 n.
1524 908 1634 945 65-83,
1650 908 1705 937 ubi
1720 908 1761 937 de

259 953 319 982 illis
332 953 415 982 binis
429 953 592 982 amoribus
606 953 714 982 adtum
730 953 801 991 est.)

341 1008 460 1053 172.
499 999 619 1040 “Mon
636 999 793 1052 impono
811 1012 938 1052 supet·
954 1012 1021 1040 vos
1042 999 1155 1040 aliud
1171 998 1509 1052 onus.'’—Quod
1532 999 1758 1052 significet

260 1062 380 1115 quod
409 1061 488 1102 hoc
516 1061 667 1108 ,solum
703 1062 943 1102 cavendum
983 1062 1058 1111 sit,
1100 1068 1284 1104 constat
1325 1076 1384 1103 ex
1427 1061 1758 1115 significatione

262 1126 532 1179 “imponere
559 1139 671 1166 onus
684 1125 704 1141 ’'
726 1140 859 1179 super
883 1125 986 1167 illos
1011 1127 1130 1180 apud
1157 1140 1269 1180 quos
1295 1127 1521 1167 internum
1549 1125 1758 1179 conjungi

260 1194 415 1241 potest
448 1194 656 1238 externo,
685 1189 805 1242 quod
837 1189 895 1230 sit
927 1195 976 1230 ut
1007 1190 1052 1230 id
1079 1189 1276 1230 sollicito
1309 1195 1516 1237 caveant,
1544 1189 1758 1242 quoniam

256 1251 452 1304 jucunda
482 1251 690 1292 binorum
722 1251 901 1293 illorum
927 1266 1131 1293 amorum
1157 1252 1303 1294 solum
1334 1252 1503 1293 faciunt
1536 1258 1585 1293 ut
1617 1252 1757 1293 inter-

260 1326 366 1354 num
391 1313 587 1355 hominis
618 1314 739 1368 quod
772 1313 950 1368 spectat
983 1314 1159 1356 caelum
1193 1315 1454 1365 claudatur;
1487 1328 1576 1368 quo
1603 1314 1758 1355 clauso

259 1389 351 1417 non
377 1376 509 1417 datur
535 1376 626 1417 ulla
651 1375 908 1430 conjunctio
940 1377 1032 1430 ejus
1064 1391 1166 1418 cum
1198 1384 1393 1418 externo
1417 1377 1545 1430 'quod
1577 1375 1757 1430 spectat

259 1437 491 1486 mundum,
525 1451 608 1478 nec
649 1438 808 1492 aliquis
847 1438 1041 1479 influxus
1078 1452 1103 1479 e
1140 1438 1281 1479 caelo.
1345 1437 1511 1479 “Onus
1529 1437 1548 1452 '’
1580 1438 1756 1486 dicitur,

259 1501 362 1554 quia
393 1501 620 1554 proprium
653 1501 861 1550 hominis,
894 1502 1016 1555 quod
1048 1508 1119 1543 est
1150 1515 1302 1542 amare
1334 1515 1382 1541 se
1424 1515 1530 1554 prae
1563 1501 1677 1549 Deo,
1710 1507 1757 1542 et

259 1565 475 1605 mundum
502 1578 607 1618 prae
633 1565 774 1613 caelo,
802 1566 1021 1606 renititur.

339 1628 462 1679 173.
485 1636 591 1674 [Vers.
608 1636 671 1675 25.]
694 1626 908 1667 “Attamen
924 1626 1032 1680 quod
1042 1626 1201 1667 habetis
1216 1626 1392 1667 retinete
1407 1626 1536 1666 donee
1552 1626 1760 1667 venio?-

261 1686 396 1740 Quod
425 1686 648 1740 significet
673 1688 1030 1740 permanentiam
1053 1688 1099 1729 in
1121 1695 1244 1729 statu
1270 1688 1373 1728 boni
1391 1688 1561 1729 amoris
1585 1694 1628 1728 et
1643 1687 1761 1742 fidei

259 1764 395 1803 usque
423 1750 489 1790 ad
513 1750 828 1799 visitationem,
855 1757 1036 1792 constat
1069 1765 1130 1792 ex
1162 1750 1493 1804 significatione
1522 1751 1756 1791 “retinete

259 1814 379 1867 quod
406 1813 623 1861 habetis,’'
645 1814 766 1867 quod
793 1815 850 1855 sit
873 1827 1137 1867 permanere
1162 1815 1206 1854 in
1233 1820 1356 1855 statu
1378 1814 1543 1855 amoris
1566 1820 1612 1854 et
1638 1813 1755 1862 fidei,

258 1877 323 1917 ita
348 1877 393 1917 in
423 1883 547 1917 statu
573 1875 900 1929 conjunctionis
927 1877 1090 1918 interni
1117 1880 1216 1918 cum
1240 1884 1448 1925 externo,
1473 1878 1517 1917 in
1543 1891 1632 1930 quo
1658 1890 1757 1917 esse

259 1946 451 1993 possunt
478 1946 696 1993 quantum
722 1941 938 1981 resistunt
960 1940 1168 1993 jucundis
1194 1953 1396 1981 amorum
1416 1941 1481 1980 sui
1503 1946 1549 1980 et
1573 1940 1754 1990 mundi;

259 2009 438 2044 tantum
460 2004 579 2044 enim
602 2003 889 2056 conjungitur
911 2004 1136 2044 internum
1158 2010 1353 2044 externo
1375 2010 1592 2057 quantum
1619 2003 1756 2044 homo

258 2072 463 2107 removet
495 2080 521 2107 a
552 2080 599 2107 se
631 2066 708 2107 illa
734 2066 944 2119 jucunda,
977 2068 1041 2108 ita
1082 2067 1180 2120 p'lus
1212 2067 1331 2120 apud
1363 2080 1498 2107 unum
1531 2073 1577 2107 et
1610 2067 1755 2107 minus

259 2129 378 2182 apud
415 2129 634 2181 alterum;
673 2136 720 2172 et
757 2144 816 2171 ex
848 2129 1180 2184 significatione
1216 2131 1400 2171 “donec
1433 2131 1579 2179 venio
1585 2130 1605 2144 ”
1636 2130 1757 2184 quod

259 2193 318 2233 sit
343 2193 543 2234 visitatio
572 2191 648 2246 (de
674 2207 762 2247 qua
787 2207 932 2248 supra,
961 2193 1147 2247 n.144).

341 2269 464 2315 174.
507 2271 614 2310 [Vers
631 2273 694 2311 26.]
725 2261 812 2303 “ft
846 2262 1009 2304 vincens
1037 2266 1082 2303 et
1113 2262 1350 2303 custodiens
1388 2275 1518 2316 usque
1552 2262 1608 2302 ad
1640 2236 1758 2303 17ηοιη

261 2333 388 2374 opem
410 2333 514 2361 mea.
518 2320 738 2374 ''—Quod
764 2322 988 2375 significet
999 2329 1107 2376 post
1116 2329 1320 2376 pugnam
1335 2330 1490 2363 contra
1505 2322 1610 2363 illos
1634 2337 1754 2363 amo-

260 2396 345 2431 res,
368 2389 410 2423 et
434 2383 710 2424 remotionem
735 2384 913 2425 illorum
938 2391 1153 2438 quantum
1171 2391 1332 2437 potest,
1354 2385 1757 2437 perseverationem

259 2445 306 2486 in
328 2459 477 2486 amore
495 2446 654 2500 etfide,
670 2454 852 2489 constat
867 2462 927 2488 ex
941 2448 1272 2501 significatione
1289 2452 1313 2468 “
1327 2447 1546 2495 vincere,”
1559 2448 1679 2501 quod
1698 2448 1755 2489 sit

260 2522 461 2563 pugnare
487 2516 646 2550 contra
666 2509 863 2563 jucunda
888 2524 1091 2552 amorum
1118 2511 1183 2551 sui
1215 2517 1262 2552 et
1295 2511 1462 2559 mundi,
1491 2525 1542 2551 ac
1575 2511 1652 2551 illa
1684 2525 1754 2551 re·

260 2585 470 2622 movere;
503 2573 624 2626 quod
654 2573 726 2614 hic
758 2587 915 2615 sensus
941 2575 1182 2628 spiritualis
1213 2574 1390 2615 illorum
1416 2575 1655 2615 verborum
1682 2575 1753 2622 sit,

262 2635 460 2689 sequitur
491 2649 550 2676 ex
587 2636 727 2687 serie;
769 2643 816 2678 et
853 2651 913 2677 ex
950 2636 1281 2690 significatione
1315 2637 1579 2678 “custodire
1616 2650 1755 2690 usque

259 2698 317 2739 ad
349 2697 523 2747 finem,’'
554 2699 675 2752 quod
711 2700 769 2740 sit
806 2701 1112 2753 perseveratio
1144 2714 1283 2754 usque
1314 2701 1371 2740 ad
1408 2706 1616 2748 mortem,
1651 2713 1754 2740 nam

259 2761 333 2814 qui
355 2767 614 2814 perseverat
640 2775 778 2815 usque
795 2762 852 2802 ad
878 2769 1072 2803 mortem
1098 2763 1142 2803 in
1168 2776 1321 2803 amore
1348 2768 1394 2803 et
1420 2761 1521 2811 fide,
1549 2763 1585 2803 is
1607 2762 1753 2802 salva-

260 2829 346 2871 tur,
374 2830 528 2864 manet
554 2825 673 2865 enim
700 2831 861 2878 postea
885 2825 930 2865 in
956 2832 1190 2866 aeternum
1222 2825 1365 2880 qualis
1397 2826 1545 2879 quoad
1572 2838 1753 2866 omnem

252 2898 387 2938 *suam
413 2887 553 2927 vitam
584 2893 691 2927 tunc
723 2893 793 2928 est
822 2886 1049 2940 (videatur
1080 2901 1225 2941 supra,
1253 2901 1295 2929 n.
1333 2887 1459 2941 125);
1492 2894 1538 2929 et
1570 2902 1629 2928 ex
1661 2888 1753 2940 sig-

261 2948 518 2990 nificatione
552 2950 814 3003 “operum,”
845 2951 966 3004 quod
998 2951 1196 2992 sint-illa
1227 2965 1342 3005 quae
1374 2958 1478 2992 sunt
1511 2951 1675 2991 amoris
1706 2957 1753 2992 et

260 3012 363 3055 fidei
389 3014 431 3054 in
458 3027 592 3055 causa
617 3020 663 3055 et
689 3014 733 3055 in
760 3012 933 3064 effectu,
961 3029 1038 3056 seu
1069 3015 1113 3055 in
1146 3015 1334 3056 internis
1365 3021 1411 3056 et
1444 3015 1488 3055 in
1520 3014 1751 3063 externis;
