2060 3476
326 319 406 363 392
742 317 1071 351 APOCALYPSIS
1103 317 1398 350 EXPLICATA.

323 431 426 485 quia
451 445 510 473 ex
535 431 622 472 illis
648 431 799 472 omnia
821 431 941 473 mala
962 431 1117 481 fluunt,
1141 445 1255 486 quae
1281 437 1386 472 sunt
1410 435 1702 484 contemptus
1726 429 1807 471 ali-

324 507 450 534 orum
483 507 589 547 prae
620 507 682 543 se,
710 494 944 535 inimicitia
975 501 1135 536 contra
1166 494 1268 535 illos
1299 494 1372 547 qui
1404 493 1486 534 sibi
1518 506 1608 533 non
1638 493 1806 541 favent,

324 556 440 606 odia,
461 555 701 607 vindictae,
726 564 866 607 astus,
885 557 978 598 doli
1000 551 1359 611 omnis'generis.
1415 555 1486 597 Illi
1508 569 1684 596 amores
1707 567 1807 596 cum

324 621 413 660 suis
445 619 576 661 malis
608 634 699 661 non
730 621 951 662 removeri
982 626 1173 674 possunt
1200 632 1334 673 quam
1365 633 1398 660 a
1421 619 1536 660 binis
1567 618 1807 666 amoribus,

323 683 397 736 qui
429 689 532 724 sunt
559 696 685 724 amor
710 683 754 724 in
787 683 1035 724 Dominum
1068 689 1114 723 et
1145 695 1272 723 amor
1303 695 1411 735 erga
1441 681 1722 735 proximum;
1749 693 1808 720 ex

323 745 391 785 his
418 745 558 786 trahit
590 746 727 786 homo
753 752 802 787 ut
828 746 1074 786 Dominum
1100 758 1232 798 super
1258 745 1409 785 omnia
1434 749 1557 784 amet
1583 749 1629 784 et
1655 742 1808 796 proxi-

323 821 444 848 mum
482 809 597 849 sicut
634 822 682 850 se
719 808 889 862 ipsum;
934 808 979 848 hi
1016 808 1104 848 duo
1136 820 1313 848 amores
1345 813 1451 848 sunt
1483 819 1660 847 amores
1696 804 1807 858 puri,

322 871 533 924 quoniam
560 885 584 912 e
611 871 739 912 caelo
765 885 791 912 a
813 871 1037 921 Domino;
1070 884 1129 911 ex
1155 870 1224 911 his
1246 870 1385 911 etiam
1408 870 1559 911 omnia
1584 869 1705 909 bona
1728 866 1808 908 flu-

323 940 427 974 unt:
462 940 679 987 quantum
702 934 854 1004 itaque
876 932 1014 974 homo
1041 933 1084 973 in
1111 932 1180 973 his
1206 939 1291 981 est,
1317 938 1496 973 tantum
1519 930 1810 972 remOventur

322 1009 498 1037 amores
523 996 586 1037 illi
613 997 759 1050 spurci
785 1010 829 1036 m
855 1010 967 1050 quos
994 1002 1125 1037 natus
1151 1002 1236 1044 est,
1265 1009 1402 1049 usque
1429 1001 1478 1036 ut
1504 1008 1593 1035 non
1620 1006 1808 1047 appare-

322 1065 416 1107 ant,
444 1065 489 1100 et
516 1065 806 1100 removentur
832 1073 909 1112 per
934 1072 1040 1099 vera
1071 1072 1097 1099 a
1124 1058 1335 1099 Domino.
1397 1058 1471 1098 Ex
1502 1057 1571 1098 his
1598 1062 1809 1098 constare

324 1128 478 1174 potest
509 1122 629 1176 quod
661 1136 740 1175 per
768 1121 985 1163 “Suadeo
1017 1122 1097 1162 tibi
1123 1134 1272 1163 emere
1298 1135 1324 1162 a
1351 1121 1425 1162 Me
1449 1120 1810 1161 ...vestimenta

322 1184 438 1233 alba,
459 1191 506 1225 ut
530 1185 727 1225 induaris
750 1198 805 1226 ne
828 1190 1045 1238 appareat
1068 1184 1210 1238 pudor
1233 1184 1452 1225 nuditatis
1475 1182 1618 1230 tuae‚’'
1640 1180 1808 1235 signifi-

323 1253 450 1288 cetur
467 1253 515 1288 ut
534 1253 801 1300 comparent
820 1247 902 1288 sibi
919 1247 1114 1300 genuina
1131 1261 1238 1288 vera
1260 1253 1306 1288 et
1328 1246 1431 1287 inde
1458 1245 1809 1299 intelligentiam

323 1323 348 1350 a
375 1309 586 1359 Domino,
616 1324 671 1351 ne
698 1316 948 1364 appareant
975 1309 1120 1364 spurci
1147 1306 1348 1350 amores.⁴

401 1390 529 1435 245.
568 1381 654 1422 “Et
675 1381 844 1436 collyrio
867 1381 1015 1435 inunge
1040 1381 1181 1422 oculos
1205 1384 1250 1421 ut
1274 1379 1644 1433 videas.''—Quod
1669 1381 1808 1434 signi-

322 1440 426 1483 ficet
449 1449 498 1483 ut
517 1443 794 1496 aliquantum
815 1442 1052 1495 aperiatur
1073 1441 1328 1491 intellec‘lus,
1353 1448 1535 1483 constat
1558 1456 1617 1483 ex
1640 1442 1809 1496 signifi-

323 1506 502 1547 catione
537 1505 848 1555 “oculorumss'
870 1505 990 1559 quod
1022 1506 1111 1546 sint
1143 1504 1401 1547 intelle&us
1436 1504 1512 1559 (de
1544 1519 1631 1560 qua
1661 1520 1807 1560 supra,

323 1582 364 1609 n.
397 1567 522 1622 152);
554 1569 658 1624 inde
685 1583 763 1622 per
791 1569 1046 1622 “inungere
1072 1567 1229 1609 oculos
1255 1574 1303 1609 ut
1326 1568 1512 1610 videas”
1534 1568 1810 1622 significatur

323 1638 372 1672 ut
404 1633 630 1685 aperiatur
660 1630 944 1673 intellectus:
978 1631 1140 1672 dicitur
1167 1630 1394 1684 “collyrio
1425 1631 1682 1684 inungere,”
1708 1632 1809 1686 quia

324 1708 402 1748 per
430 1694 735 1748 “collyrium‘’
767 1693 1045 1748 significatur
1076 1699 1356 1747 unguentum
1388 1692 1553 1735 factum
1579 1708 1640 1735 ex
1670 1694 1810 1736 farina

323 1771 424 1798 cum
456 1757 572 1805 oleo,
607 1764 653 1798 et
689 1756 897 1798 “farina’'
929 1755 1339 1810 significat'verum
1371 1755 1472 1797 fidei
1509 1763 1555 1798 et
1590 1756 1809 1798 “oleum'’

322 1818 491 1859 bonum
517 1818 684 1859 amoris
702 1832 711 1869 J
739 1829 841 1867 (quod
854 1825 871 1837 '‘
883 1829 983 1858 farina
993 1828 1009 1837 ''
1024 1828 1178 1866 significet
1192 1837 1301 1857 verum
1318 1828 1401 1863 fidei,
1414 1829 1558 1858 videatur
1572 1837 1603 1858 n.
1617 1837 1706 1865 2177,
1719 1835 1809 1867 9995,

322 1887 351 1911 et
371 1883 459 1919 quod
475 1879 491 1890 '¹
504 1882 611 1911 oleum
624 1881 640 1891 ''
657 1882 778 1911 bonum
794 1881 920 1916 amoris,
936 1891 966 1911 n.
983 1883 1072 1919 3728,
1088 1883 1177 1918 4582,
1193 1881 1271 1919 4638
1283 1880 1305 1920 ;)
1331 1870 1417 1911 hoc
1439 1871 1503 1911 ita
1525 1871 1689 1911 dicitur
1705 1870 1808 1924 quia

322 1931 580 1974 intellectus
607 1932 714 1972 nihil
738 1933 829 1973 veri
851 1932 975 1973 videt
1003 1932 1086 1972 nisi
1107 1931 1319 1972 voluntas
1342 1932 1399 1972 sit
1426 1932 1470 1972 in
1495 1931 1630 1981 bono,
1653 1944 1807 1972 verum

322 1997 439 2036 enim
466 1997 509 2036 in
536 1993 769 2036 intellectu
793 2008 882 2036 non
905 1994 1024 2036 aliud
1051 2001 1121 2036 est
1144 2007 1277 2049 quam
1303 1994 1444 2035 forma
1469 1994 1575 2035 boni
1596 1993 1715 2048 quod
1737 1999 1808 2035 est

322 2060 365 2100 in
391 2059 643 2100 voluntate.

399 2133 532 2187 246.
563 2142 748 2181 [Vers.19.]
779 2131 889 2185 “Ego
912 2144 1174 2185 quoscunque
1198 2144 1300 2179 amo,
1327 2143 1457 2185 arguo
1485 2134 1529 2172 ot
1554 2130 1808 2192 οιι.<»·ι“1’,ι]ο,”--1

323 2193 455 2247 Quod
487 2192 709 2246 significet
742 2193 999 2234 tentationes
1030 2199 1141 2242 tunc,
1170 2199 1354 2234 constat
1386 2207 1445 2234 ex
1477 2192 1807 2246 significatione

324 2261 549 2310 “arguere
575 2263 621 2297 et
648 2255 914 2309 castigare‚'’
940 2269 1041 2297 cum
1067 2256 1123 2297 de
1155 2256 1241 2297 illis
1267 2257 1341 2310 qui
1371 2256 1539 2297 bonum
1568 2256 1650 2297 sibi
1682 2270 1807 2298 com-

321 2326 482 2374 parant
509 2326 555 2360 et
587 2333 665 2373 per
690 2319 734 2359 id
760 2320 979 2372 recipiunt
1005 2333 1125 2368 vera,
1153 2319 1208 2360 de
1234 2319 1391 2373 quibus
1417 2320 1461 2360 in
1487 2332 1596 2360 mox
1623 2333 1807 2374 praece-

321 2383 459 2424 dente
485 2396 615 2423 versu
641 2380 791 2423 actum
817 2388 901 2430 est,
930 2382 1049 2435 quod
1081 2382 1139 2423 sit
1171 2382 1215 2422 in
1242 2383 1522 2423 tentationes
1548 2382 1805 2424 admittere.

323 2445 497 2486 Dicitur
525 2450 851 2498 “quoscunque
877 2444 1019 2493 amo‚”
1042 2451 1088 2486 et
1121 2459 1199 2498 per
1229 2445 1272 2486 id
1304 2444 1618 2498 intelliguntur
1649 2458 1806 2486 omnes

321 2508 394 2562 qui
426 2508 468 2556 in
495 2506 699 2548 dofflina
725 2507 781 2548 de
807 2507 904 2548 sola
929 2506 1014 2548 fide
1040 2508 1113 2561 qui
1142 2508 1185 2548 in
1212 2507 1333 2548 bono
1359 2513 1463 2548 sunt
1489 2521 1567 2548 seu
1591 2508 1636 2547 in
1660 2506 1806 2548 chari-

320 2577 417 2612 tate
442 2577 488 2611 et
520 2571 623 2611 inde
655 2571 697 2610 in
724 2571 840 2610 veris
866 2584 943 2610 seu
968 2570 1010 2610 in
1038 2569 1150 2610 fide:
1185 2570 1304 2624 quod
1331 2569 1394 2611 illi
1420 2575 1628 2610 amentur
1652 2582 1679 2609 a
1710 2569 1805 2610 Do-

320 2634 456 2688 mino,
473 2640 542 2674 est
556 2633 658 2686 quia
673 2633 893 2673 Dominus
907 2633 950 2673 in
969 2633 1089 2674 bono
1103 2647 1180 2674 seu
1194 2634 1238 2673 in
1253 2633 1475 2674 charitate
1490 2638 1559 2673 est
1577 2645 1804 2685 praesens,

320 2702 366 2736 et
398 2710 476 2749 per
506 2696 673 2736 bonum
706 2709 783 2736 seu
815 2694 1086 2736 charitatem
1117 2696 1161 2736 in
1187 2696 1302 2736 veris
1329 2709 1406 2736 seu
1434 2695 1478 2735 in
1508 2694 1613 2743 fide,
1637 2700 1683 2735 et
1715 2707 1805 2735 non

319 2759 527 2799 vicissim.
590 2750 729 2810 Quod
746 2771 861 2799 nunc
881 2758 1055 2799 dicatur
1072 2758 1128 2799 de
1150 2758 1236 2798 illis
1254 2758 1326 2811 qui
1348 2758 1392 2798 in
1410 2755 1614 2798 doctrina
1630 2757 1686 2797 de
1707 2755 1805 2797 sola

319 2821 406 2862 fide
429 2827 533 2862 sunt
556 2821 676 2874 quod
704 2820 924 2861 Dominus
946 2821 1048 2861 illos
1068 2824 1267 2874 “arguat
1289 2827 1335 2861 et
1358 2819 1593 2873 castiget,”
1611 2825 1680 2860 est
1703 2819 1805 2873 quia

320 2898 452 2938 supra
469 2882 637 2925 dictum
659 2889 743 2931 est,
766 2882 982 2925 “Suadeo
1004 2884 1084 2924 tibi
1106 2897 1254 2925 emere
1276 2897 1301 2924 a
1324 2883 1398 2924 Me
1420 2895 1574 2924 aurum
1592 2881 1803 2935 explora-

320 2954 416 2988 tum
439 2947 557 3001 igne,
576 2953 622 2987 et
639 2947 914 2988 vestimenta
931 2946 1034 2987 alba
1051 2952 1099 2987 ut
1122 2946 1331 2996 induaris,
1350 2960 1406 2987 ne
1423 2951 1638 3000 appareat
1660 2945 1804 3000 pudor

2057 341 2060 354 .„
2058 315 2060 331 .-
2054 231 2060 308 ....,.-.
2040 0 2060 222 „us-2431!
