2060 3476
637 363 746 399 CAP.
769 363 828 405 v.,
853 364 992 397 VERS.
1021 364 1162 397 1.—N.
1185 355 1352 411 298[b].
1663 366 1743 411 507

247 483 294 518 et
321 477 652 528 omniscientia,
680 492 794 533 quae
822 485 893 520 est
928 477 1027 533 [ex]
1062 478 1228 520 Divino
1260 479 1389 520 Bono
1421 494 1499 533 per
1530 479 1741 521 Divinum

246 539 434 591 Verum,
467 542 574 584 dare
605 543 861 597 potentiam
893 548 940 583 et
971 542 1326 596 intelligentiam
1344 557 1354 594 ;
1396 557 1533 597 quare
1564 543 1741 590 dicitur,

248 607 275 624 ‘⁴
287 603 552 647 Sustentavi
567 612 613 647 te
628 620 707 660 per
720 606 933 647 dextram
943 605 1147 659 justitiae
1163 619 1290 647 meae
1309 606 1343 657 ;”
1365 620 1444 660 per
1460 610 1486 626 ‘⁴
1499 606 1712 647 dextram
1725 605 1743 620 ’‘

245 667 526 720 significatur
557 669 769 710 Divinum
801 668 988 718 Verum,
1016 675 1063 710 et
1095 683 1174 723 per
1208 669 1498 722 “justitiam''
1530 669 1743 710 Divinum
1807 701 1810 705 .

245 729 450 783 Bonum;
485 731 789 773 “confirmare
811 732 1026 773 dextram
1049 732 1216 781 tuam,'‘
1239 731 1464 790 significat
1487 733 1743 786 potentiam

244 800 291 834 et
314 796 584 848 sapientiam
602 809 716 849 quae
734 795 905 836 homini
922 796 1026 837 inde
1045 810 1054 846 ;
1087 796 1190 849 quia
1208 802 1397 849 utraque
1416 809 1579 848 nempe
1598 796 1742 835 omni-

244 859 454 911 potentia
475 865 521 899 et
540 860 870 908 omniscientia,
890 873 1005 914 quae
1029 859 1228 901 Domino
1250 873 1310 900 ex
1329 859 1495 900 Divino
1519 859 1647 900 Bono
1666 873 1744 912 per

243 920 458 961 Divinum
496 921 683 971 Verum,
721 922 793 964 hic
831 922 1117 976 intelligitur,
1154 922 1258 964 ideo
1295 923 1459 964 dicitur
1498 922 1742 975 “jehovah

242 982 407 1032 Deus,”
429 983 652 1026 Dominus
677 987 797 1026 enim
828 1000 888 1027 ex
915 986 1082 1027 Divino
1109 986 1239 1027 Bono
1270 985 1434 1026 dicitur
1459 984 1743 1038 “Jehovah,''

243 1050 290 1084 et
312 1058 372 1085 eX
398 1044 566 1086 Divino
588 1045 715 1087 Vero
739 1050 764 1068 “
778 1047 903 1088 Deus
917 1047 936 1062 ’⁸
959 1058 1119 1096 (videatur
1130 1067 1161 1087 n.
1175 1066 1327 1095 709,732,
1342 1058 1431 1095 2586,
1446 1057 1534 1095 2769,
1549 1059 1639 1093 2807,
1653 1058 1743 1090 2822,

242 1117 332 1145 3921,
349 1106 472 1147 [¹14287,
487 1118 577 1148 4402.
592 1119 682 1146 7010,
697 1111 806 1150 9167).
866 1100 1007 1154 Apud
1039 1100 1252 1149 eundem,

312 1186 445 1218 “Dixit
469 1186 631 1228 Jehovah
657 1186 778 1220 Uncto
803 1198 870 1219 suo
900 1188 1096 1226 Korescho,
1126 1188 1227 1229 cujus
1253 1188 1472 1229 apprehendi
1498 1188 1672 1226 dextram,
1699 1188 1745 1219 ad

419 1230 679 1271 subjiciendum
693 1241 813 1263 coram
828 1232 889 1263 illo
902 1238 1040 1272 gentes,
1057 1238 1092 1264 et
1108 1232 1251 1264 lumbos
1264 1242 1388 1272 regum
1402 1232 1554 1270 solvam,
1570 1232 1615 1263 ad
1632 1232 1745 1272 aperi-

417 1275 548 1306 endum
565 1284 686 1306 coram
704 1275 766 1307 illo
781 1275 922 1317 januas,
942 1282 982 1307 ut
998 1282 1122 1317 portae
1139 1286 1212 1307 non
1230 1276 1441 1308 claudantur
1452 1275 1470 1287 '²
1487 1275 1571 1316 (xlv.
1589 1276 1640 1315 1);

242 1373 321 1412 per
341 1362 367 1380 “
381 1359 700 1402 Koreschum”
717 1361 761 1402 in
783 1375 917 1402 sensu
940 1363 1332 1415 repraesentativo
1353 1361 1625 1415 intelligitur
1648 1362 1743 1403 Do-

242 1423 389 1464 minus
406 1437 415 1475 ;
444 1425 779 1479 omnipotentia
793 1432 840 1466 et
859 1426 1176 1466 omniscientia
1191 1425 1336 1479 Ipsius
1351 1440 1409 1466 ex
1431 1425 1597 1466 Divino
1615 1425 1744 1466 Bono

242 1500 322 1539 per
353 1486 567 1528 Divinum
594 1487 781 1537 Verum,
810 1502 870 1529 ex
901 1502 990 1542 quo
1021 1489 1066 1529 in
1097 1488 1268 1530 mundo
1300 1487 1557 1542 subjugavit
1590 1489 1741 1530 omnia

241 1549 427 1599 inferna,
456 1557 698 1605 et-postea
720 1550 801 1591 illa
826 1551 870 1591 in
897 1558 1134 1592 aeternum
1161 1549 1404 1604 subjugata
1430 1558 1574 1600 tenet,
1604 1552 1742 1604 signi-

242 1611 403 1654 ficatur
438 1627 517 1666 per
550 1613 712 1667 “cujus
749 1613 1029 1667 apprehendi
1061 1614 1290 1664 dextram,
1325 1614 1382 1655 ad
1419 1613 1742 1667 subjiciendum

243 1688 396 1716 coram
421 1675 500 1717 illo
522 1683 701 1730 gentes,
726 1683 772 1717 et
800 1676 977 1718 lumbos
999 1691 1157 1731 regum
1181 1676 1399 1726 solvam,’'
1421 1683 1519 1718 tum
1545 1691 1624 1730 per
1649 1677 1742 1717 “ad

242 1736 535 1792 aperiendum
561 1753 713 1781 coram
745 1739 824 1780 illo
851 1739 1010 1793 januas
1037 1747 1086 1781 ut
1113 1747 1273 1794 portae
1304 1754 1395 1781 non
1422 1739 1693 1781 claudantur
1710 1740 1743 1790 ;''

242 1815 321 1855 per
352 1802 588 1856 “gentes''
618 1817 733 1857 quae
774 1816 927 1844 coram
968 1803 1047 1844 illo
1088 1803 1395 1857 subjicientur,
1431 1803 1744 1857 significantur

242 1865 414 1906 inferna
440 1866 589 1920 quoad
615 1865 749 1915 mala,
774 1873 820 1908 et
847 1880 926 1920 per
950 1870 1120 1920 “reges
1132 1866 1152 1882 ''
1175 1880 1364 1921 quorum
1390 1866 1568 1907 lumbos
1594 1865 1743 1908 solvet

242 1928 556 1983 significantur
570 1929 742 1970 inferna
756 1930 906 1983 quoad
923 1929 1035 1971 falsa
1052 1945 1061 1981 ;
1090 1944 1168 1984 per
1188 1929 1382 1983 “januas
1395 1929 1414 1944 '¹
1428 1944 1542 1983 quae
1560 1933 1743 1970 “coram

241 1992 323 2033 illo
343 1993 603 2046 aperientur
624 1999 673 2034 ut
696 1999 864 2047 portae
879 2006 970 2034 non
992 1993 1303 2042 claudantur,’‘
1321 1992 1601 2047 significatur
1623 1993 1742 2046 quod

242 2055 334 2109 Ipsi
365 2070 425 2097 ex
457 2057 774 2098 omniscientia
800 2056 1041 2097 manifesta
1072 2057 1164 2097 sint
1196 2057 1349 2097 omnia
1375 2062 1421 2097 et
1449 2069 1508 2097 ex
1535 2057 1742 2109 omnipo-

241 2120 389 2161 tentia
407 2125 616 2174 potestas
634 2119 853 2161 salvandi.
903 2120 985 2160 Per
1003 2123 1028 2140 “
1042 2119 1282 2161 dextram’'
1300 2119 1580 2173 significatur
1598 2120 1742 2176 omni-

242 2184 433 2225 scientia
455 2190 502 2225 et
525 2185 861 2238 omnipotentia
878 2197 993 2237 quae
1017 2183 1216 2224 Domino
1239 2197 1298 2225 ex
1322 2183 1489 2224 Divino
1515 2183 1645 2224 Bono
1666 2197 1744 2237 per

243 2246 458 2288 Divinum
488 2247 676 2297 Verum,
709 2248 850 2289 etiam
887 2248 932 2288 in
964 2247 1260 2301 sequentibus
1295 2247 1364 2287 his
1402 2246 1512 2288 locis
1532 2246 1743 2300 t—Apud

243 2309 483 2359 Davidem,

313 2403 320 2416 ¹
329 2403 336 2415 ⁸
345 2401 640 2485 Jehovah83oram
653 2411 711 2433 me
723 2401 867 2443 jugiter,
882 2402 964 2444 quia
976 2412 999 2434 a
1010 2402 1137 2434 dextra
1149 2412 1240 2440 mea,
1256 2411 1329 2434 non
1340 2402 1553 2434 dimovebor
1563 2401 1582 2414 ’'
1594 2401 1741 2444 (Psalm.

417 2455 488 2476 xvi.
549 2454 557 2484 ;

242 2517 363 2576 apud
389 2521 598 2571 eundem,

369 2589 479 2628 Deus,
503 2591 525 2604 ‘¹
536 2590 663 2622 dextra
679 2595 740 2622 tua
756 2596 934 2622 sustentat
951 2600 1008 2622 me
1019 2590 1038 2602 ''
1055 2590 1203 2631 (Psalm.
1217 2590 1315 2623 xviii.
1330 2591 1372 2630 36
1390 2588 1451 2633 [B.
1464 2592 1511 2624 A.
1526 2589 1598 2634 35])
1612 2601 1620 2630 ;

243 2665 362 2721 apud
389 2666 597 2716 eundem,

312 2736 334 2750 “
347 2734 445 2767 Deus
449 2759 541 2774 .....
548 2734 687 2776 justitia
702 2735 811 2776 plena
826 2741 881 2767 est
897 2735 1023 2767 dextra
1039 2742 1100 2767 tua
1110 2735 1129 2748 ”
1146 2735 1291 2777 (Psalm.
1304 2736 1415 2769 xlviii.
1432 2745 1469 2768 11
1491 2735 1551 2779 [B.
1565 2738 1611 2769 A.
1628 2734 1719 2778 10]):

243 2811 362 2866 apud
388 2810 592 2860 Esaiam,

311 2886 333 2900 ¹‘
345 2884 475 2917 Manus
486 2866 567 2916 nica
577 2884 740 2917 fundavit
753 2890 896 2923 terram,
908 2891 943 2917 et
954 2885 1080 2918 dextra
1091 2895 1173 2918 mea
1183 2886 1370 2928 pugillavit
1381 2887 1523 2919 caelos’'
1535 2886 1658 2928 (xlviii.
1668 2887 1721 2926 13)
1736 2897 1743 2924 ;

242 2965 361 3019 apud
387 2964 597 3013 eundern,

312 3037 477 3080 “Juravit
485 3036 504 3050 ''
516 3036 614 3070 Deus
627 3038 649 3052 “
660 3046 723 3078 per
732 3037 895 3070 dextram
910 3047 1022 3077 suam,
1033 3043 1069 3071 et
1081 3047 1145 3080 per
1154 3038 1336 3070 brachium
1347 3038 1486 3070 roboris
1496 3037 1551 3070 sui
1561 3037 1579 3050 ”
1591 3036 1676 3079 (lxii.
1687 3037 1734 3076 8):
