2060 3476
639 358 747 391 cu.
768 357 830 399 v.,
851 357 991 391 VERs.
1019 357 1189 402 13.—N.
1213 346 1379 402 342[b].
1453 388 1461 398 ,
1668 347 1764 402 649μ

265 470 362 515 t'um
373 472 526 515 ”enim
543 471 821 526 significatur
833 471 1129 513 scientificum
1143 472 1263 525 quod
1280 472 1325 512 in
1343 470 1538 512 naturali
1554 470 1751 519 homine,

264 542 312 577 et
333 550 413 590 per
431 540 456 557 “
468 536 707 577 balaenam
717 535 736 551 ’'
753 533 1051 576 scientificum
1072 535 1116 575 in
1133 535 1375 576 communi.
1426 533 1597 576 Similia
1614 534 1753 575 etiam

262 613 342 653 per
366 599 443 641 illa
468 599 779 653 significantur
802 598 909 639 alibi
933 598 1053 652 apud
1077 597 1286 646 eundem,

331 691 353 704 “
365 689 551 722 Dominari
564 689 678 721 fecisti
692 688 782 721 Eum
795 698 903 730 super
913 697 1024 729 opera
1036 697 1206 719 manuum
1222 694 1371 726 tuarum,
1388 687 1511 719 omnia
1523 687 1674 728 posuisti
1687 688 1753 719 sub

435 734 543 774 pedes
561 733 658 773 Ejus,
674 742 819 773 gregem
833 738 868 764 et
880 738 1044 763 armenta
1055 731 1188 769 omnia,
1204 731 1382 772 etiamque
1398 731 1531 764 bestias
1544 731 1634 772 agri,
1648 740 1752 765 avem

434 777 532 814 caeli,
552 782 588 808 et
604 777 719 817 pisces
736 775 873 808 maris’'
889 775 1037 816 (Psalm.
1050 775 1122 807 viii.
1139 782 1202 816 7-9
1220 773 1280 817 [B.
1293 775 1339 807 A.
1356 773 1472 816 6—8]):

259 865 409 918 agitur
433 864 491 905 ibi
517 864 573 906 de
601 864 814 914 Domino,
839 877 891 905 ac
917 863 974 905 de
1001 863 1145 917 Ipsius
1172 863 1336 904 Divina
1361 869 1594 916 potestate
1620 877 1753 916 super

258 927 434 969 caelum
465 934 512 968 et
544 934 743 979 terram;
786 933 834 968 et
870 941 950 982 per
982 930 1212 980 “gregem
1248 932 1295 967 et
1326 932 1548 975 armenta,
1581 926 1751 969 bestias

257 992 367 1044 agri.
400 1003 532 1032 avem
563 990 690 1038 caeli,
724 996 771 1032 et
803 990 949 1044 pisces
980 989 1154 1039 maris,”
1178 989 1502 1043 intelliguntur,
1526 989 1749 1038 homines,

257 1055 436 1108 spiritus
468 1060 515 1095 et
546 1053 699 1107 angeli
732 1051 917 1108 fflquoad
948 1052 1200 1108 spiritualia
1230 1058 1278 1094 et
1310 1052 1533 1093 naturalia
1564 1066 1749 1104 eorum;

255 1130 308 1158 ac
346 1130 424 1170 per
457 1117 644 1171 “pisces
675 1117 810 1158 maris
824 1115 843 1132 ’'
873 1115 939 1157 illi
969 1116 1044 1170 qui
1078 1116 1125 1157 in
1158 1115 1327 1157 ultimis
1359 1114 1487 1165 caeli,
1521 1121 1571 1158 ut
1602 1129 1748 1170 supra.

255 1179 395 1234 Apud
419 1179 628 1229 Hiobum,

322 1271 346 1285 “
356 1269 508 1312 Quaere,
524 1279 668 1313 quaeso,
683 1269 816 1301 bestias
832 1275 868 1301 et
882 1269 1063 1301 docebunt
1077 1275 1132 1306 te:
1156 1275 1217 1301 aut
1231 1278 1317 1300 aves
1330 1269 1418 1300 caeli
1435 1275 1471 1300 et
1486 1269 1750 1301 annuntiabunt

428 1314 511 1351 tibi:
535 1319 596 1344 aut
615 1313 806 1353 virgultum
831 1319 947 1345 terrae
970 1319 1006 1345 et
1024 1313 1164 1344 docebit
1187 1319 1242 1350 te:
1267 1318 1302 1344 et
1326 1313 1522 1344 narrabunt
1546 1313 1610 1345 tibi
1634 1313 1749 1354 pisces

427 1367 556 1433 ξίιιῖὲεῗ;
573 1357 749 1440 (ἓιὶιίἰςΊηῗὲ
762 1357 869 1441 )novit
884 1367 929 1388 ex
943 1356 999 1389 his
1016 1356 1194 1395 omnibus,
1211 1356 1306 1398 quod
1321 1366 1450 1388 manus
1465 1356 1625 1398 Jehovae
1642 1356 1750 1388 faeiat

257 1475 396 1531 Apud
421 1475 707 1526 Ezechielem,

325 1552 487 1593 Angelus
507 1552 680 1584 “reduxit
695 1562 753 1583 me
769 1552 814 1584 ad
833 1552 964 1584 ostium
987 1552 1137 1591 Domus,
1156 1552 1217 1584 ubi
1236 1562 1316 1584 eece
1332 1562 1445 1593 aquae
1461 1552 1606 1585 exibant
1621 1552 1665 1584 de
1682 1553 1748 1584 sub

426 1596 548 1627 limine
573 1595 710 1627 Domus
730 1606 855 1628 versus
879 1597 1053 1627 orientem
1067 1607 1091 1628 :.
1106 1621 1113 1628 .
1127 1621 1135 1628 .
1150 1602 1240 1628 ,tum
1260 1596 1348 1627 dixit
1371 1596 1415 1627 ad
1439 1605 1508 1633 me,
1532 1595 1658 1637 Aquae
1680 1597 1748 1628 hae

425 1645 597 1671 exeuntes
616 1640 662 1672 ad
681 1640 873 1671 terminum
894 1639 1117 1677 orientalem,
1139 1646 1175 1672 et
1193 1640 1415 1671 descendunt
1434 1640 1470 1671 in
1491 1639 1687 1680 planitiem,
1707 1649 1748 1672 ac

426 1683 574 1715 veniunt
586 1693 711 1716 versus
725 1693 823 1715 mare
836 1693 843 1721 ;
867 1683 903 1714 in
917 1693 1015 1715 mare
1028 1684 1180 1715 emissae
1193 1689 1231 1715 ut
1244 1690 1416 1715 sanentur
1426 1693 1538 1724 aquae
1551 1694 1557 1715 :
1583 1684 1678 1715 unde
1695 1683 1744 1721 fit,

425 1726 543 1758 omnis
561 1727 683 1758 anima
702 1727 828 1758 vivens
847 1737 936 1768 quae
956 1733 1082 1767 reptat,
1102 1737 1312 1768 quocunque
1332 1727 1481 1758 veniunt
1499 1726 1608 1763 fluvii,
1628 1727 1746 1765 vivet;

424 1770 519 1802 unde
533 1770 570 1802 fit
583 1770 689 1810 piscis
703 1771 835 1802 multus
849 1770 963 1808 valde,
980 1771 1062 1811 quia
1075 1771 1223 1802 veniunt
1236 1781 1279 1801 eo
1292 1781 1404 1811 aquae
1417 1771 1495 1808 hae,
1512 1777 1549 1802 et
1560 1777 1743 1808 sanantur,

424 1820 463 1845 ut
485 1814 583 1845 vivat
607 1824 714 1845 omne
737 1824 808 1855 quo
832 1815 970 1846 venerit
994 1814 1159 1846 fluviusz.
1173 1839 1180 1846 .
1195 1839 1203 1846 .
1217 1814 1333 1855 ,juxta
1356 1815 1511 1854 speciem
1536 1814 1602 1846 erit
1625 1814 1746 1855 piscis,

423 1858 514 1889 sicut
537 1858 644 1898 piscis
664 1858 772 1889 maris
793 1858 926 1898 magni,
946 1858 1078 1889 multus
1098 1858 1212 1889 valde.
1263 1857 1429 1889 caenosa
1447 1857 1525 1898 ejus
1544 1864 1580 1889 et
1599 1857 1746 1899 paludes

423 1900 502 1942 ejus
519 1911 592 1932 non
609 1907 792 1939 sanantur,
811 1901 848 1933 in
866 1901 977 1933 salem
994 1903 1126 1933 abeunt
1137 1901 1155 1914 '’
1172 1901 1284 1940 (xlvii.
1302 1899 1369 1943 [1,]
1385 1902 1504 1942 8-11):

249 1997 328 2038 per
344 1987 369 2005 “
382 1998 522 2038 aquas
539 1991 765 2026 exeuntes
782 1984 838 2026 de
856 1985 1106 2026 sublimine
1125 1985 1299 2026 Domus
1313 1999 1468 2026 vers-us
1482 1984 1745 2032 orientem,''

249 2045 561 2099 significantur
584 2061 691 2088 vera
717 2062 777 2089 ex
805 2049 978 2101 origine
1004 2048 1217 2090 caelesti:
1254 2048 1466 2102 “aquae'’
1491 2054 1596 2089 sunt
1622 2062 1742 2095 vera,

251 2112 276 2128 ‘¹
288 2109 460 2150 oriens’'
474 2116 545 2150 est
563 2110 732 2151 bonum
747 2111 912 2152 amoris
927 2111 1152 2160 caelestis,
1166 2118 1212 2152 et
1230 2115 1255 2131 “
1269 2111 1466 2152 Domus’'
1480 2117 1550 2152 est
1568 2110 1744 2163 caelum

247 2177 295 2212 et
333 2171 555 2213 ecclesia:
603 2176 628 2193 “
647 2173 858 2226 planities
873 2173 892 2189 ”
929 2174 974 2214 in
1010 2187 1156 2228 quam-
1183 2174 1468 2215 descendunt
1505 2188 1662 2228 aquae,
1698 2180 1745 2216 et

250 2237 410 2275 “mare
424 2234 446 2250 ''
470 2235 515 2276 in
540 2236 660 2289 quod
690 2237 891 2286 veniunt,
916 2236 1172 2290 significant
1198 2237 1358 2278 ultima
1383 2237 1497 2278 caeli
1523 2244 1569 2279 et
1595 2238 1744 2279 eccle-

247 2296 353 2345 siae,
387 2298 578 2350 proinde
608 2298 712 2340 illos
743 2300 816 2353 qui
852 2300 896 2340 in
933 2300 1102 2341 ultimis
1133 2307 1239 2341 sunt
1274 2299 1350 2354 (de
1381 2300 1540 2354 quibus
1570 2300 1742 2355 supra),

247 2371 409 2412 nempe
426 2361 500 2414 qui
521 2361 565 2401 in
583 2361 690 2402 solis
709 2363 1051 2415 cognitionibus
1068 2364 1161 2404 veri
1179 2378 1239 2404 ex
1255 2377 1390 2404 sensu
1407 2363 1568 2404 ultimo
1586 2363 1741 2413 Verbi,

246 2428 293 2463 et
309 2422 411 2463 illas
428 2423 696 2466 naturaliter
712 2438 764 2465 ac
785 2425 1058 2467 sensualiter
1074 2427 1258 2479 capiunt
1275 2440 1285 2477 ;
1317 2425 1376 2475 hi,
1396 2439 1497 2467 cum
1516 2426 1743 2480 simplices

245 2485 352 2526 boni
383 2492 502 2534 sunt,
535 2487 755 2540 recipiunt
789 2487 1010 2529 influxum
1047 2503 1072 2530 e
1107 2489 1245 2530 caelis
1278 2489 1590 2542 superioribus,
1624 2489 1743 2530 unde

245 2554 316 2589 est
337 2549 458 2602 quod
480 2549 619 2590 etiam
642 2550 861 2603 recipiant
884 2551 1116 2604 spirituale
1138 2553 1182 2592 in
1205 2552 1295 2592 suis
1318 2552 1670 2604 cognitionibus,
1694 2558 1742 2594 et

245 2611 351 2652 inde
376 2612 518 2652 vitam
543 2611 742 2666 aliquam
767 2613 1073 2666 spiritualem;
1106 2614 1193 2656 hoc
1220 2614 1491 2668 intelligitur
1516 2629 1595 2668 per
1620 2616 1741 2669 quod

247 2678 426 2728 “aquae
452 2675 497 2715 in
522 2688 645 2716 mare
669 2676 859 2718 emissa-e
882 2683 931 2718 ut
958 2683 1174 2719 sanentur
1195 2691 1352 2731 aquae,
1376 2678 1495 2719 unde
1521 2677 1570 2719 fit
1593 2679 1740 2719 omnis

243 2738 396 2778 anima
412 2737 568 2778 vivens
585 2752 700 2792 quae
717 2745 884 2792 reptat,
908 2753 1175 2794 quocunque
1197 2741 1386 2782 veniunt
1408 2741 1539 2790 fluvii,
1564 2741 1738 2791 vivet”;

244 2805 341 2840 tum
373 2813 451 2853 per
478 2799 591 2841 haec
621 2801 778 2842 “unde
809 2800 859 2843 fit
890 2802 1024 2855 piscis
1050 2802 1219 2844 multus
1245 2803 1393 2853 valde,
1422 2804 1524 2857 quia
1549 2804 1736 2845 veniunt

242 2876 298 2903 eo
325 2876 468 2916 aquae
499 2862 598 2911 hae,
626 2869 672 2905 et
699 2864 966 2905 sanantur:'’
997 2871 1045 2905 at
1070 2864 1135 2906 illi
1160 2866 1234 2919 qui
1265 2865 1382 2907 tales
1414 2872 1534 2914 sunt,
1563 2872 1610 2907 et
1643 2879 1735 2907 non

241 2926 360 2974 boni,
380 2925 696 2979 intelliguntur
717 2940 796 2980 per
816 2927 944 2976 haec,
971 2931 996 2948 ‘⁴
1010 2927 1218 2969 Caenosa
1236 2927 1330 2982 ejus
1349 2935 1395 2970 et
1418 2928 1606 2982 paludes
1624 2928 1733 2981 ejus,

241 3002 355 3043 quae
386 3002 478 3030 non
509 2995 738 3040 sanantur,
771 2990 815 3030 in
847 2990 990 3032 salem
1021 2991 1192 3032 abeunt
1213 2991 1249 3044 ;’'
1288 2992 1372 3032 “in
1405 2991 1548 3032 salem
1579 2991 1702 3032 abire
1717 2989 1736 3007 ’¹
