2060 3476
727 336 834 371 cAP.
858 339 902 380 1.,
927 339 1065 371 VERS.
1094 340 1264 383 13.—N.
1286 331 1354 384 63.
1732 332 1784 386 65

289 456 336 491 et
362 450 482 505 apud
507 450 751 500 Danielem,

357 541 526 573 “Videns
549 541 600 572 fui
623 536 659 572 in
684 541 882 573 visionibus
907 540 1032 580 noetis,
1052 547 1088 574 et
1111 551 1191 574 ecce
1215 552 1295 574 cum
1313 543 1468 575 nubibus
1492 542 1673 575 caelorum
1700 543 1788 577 sicut

463 585 573 617 Filius
589 585 746 617 hominis
763 586 863 617 venit
874 585 893 597 ’'
909 585 984 627 (vii.
1003 586 1067 627 13).

289 673 406 727 Quia
431 687 565 715 omne
591 674 806 728 judicium
833 674 883 716 fit
912 689 972 716 ex
998 689 1120 723 vero,
1149 675 1253 717 ideo
1284 675 1449 716 dicitur
1475 675 1596 730 quod
1628 675 1786 717 datum

287 739 346 778 sit
374 737 573 779 Domino

475 827 684 870 “Judicium
701 827 828 866 facere,
849 828 932 870 quia
949 810 1058 860 Filius
1075 829 1232 861 hominis
1249 834 1304 861 est
1315 828 1333 840 ’'
1350 828 1452 871 (Joh.
1472 839 1506 861 ν.
1527 827 1583 869 27)
1597 839 1605 867 ;

288 910 335 945 et
362 904 482 958 quod

357 996 379 1009 ‘⁴
391 994 499 1026 Filius
515 995 672 1027 hominis
690 995 814 1027 reddet
826 995 1014 1037 unicuique
1027 996 1223 1028 secundum
1241 994 1336 1028 faeta
1352 1006 1418 1028 sua
1429 995 1447 1008 ’'
1461 996 1605 1036 (Matth.
1622 996 1693 1029 xvi.
1711 996 1783 1037 27);

287 1054 333 1088 et

355 1112 377 1126 ‘⁶
389 1110 479 1143 Cum
494 1118 665 1143 venturus
684 1111 793 1144 Filius
810 1112 978 1151 hominis,
989 1138 997 1145 .
1012 1138 1019 1145 .
1033 1113 1186 1146 ‚sedebit
1199 1123 1306 1154 super
1319 1113 1450 1146 throno
1463 1113 1599 1154 gloriae
1613 1112 1734 1152 suae,’'
1751 1119 1788 1146 et

459 1155 679 1196 judicaturus
696 1155 839 1197 (Matth.
856 1167 938 1189 xxv.
960 1156 1025 1198 31).

286 1238 425 1293 Apud
449 1239 745 1289 Matthaeum,

354 1329 458 1371 “Qui
475 1330 629 1362 seminat
652 1331 787 1362 bonum
813 1340 937 1362 semen
962 1337 1017 1363 est
1043 1331 1152 1363 Filius
1176 1332 1345 1369 hominis,
1365 1342 1451 1373 ager
1474 1338 1528 1364 est
1545 1332 1710 1369 mundus,
1731 1342 1786 1364 se-

460 1384 543 1405 men
563 1372 730 1416 [bonum]
749 1381 832 1406 sunt
849 1374 909 1406 filii
928 1375 1040 1416 regni,
1058 1376 1192 1407 zizania
1205 1381 1288 1407 sunt
1305 1376 1365 1407 filii
1384 1376 1468 1409 mali
1480 1375 1498 1388 ''
1512 1376 1598 1415 (xiii.
1616 1384 1668 1415 37,
1686 1376 1762 1417 38);

287 1469 494 1510 “bonum
531 1469 719 1513 semen”
752 1476 822 1510 est
857 1469 1028 1511 Verum
1063 1470 1292 1519 Divinum,
1328 1470 1431 1511 ideo
1467 1471 1630 1512 dicitur
1662 1471 1783 1525 quod

285 1531 424 1572 Filius
447 1531 642 1572 hominis
665 1532 708 1572 id
731 1533 925 1573 seminet
944 1547 952 1583 ;
984 1532 1097 1573 “filii
1120 1533 1279 1586 regni”
1297 1539 1402 1574 sunt
1421 1547 1528 1574 vera
1551 1533 1716 1574 Divina
1737 1535 1782 1574 in

283 1595 412 1636 caelo
435 1602 481 1636 et
504 1595 736 1646 ecclesia,”
762 1596 913 1636 “filius
926 1596 945 1611 '¹
968 1597 1087 1637 enirn
1110 1603 1180 1638 est
1203 1610 1359 1638 verum
1383 1607 1428 1645 (n.
1444 1609 1782 1645 489.491‚533.1147.

283 1669 390 1708 2623),
423 1672 475 1699 ac
507 1660 551 1699 in
583 1660 797 1713 opposito
829 1673 963 1700 sensu
994 1659 1169 1709 falsum,
1198 1660 1318 1714 quod
1351 1661 1491 1701 etiam
1522 1666 1594 1701 est
1628 1659 1781 1700 “filius

246 1728 251 1732 ⁴
283 1721 427 1762 mali.'‘
487 1721 626 1776 Apud
653 1723 863 1771 eundem,

468 1813 491 1827 ‘⁴
503 1811 614 1844 Filius
631 1812 788 1844 hominis
807 1823 878 1844 non
897 1813 1005 1845 habet
1021 1813 1080 1845 ubi
1098 1819 1204 1854 caput
1219 1813 1366 1845 inclinet
1377 1813 1395 1826 ’'
1413 1813 1499 1854 (viii.
1517 1813 1594 1854 20);

280 1914 362 1954 pro
393 1899 513 1954 quod
551 1900 764 1941 Divinum
791 1900 962 1942 Verum
996 1914 1101 1942 non-
1120 1901 1311 1942 haberet
1343 1900 1494 1942 locum
1526 1901 1664 1951 ullibi,
1699 1916 1777 1943 seu

280 1963 399 2017 apud
426 1963 567 2004 ullum
593 1963 824 2005 hominem
851 1978 905 2005 eo
932 1970 1152 2030 tempore.
1216 1964 1351 2018 Quod
1379 1964 1518 2005 Filius
1545 1965 1740 2006 hominis

348 2059 523 2091 Passurus
540 2066 636 2092 esset
652 2066 688 2092 et
704 2060 926 2092 occideretur
941 2059 1086 2099 (Alattlz.
1106 2061 1190 2093 xvii.
1208 2069 1259 2099 12,
1274 2058 1344 2103 22[,
1360 2058 1416 2102 23]
1433 2071 1440 2100 ;
1465 2070 1541 2102 cap.
1561 2061 1658 2094 xxvi.
1675 2070 1705 2100 2,
1721 2070 1780 2101 24,-

454 2111 495 2143 45
512 2115 519 2136 :
544 2105 657 2136 Marc.
675 2105 746 2136 viii.
764 2113 803 2143 31
820 2114 827 2142 ;
852 2115 928 2145 cap.
946 2105 992 2137 ix.
1011 2113 1062 2143 12,
1080 2104 1146 2145 31),

279 2190 564 2244 significabat
590 2192 710 2246 quod
736 2193 801 2233 ita
827 2206 929 2233 cum
956 2192 1122 2233 Divino
1144 2192 1269 2233 Vero
1297 2191 1438 2234 aeturi
1470 2199 1640 2243 essent,
1668 2207 1772 2247 pro-

278 2254 382 2295 inde
407 2268 509 2296 cum
542 2255 756 2304 Domino,
784 2257 858 2309 qui
889 2263 986 2297 erat
1013 2257 1158 2310 ipsum
1186 2256 1399 2297 Divinum
1422 2256 1621 2309 Verum;
1655 2258 1776 2311 quod

278 2319 416 2359 etiam
443 2319 547 2372 Ipse
573 2319 708 2360 docet
735 2319 854 2373 apud
879 2319 1058 2368 Lucam,

346 2417 369 2431 ‘⁸
384 2415 485 2496 Prius
509 2421 651 2499 o.port)et
676 2415 804 2447 Filium
828 2415 985 2447 hominis
1010 2416 1094 2457 pati,
1114 2422 1149 2448 et
1173 2416 1354 2457 reprobari
1378 2426 1400 2448 a
1423 2417 1655 2457 generatione
1679 2416 1776 2450 hae”

465 2469 549 2491 xvu.
566 2467 605 2498 25
625 2484 632 2492 .

277 2542 417 2597 Apud
443 2542 704 2592 Jeremiam,

346 2633 368 2647 ‘¹
381 2631 462 2664 Non
480 2632 653 2715 h)abitabit
676 2633 723 2665 ibi
740 2633 804 2671 vir,
824 2643 889 2665 nec
906 2633 1185 2665 commorabitur
1208 2634 1255 2666 ibi
1280 2634 1372 2666 filius
1395 2633 1582 2667 hominis”
1599 2634 1696 2676 (xlix.
1720 2635 1772 2675 18,

453 2685 493 2715 33
521 2686 530 2715 ἶ

276 2759 323 2795 et
349 2753 468 2807 apud
500 2753 710 2802 eundem,

343 2842 385 2875 In
402 2843 591 2899 urbspUP-:J
603 2853 676 2927 39η
699 2843 873 2927 h>abitabit
888 2843 951 2876 -vir
972 2844 1077 2884 ullus,
1098 2855 1213 2887 neque
1237 2846 1402 2878 transibit
1426 2856 1490 2887 per
1506 2856 1567 2878 eas
1592 2846 1684 2878 filius
1708 2846 1774 2878 ho-

450 2897 556 2918 minis
630 2897 651 2919 1.
671 2896 712 2927 43
731 2912 738 2919 .

277 2974 364 3029 Qui
404 2989 494 3017 non
531 2977 616 3018 scit
648 2975 788 3018 Verbi
820 2990 1001 3018 sensum
1034 2977 1326 3032 spiritualem,
1355 2978 1510 3020 credet
1536 2978 1656 3033 quod
1688 2992 1768 3032 per
