2060 3476
618 339 725 373 CAP.
748 337 828 378 1v.‚
850 335 990 369 vERs.
1013 334 1162 380 7.-—N.
1185 324 1346 379 278[c].
1645 331 1727 376 455

230 453 501 496 describitur
522 467 601 508 per
617 452 730 494 haec
753 450 872 505 apud
895 448 1115 490 Davidem
1140 453 1289 489 status
1311 445 1578 500 angelorum
1601 444 1729 494 caeli,

230 517 414 572 quando
437 530 528 558 non
551 517 596 557 in
619 522 744 556 statu
765 514 932 555 intensi
955 513 1122 554 amoris
1143 517 1190 552 et
1213 510 1317 551 inde
1340 510 1592 563 'sapientiae
1610 514 1730 555 sunt,

230 587 278 622 et
315 580 499 635 quando
537 580 583 620 in
622 578 702 620 illo
738 577 960 626 redeunt;
1005 575 1125 630 prior
1161 580 1311 614 status
1348 572 1618 614 describitur
1654 585 1733 625 per

234 644 454 685 “Leones
480 644 714 697 rugientes
740 641 799 682 ad
829 640 1045 695 praedam
1072 644 1118 679 et
1146 637 1204 678 ad
1236 637 1542 691 quaerendum
1575 649 1601 676 a
1634 635 1734 675 Deo

231 707 381 748 cibum
398 706 433 758 ;”
460 706 685 760 posterior
707 710 856 745 status
882 716 962 756 per
985 700 1180 742 “Oritur
1202 699 1285 749 sol,
1306 699 1599 752 colliguntur,
1619 704 1666 739 et
1689 699 1733 738 in

231 770 506 812 habitaculis
521 770 611 810 suis
626 768 846 810 recubant
867 766 901 818 ;”
916 779 996 820 per
1009 769 1034 785 “
1048 764 1204 806 leones
1218 763 1237 779 '’
1252 763 1572 816 intelliguntur
1582 760 1734 814 angeli

232 833 360 883 caeli,
385 847 463 888 per
482 831 700 886 “rugire'’
723 830 1009 878 desiderium,
1035 842 1113 883 per
1132 827 1389 882 “praedam
1401 826 1420 842 ''
1443 833 1490 867 et
1515 824 1734 866 “cibum'’

232 898 402 939 bonum
438 897 559 951 quod
600 902 672 937 est
713 895 880 936 amoris
916 900 963 934 et
1000 905 1158 934 verum
1195 891 1317 946 quod
1360 897 1430 931 est
1468 890 1733 943 sapientiae,

233 975 312 1015 per
345 961 486 1001 “oriri
517 959 692 1000 solem”
725 958 948 999 Dominus
980 955 1131 1010 quoad
1165 967 1368 996 amorem
1401 960 1448 994 et
1480 953 1584 994 inde
1617 953 1735 1006 sapi-

233 1024 420 1072 entiam,
453 1037 533 1077 per
566 1022 760 1075 “colligi
775 1021 794 1037 ’¹
826 1022 971 1062 redire
1003 1021 1048 1061 in
1081 1025 1255 1060 statum
1288 1017 1552 1065 caelestem,
1581 1023 1627 1057 et
1660 1030 1738 1070 per

236 1088 490 1128 “recubare
508 1087 552 1127 in
574 1085 847 1126 habitaculis
865 1085 955 1133 suis
965 1084 984 1099 ”
1003 1090 1152 1125 status
1170 1081 1516 1136 tranquillitatis
1533 1087 1580 1121 et
1599 1080 1735 1133 pacis.

235 1150 301 1187 (De
321 1150 404 1179 binis
424 1149 483 1179 illis
504 1149 636 1178 statibus
657 1148 846 1186 angelorum
868 1147 956 1181 caeli,
973 1147 1118 1176 videatur
1138 1146 1170 1175 in
1193 1154 1290 1184 opere
1313 1145 1364 1173 De
1390 1145 1481 1173 Caelo
1503 1147 1533 1172 ct
1555 1144 1589 1172 ln
1606 1153 1691 1175 erno.
1708 1152 1738 1171 n.

236 1195 400 1233 154-161.)

318 1250 399 1306 [60]
446 1248 565 1303 Quia
593 1248 804 1302 Jehovah
836 1254 1132 1301 comparatur
1164 1246 1286 1287 leoni
1317 1260 1377 1286 ex
1410 1245 1579 1285 Divino
1611 1244 1737 1285 Vero

236 1314 385 1368 quoad
411 1313 682 1367 potentiam,
706 1312 810 1353 ideo
837 1311 1061 1352 Dominus
1084 1315 1274 1350 vocatur
1298 1308 1434 1348 “Leo
1446 1307 1465 1322 ’'
1487 1307 1531 1347 in
1557 1306 1738 1360 Apoca-

239 1376 371 1431 lypsi,

332 1468 355 1482 ‘¹
367 1466 458 1498 Ecce
474 1466 559 1498 vicit
576 1465 660 1505 Leo,
681 1465 740 1508 qui
757 1471 812 1497 est
827 1475 872 1496 ex
889 1464 982 1496 tribu
999 1463 1172 1506 jehudae,
1194 1462 1310 1494 Radix
1330 1461 1507 1494 Davidis'‘
1525 1461 1571 1501 (ν.
1590 1460 1622 1500 5)
1637 1472 1643 1492 :

236 1559 283 1595 et
301 1554 405 1608 quia
423 1553 570 1594 omnis
593 1552 802 1606 potentia
820 1558 891 1592 est
914 1565 973 1592 ex
998 1550 1198 1591 Domino
1220 1563 1300 1603 per
1318 1548 1532 1589 Divinum
1551 1546 1738 1592 Verum,

236 1617 340 1658 ideo
362 1616 449 1658 hoc
473 1630 650 1670 quoque
673 1614 953 1669 significatur
975 1628 1054 1668 per
1074 1612 1334 1661 “leonem,”
1352 1618 1400 1653 ut
1418 1611 1536 1665 apud
1560 1610 1738 1657 Mosen,

306 1713 432 1746 “Gadi
457 1713 558 1751 dixit,
579 1711 797 1745 Benedictus
815 1712 874 1754 qui
898 1712 1124 1744 latitudinem
1141 1712 1239 1743 dedit
1257 1711 1370 1747 Gadi:
1395 1711 1487 1742 sicut
1509 1711 1565 1742 leo
1589 1710 1738 1748 habitat,

412 1757 505 1798 rapit
521 1758 718 1795 brachium,
739 1757 846 1788 etiarn
864 1756 1034 1788 verticem
1047 1756 1064 1767 ''
1081 1756 1200 1796 (Deut.
1216 1755 1339 1788 xxxiii.
1356 1756 1432 1794 20);

237 1861 318 1902 per
340 1846 587 1888 “Gadem''
613 1846 894 1899 significatur
919 1846 962 1886 in
990 1858 1200 1898 supremo
1226 1858 1361 1885 sensu
1387 1843 1738 1897 omnipotentia.

237 1919 284 1954 et
322 1912 428 1953 inde
465 1912 510 1952 in
547 1924 682 1952 sensu
719 1910 1110 1964 repraesentativo
1147 1908 1356 1962 potentia
1389 1922 1504 1961 quae
1541 1913 1611 1948 est
1649 1908 1741 1948 veri

237 1985 398 2023 (videatur
408 1993 440 2014 n.
453 1993 545 2022 3934,
558 1983 672 2023 3935);
695 1972 802 2012 inde
820 1972 1000 2020 dicitur,
1020 1969 1336 2011 “Benedictus
1354 1970 1428 2023 qui
1446 1969 1740 2010 latitudinem

237 2035 366 2076 dedit
400 2033 561 2083 Gadi‚”
594 2047 674 2087 per
709 2033 1044 2073 “latitudinem
1057 2031 1077 2047 ’'
1109 2032 1230 2072 enim
1268 2030 1552 2084 significatur
1583 2043 1740 2070 verum

238 2099 285 2136 (n.
297 2100 386 2137 1613,
397 2107 486 2137 3433,
497 2107 588 2136 3434,
599 2099 688 2135 4482.
699 2099 790 2135 9487.
805 2105 919 2134 10179;
942 2097 1032 2134 quod
1047 2096 1151 2125 omnis
1165 2095 1308 2133 potentia
1322 2096 1360 2124 sit
1369 2104 1408 2124 ex
1425 2095 1542 2123 Divino
1552 2095 1648 2128 Vero,
1659 2094 1744 2123 vide-

238 2155 310 2180 atur
318 2150 350 2179 in
359 2158 456 2187 opere
465 2150 516 2178 De
529 2149 622 2178 Caelo
631 2151 662 2177 et
670 2148 809 2186 Inferno,
819 2147 852 2176 in
861 2147 994 2176 articulo
1006 2147 1056 2175 De
1068 2146 1213 2175 Potentia
1220 2146 1419 2183 Angelorum
1429 2145 1527 2179 Caeli,
1537 2154 1567 2174 n.
1578 2146 1696 2181 228—23
1699 2146 1743 2181 3).

241 2197 468 2252 Quoniam
499 2210 580 2250 per
613 2196 832 2236 “leonem
848 2194 867 2210 ”
899 2194 1177 2248 significatur
1208 2194 1431 2247 potentia,
1465 2193 1568 2233 ideo
1599 2193 1643 2233 in
1677 2191 1742 2233 la—

240 2261 527 2303 mentatione
554 2259 742 2300 Davidis
769 2272 903 2313 super
928 2257 1064 2299 Saule
1090 2264 1137 2299 et
1162 2256 1437 2310 Jonathane,
1466 2257 1644 2304 dicitur,

310 2357 427 2389 “Saul
452 2362 487 2388 et
503 2356 684 2398 Jonathan
702 2355 875 2387 amabiles
879 2380 972 2393 .....
981 2365 1066 2396 prae
1082 2354 1210 2396 aquilis
1228 2354 1369 2385 veloces
1387 2353 1541 2391 fuerunt,
1562 2363 1647 2394 prae
1672 2353 1744 2384 leo-

418 2401 523 2432 nibus
540 2400 650 2432 validi
662 2399 681 2412 ’¹
698 2399 731 2438 (2
751 2400 845 2432 Sam.
862 2400 884 2432 i.
901 2400 977 2439 23);

242 2510 321 2551 per
345 2494 566 2537 “Saulem
577 2494 597 2510 ”
619 2494 678 2535 ibi
701 2500 751 2535 ut
777 2506 932 2547 regem
955 2499 1002 2534 et
1030 2506 1108 2546 per
1133 2490 1509 2545 “Jonathanem'’
1532 2497 1581 2532 ut
1604 2489 1741 2532 filiurn

242 2559 363 2612 regis
395 2557 666 2611 intelligitur
697 2570 852 2597 verum
885 2562 1044 2597 tutans
1076 2555 1333 2603 ecclesiam,
1367 2568 1473 2595 nam
1505 2555 1654 2608 agitur
1685 2554 1744 2595 ibi

243 2622 302 2663 de
334 2619 540 2663 doctrina
571 2621 664 2661 veri
700 2627 747 2661 et
785 2620 907 2668 boni,
941 2619 1168 2673 inscripsit
1206 2619 1326 2660 enim
1364 2618 1743 2661 lamentationem

244 2685 370 2727 illam
394 2683 511 2725 “Ad
537 2684 795 2725 docendum
822 2682 937 2724 filios
961 2682 1165 2736 Jehudae
1191 2682 1375 2723 arcum”
1400 2681 1534 2736 (vers.
1564 2683 1611 2722 18
1633 2681 1713 2734 ibi)
1735 2696 1746 2730 ;-

245 2760 326 2800 per
362 2745 588 2786 “arcum”
619 2745 903 2798 significatur
937 2744 1016 2785 illa
1055 2743 1264 2784 doctrina
1300 2755 1460 2793 (videatur
1481 2764 1512 2784 n.
1538 2755 1626 2788 2686,
1656 2763 1744 2791 2709.

245 2816 384 2855 1116422).
442 2805 672 2858 Quoniam
697 2819 778 2859 per
801 2818 935 2858 reges
958 2803 1165 2857 Jehudae
1190 2810 1237 2845 et
1265 2804 1448 2845 Israelis
1474 2817 1743 2857 repraesen-

247 2868 432 2910 tabatur
458 2867 681 2908 Dominus
707 2867 856 2920 quoad
889 2866 1102 2907 Divinum
1129 2866 1315 2914 Verum,
1344 2872 1390 2907 et
1423 2880 1502 2919 per
1527 2865 1742 2906 thronum

236 2930 674 2985 'repraesentabatur
691 2929 905 2982 judicium
927 2929 1047 2983 quod
1074 2929 1123 2970 fit
1147 2943 1206 2970 ex
1234 2929 1400 2970 Divino
1422 2928 1560 2976 Vero,
1586 2941 1637 2968 ac
1666 2942 1744 2981 per

248 2994 404 3038 leones
425 2993 854 3048 repraesentabatur
870 2993 1093 3047 potentia,
1113 2993 1320 3034 custodia
1343 2999 1389 3034 et
1414 2991 1561 3033 tutela
1583 2998 1745 3032 contra
