2060 3476
274 331 358 373 280
687 341 1020 375 APOCALvPsls
1053 343 1352 376 EXPLICATA.

273 455 444 509 spiritu,
469 454 580 496 nihil
606 455 689 496 nisi
715 469 849 510 quam
872 456 928 497 de
955 471 1002 498 se
1029 463 1075 498 et
1102 457 1271 499 mundo
1293 458 1516 511 cogitant,
1540 471 1591 499 ac
1615 458 1765 513 depri-

272 531 378 560 vare
405 519 592 560 student
619 532 777 560 omnes
803 521 932 560 veris.
995 519 1132 574 Apud
1159 520 1426 570 Johannem,

337 614 443 658 Jesus
454 616 543 651 dixit
560 616 604 647 ad
620 615 775 654 Petrum,
794 617 816 631 ‘¹
828 616 919 648 Cum
933 616 1032 649 fuisti
1048 617 1179 658 junior,
1196 617 1365 658 cingebas
1379 623 1488 650 temet
1505 623 1540 649 et
1556 618 1767 650 ambulabas

447 669 518 700 quo
535 660 704 698 volebas:
733 661 876 701 quando
894 670 980 692 vero
1004 670 1115 692 senex
1139 661 1259 698 fueris,
1279 661 1451 693 extendes
1476 671 1605 693 manus
1621 667 1711 700 tuas,
1731 668 1768 694 et

446 703 537 735 alius
555 710 589 735 te
606 704 735 744 cinget,
755 704 929 746 ducetque
946 714 1016 745 quo
1034 714 1107 735 non
1124 704 1179 736 vis
1190 704 1208 716 '¹
1226 704 1310 745 (xxi.
1327 705 1381 745 18)
1395 714 1402 742 ;

272 791 377 845 quid
417 791 528 833 haec
568 792 612 832 in
653 805 785 833 sensu
825 792 1041 846 spirituali
1082 791 1352 845 significant,
1390 793 1595 834 videatur
1634 807 1767 847 supra

275 854 415 908 (n.9);
443 855 563 909 quod
582 868 743 908 nempe
762 869 840 908 per
854 859 880 876 “
894 854 1098 896 Petrum”
1111 855 1391 909 intelligatur
1404 855 1514 896 fides
1529 855 1764 908 ecclesiae;

272 932 350 971 per
376 918 500 959 illurn
528 923 666 960 “curn
688 919 873 972 junior‚''
894 919 1076 972 quando
1103 920 1343 972 “cingeret
1370 926 1514 960 semet
1541 926 1586 960 et
1612 920 1767 961 ambu-

272 981 386 1022 laret
404 995 492 1035 quo
510 981 689 1031 vellet,”
706 981 815 1022 fides
838 981 1055 1022 ecclesiae
1077 982 1121 1022 in
1144 974 1361 1035 principio
1378 983 1558 1036 quando
1580 983 1623 1023 in
1646 983 1766 1024 bono

272 1045 505 1086 charitatis
542 1051 661 1094 sunt,
695 1051 802 1086 tunc
834 1045 954 1099 quod
992 1059 1050 1085 ex
1086 1045 1303 1098 spirituali
1340 1045 1521 1086 homine
1558 1046 1614 1086 de
1650 1047 1765 1087 veris

272 1107 490 1148 ecclesiae
513 1109 734 1161 cogitant,
758 1115 804 1149 et
831 1122 890 1149 ex
917 1122 971 1149 eo
997 1108 1198 1161 cogitare
1225 1115 1294 1149 est
1321 1123 1380 1149 ex
1407 1123 1487 1149 suo
1510 1109 1679 1162 spiritu,
1703 1109 1767 1150 ita

273 1185 331 1211 ex
358 1169 593 1212 affectione
617 1172 707 1212 veri
740 1171 970 1224 spirituali,
998 1171 1118 1225 quod
1150 1178 1219 1213 est
1246 1185 1305 1212 ex
1338 1171 1504 1222 libero;
1537 1186 1615 1225 per
1640 1172 1765 1213 illum

271 1240 423 1274 autem
463 1238 601 1274 “cum
639 1248 780 1275 senex
818 1234 987 1283 fuerit‚‘’
1018 1235 1137 1288 quod
1177 1235 1487 1276 “extenderet
1525 1248 1682 1275 manus
1719 1242 1765 1276 et

272 1296 383 1337 alius
409 1296 533 1337 illum
557 1297 800 1350 cingeret‚'’
822 1297 1088 1350 intelligitur
1110 1297 1220 1339 fides
1243 1298 1460 1339 ecclesiae
1483 1299 1525 1338 in
1549 1297 1635 1338 fine
1658 1297 1763 1351 ejus,

271 1360 452 1413 quando
475 1359 585 1401 fides
606 1361 775 1414 absque
798 1361 1021 1402 charitate
1045 1362 1142 1410 erit,
1166 1361 1285 1415 quod
1311 1368 1418 1402 tunc
1442 1361 1550 1402 nihil
1573 1361 1629 1402 de
1651 1363 1766 1402 veris

271 1423 490 1464 ecclesiae
517 1425 774 1477 cogitarent
805 1438 863 1465 ex
891 1438 939 1464 se
965 1424 1044 1465 sed
1077 1438 1136 1465 ex
1167 1424 1278 1473 aliis,
1305 1425 1368 1465 ita
1399 1424 1544 1465 solum
1570 1438 1628 1465 ex
1656 1424 1764 1465 doc-

272 1487 389 1528 trina
414 1494 459 1528 et
493 1501 582 1528 non
614 1501 672 1528 ex
701 1487 870 1537 Verbo,
897 1487 1016 1541 quod
1048 1486 1296 1541 respective
1326 1501 1503 1529 servum
1529 1494 1627 1538 est;
1661 1501 1765 1529 nam

271 1550 454 1591 credere
481 1550 601 1604 quod
633 1550 744 1591 alius
770 1551 879 1592 dicit
906 1557 976 1592 est
1008 1564 1200 1599 servum,
1227 1557 1274 1592 at
1306 1551 1489 1592 credere
1520 1551 1640 1605 quod
1671 1551 1766 1604 ipse

270 1614 446 1666 cogitat
464 1627 523 1654 ex
543 1613 698 1654 Verbo
715 1619 784 1655 est
804 1613 1004 1662 liberum,
1024 1614 1270 1655 secundum
1293 1614 1475 1655 Domini
1492 1614 1629 1655 verba
1646 1614 1764 1667 apud

270 1677 538 1726 Jolzannem,

339 1767 408 1799 “Si
433 1767 637 1799 manseritis
662 1767 697 1799 in
715 1767 835 1799 Verbo
860 1777 952 1805 meo,
973 1777 1056 1799 vere
1080 1767 1243 1808 discipuli
1269 1767 1337 1799 mei
1362 1768 1461 1806 estis,
1481 1774 1516 1800 et
1539 1768 1764 1809 cognoscetis

445 1812 642 1849 veritatem,
663 1818 698 1843 et
715 1811 847 1843 veritas
864 1811 996 1843 liberos
1013 1811 1120 1843 faciet
1137 1821 1201 1843 vos
1213 1811 1231 1823 ”
1248 1811 1333 1852 (viii.
1351 1820 1404 1851 31,
1419 1811 1485 1853 32).
1526 1814 1528 1816 '

271 1888 409 1942 Apud
434 1887 615 1937 Lucam,

670 1946 688 1963 0

338 1977 359 1990 '⁴
372 1974 488 2007 Nemo
513 1975 741 2015 panniculum
760 1975 845 2006 novi
864 1975 1069 2007 vestimenti
1087 1975 1176 2006 indit
1200 1975 1236 2006 in
1255 1975 1507 2007 vestimentum
1526 1980 1628 2007 vetus
1646 1984 1654 2012 ;
1677 1975 1766 2007 alio-

444 2020 527 2060 quin
546 2019 631 2051 illud
658 2029 790 2050 novum
811 2019 921 2050 findet
938 2026 1053 2056 vetus,
1072 2025 1107 2050 et
1132 2019 1243 2051 veteri
1269 2028 1340 2050 non
1358 2019 1527 2050 convenit
1550 2018 1762 2059 panniculus

443 2073 486 2094 ex
504 2073 610 2094 nove.
662 2062 706 2094 Et
720 2072 827 2094 nemo
841 2062 952 2102 injicit
966 2062 1089 2093 vinum
1107 2071 1241 2093 novum
1259 2062 1294 2093 in
1309 2069 1405 2094 utres
1420 2068 1558 2094 veteres
1573 2071 1580 2099 ς
1605 2061 1762 2103 alioquin
1782 2086 1786 2090 .

442 2106 640 2146 disrumpet
657 2106 779 2137 vinum
805 2116 937 2137 novum
963 2112 1070 2143 utres,
1090 2112 1126 2137 et
1149 2106 1234 2137 illud
1256 2106 1469 2143 effundetur,
1496 2111 1531 2137 et
1553 2112 1649 2138 utres
1673 2105 1765 2146 peri-

443 2149 559 2181 bunt'’
576 2150 622 2190 (v.
639 2150 766 2188 36-38;
792 2149 922 2181 Matth.
937 2150 983 2181 ix.
1002 2149 1051 2187 16,
1069 2157 1107 2188 17
1122 2159 1129 2188 ;
1154 2150 1266 2180 Marc.
1282 2149 1315 2181 ii.
1332 2157 1383 2187 21,
1399 2149 1474 2189 22);

268 2238 369 2292 quia
397 2237 785 2278 “vestimentum’'
812 2236 1034 2291 significat
1061 2250 1229 2286 verum,
1257 2238 1360 2278 ideo
1392 2237 1611 2278 Dominus
1637 2251 1761 2279 com-

268 2308 396 2356 parat
421 2297 527 2342 vera
558 2301 776 2342 ecclesiae
808 2301 978 2354 prioris,
1006 2315 1118 2354 quae
1151 2307 1246 2342 erat
1278 2300 1470 2342 ecclesia
1500 2315 1763 2355 repraesen-

267 2365 412 2406 tativa
446 2363 755 2418 spiritualium,
793 2363 1033 2417 panniculo
1069 2364 1330 2405 vestimenti
1364 2365 1542 2412 veteris,
1575 2370 1622 2405 et
1658 2378 1764 2405 vera

267 2428 485 2469 ecclesiae
512 2441 670 2476 novae,
694 2441 809 2480 quae
835 2434 963 2468 erant
989 2428 1085 2481 ipsa
1109 2441 1215 2468 vera
1240 2426 1499 2480 spiritualia,
1524 2427 1763 2480 panniculo

266 2491 527 2531 vestimenti
555 2491 659 2530 novi
677 2504 685 2530 :
719 2490 922 2531 similiter
943 2491 1222 2543 comparavit
1244 2489 1321 2530 illa
1342 2489 1512 2531 utribus
1533 2490 1637 2538 vini,
1661 2490 1763 2544 quia

266 2567 345 2607 per
373 2554 561 2594 “vinum
575 2553 594 2568 ’'
620 2553 823 2594 similiter
855 2553 1130 2606 significatur
1161 2566 1329 2601 verum,
1357 2566 1408 2593 ac
1438 2556 1598 2593 “utres
1610 2552 1630 2568 ’'
1657 2559 1762 2594 sunt

266 2615 557 2668 cognitiones
579 2629 694 2668 quae
717 2615 959 2655 continent
979 2614 1139 2655 fflillud.
1188 2625 1301 2662 (Quod
1317 2622 1483 2654 “vinum''
1499 2625 1531 2653 in
1546 2625 1655 2654 Verbo
1669 2625 1764 2662 signi-

265 2680 338 2708 ficet
353 2688 473 2713 verum,
489 2679 634 2707 videatur
648 2679 680 2707 in
696 2679 854 2707 Doctrina
868 2679 978 2708 Novae
991 2677 1234 2716 Hierosol'yinae,
1250 2687 1281 2708 n.
1298 2678 1382 2716 219.)

355 2727 436 2785 [6.]
482 2729 557 2770 Ex
588 2730 656 2770 his
684 2743 799 2770 nunc
827 2737 1037 2771 constare
1062 2735 1215 2783 potest
1238 2729 1342 2783 quid
1369 2743 1447 2782 per
1474 2731 1662 2770 “vestes
1675 2727 1694 2743 ”
1716 2728 1759 2768 in

267 2792 420 2834 Verbo
446 2793 550 2833 alibi
577 2792 866 2846 significatur,
891 2806 994 2834 narn
1022 2794 1196 2846 saepius
1222 2793 1281 2833 ibi
1308 2793 1611 2841 nominantur,
1639 2797 1687 2832 ut
1713 2791 1757 2831 in

265 2856 556 2910 sequentibus
571 2856 695 2896 z—In
720 2855 1010 2909 Apocalypsi,

332 2951 640 3035 “Supepnthropis
666 2951 791 3035 Siginti
818 2957 968 2992 quatuor
992 2950 1158 2983 Seniores
1183 2951 1362 2989 sedentes,
1390 2949 1504 2993 induti
1532 2948 1760 2981 vestimentis

440 3005 462 3035 a
501 2994 560 3027 xs'’
591 2995 637 3027 iv.
653 3003 675 3033 4
702 3004 709 3034 ;
