2060 3476
679 339 786 373 CAP.
808 340 894 381 111.,
917 340 1056 373 VERS.
1085 341 1254 373 12.--N.
1278 342 1372 385 219.
1694 341 1770 386 321

276 453 591 509 praevalitura.
653 453 792 508 Apud
819 452 1027 503 eundem,

349 553 371 566 “
383 551 572 583 Constitue
586 551 650 583 tibi
663 551 777 591 signa,
794 561 888 591 pone
902 551 965 582 tibi
979 550 1177 589 columnas,
1193 561 1335 592 appone
1351 560 1413 582 cor
1426 557 1524 582 tuum
1538 550 1582 582 ad
1596 550 1772 589 semitam,

452 596 547 626 viam
558 605 632 634 eas,
647 601 826 626 revertere
836 595 939 635 virgo
952 594 1075 632 Israel,
1090 601 1268 626 revertere
1279 595 1324 626 ad
1337 595 1442 626 urbes
1454 601 1533 626 tuas
1544 593 1563 606 '’
1573 594 1682 634 (xxxi.
1698 594 1754 634 21)
1766 604 1773 626 :

276 690 427 743 agitur
451 689 511 730 ibi
537 690 592 731 de
618 688 839 730 ecclesiae
864 689 1181 739 restitutione;
1216 689 1383 742 “virgo
1410 688 1581 729 Israel”
1603 687 1774 742 signifi-

277 758 353 794 cat
386 752 654 803 ecclesiam;
699 753 1015 793 “constituere
1057 752 1186 805 signa
1218 758 1264 793 et
1302 765 1471 806 ponere
1508 751 1775 792 columnas”

281 815 510 869 significat
535 814 878 857 instructionem
904 816 949 856 in
975 815 1141 856 talibus
1167 828 1282 869 quae
1313 814 1672 855 fundamentalia
1699 828 1774 856 ec-

277 878 444 920 clesiae
475 886 596 929 sunt,
621 893 736 933 quae
767 879 870 932 quia
901 885 1163 920 sustentant
1189 884 1413 919 vocantur
1445 878 1723 919 “columnae
1741 878 1774 928 ;'’

281 946 503 996 “appone
523 955 600 983 cor
622 941 679 982 ad
705 942 930 991 semitam,
954 942 1073 982 viam
1102 941 1217 990 eas‚”
1239 940 1464 995 significat
1488 939 1773 982 affectionem

275 1006 370 1046 veri
395 1005 604 1046 ducentis
629 1005 686 1045 ad
712 1006 867 1046 vitam.
930 1004 1069 1059 Apud
1096 1002 1334 1054 Davidem,

344 1105 367 1118 ‘⁸
378 1102 456 1144 Ego
471 1101 742 1135 rectitudinibus
759 1103 936 1144 judicabo,
953 1103 1190 1145 liquescentes
1207 1109 1335 1141 terrae,
1356 1109 1391 1135 et
1407 1113 1535 1135 omnes
1551 1103 1774 1135 habitatores

450 1147 548 1188 ejus;
573 1147 723 1179 firmabo
740 1148 925 1179 columnas
942 1147 1020 1188 ejus
1031 1147 1049 1159 ”
1066 1147 1213 1185 (Psalm.
1227 1147 1321 1179 lxxv.
1337 1156 1368 1187 3,
1382 1156 1403 1187 4
1422 1145 1482 1189 [B.
1498 1148 1545 1179 A.
1561 1156 1591 1185 2,
1607 1145 1678 1188 3]):

278 1241 622 1296 “liquescentes
647 1241 828 1283 terrae”
854 1241 1113 1295 significant
1139 1241 1242 1282 illos
1268 1241 1326 1282 ab
1351 1236 1546 1282 ec‘clesia
1577 1241 1650 1295 qui
1682 1254 1773 1282 non

274 1305 318 1345 in
337 1306 454 1346 veris
472 1311 576 1346 sunt
596 1305 677 1346 sed
695 1319 835 1358 usque
857 1305 1118 1345 desiderant
1141 1304 1219 1345 illa
1237 1319 1246 1356 ;
1276 1308 1301 1325 “
1314 1304 1490 1345 firmare
1508 1304 1743 1345 columnas
1754 1303 1774 1318 ”

275 1367 370 1421 ejus
396 1367 622 1421 significat
649 1367 871 1409 suffulcire
898 1368 1015 1409 veris
1041 1382 1173 1422 super
1200 1368 1360 1422 quibus
1390 1367 1584 1409 ecclesia
1614 1367 1773 1408 funda-

275 1437 360 1472 tur.
421 1431 560 1485 Apud
585 1431 794 1480 Hz‘obum,

348 1529 366 1542 ¹⁸
377 1528 662 1612 Qui(treigi)efacit
678 1533 810 1560 terram
823 1538 843 1560 e
859 1528 940 1560 loco
956 1537 1034 1566 suo,
1049 1527 1099 1559 ita
1115 1534 1153 1559 ut
1166 1528 1354 1560 columnae
1372 1527 1450 1568 ejus
1467 1526 1774 1559 contremiscant”

463 1582 510 1604 lX.
572 1583 579 1604 ζ

274 1674 354 1715 per
381 1660 619 1702 “terram'’
644 1661 703 1701 ibi
735 1659 1015 1714 significatur
1045 1660 1252 1710 ecclesia,
1281 1667 1327 1702 et
1359 1675 1439 1715 per
1468 1660 1774 1702 “columnas''

275 1723 587 1778 significantur
611 1738 717 1764 vera
742 1724 1051 1765 sustentantia
1077 1724 1215 1765 illam.
1277 1723 1412 1777 Quod

342 1820 411 1859 Per
423 1820 635 1852 “columnas
647 1820 727 1852 atrii
739 1819 921 1858 tentorii,''
932 1820 976 1852 de
987 1820 1115 1862 quibus
1129 1820 1164 1851 in
1176 1821 1287 1852 Exod.
1303 1830 1380 1861 cap.
1394 1821 1503 1852 xxvii.
1520 1829 1636 1859 10-12,
1654 1828 1770 1860 14-17‚

274 1916 413 1956 etiam
436 1915 748 1969 significentur
774 1929 881 1956 vera
907 1914 1068 1956 ultima
1095 1916 1405 1956 sustentantia
1427 1916 1670 1969 superiora,
1694 1930 1772 1957 ve-
1794 1907 1797 1910 ’

274 1979 435 2020 deatur
460 1979 504 2019 in
529 1978 570 2018 A
579 1978 728 2019 rcanz's
758 1977 1046 2027 caelestibus,
1070 1979 1115 2018 in
1138 1978 1448 2032 explicatione
1470 1978 1587 2019 illius
1610 1979 1773 2032 capitis

275 2048 321 2083 et
348 2036 527 2083 illorum
550 2043 777 2083 ¹versuum.
840 2040 1012 2082 Similia
1037 2055 1145 2082 vera
1171 2040 1485 2095 significantur

343 2138 412 2170 Per
428 2138 614 2170 columnas
639 2138 778 2169 Domus
803 2137 916 2169 silvae
942 2137 1067 2169 Libani
1093 2147 1115 2169 a
1139 2137 1333 2169 Salomone
1349 2137 1556 2169 aedificatae
1574 2136 1631 2178 (de
1648 2138 1774 2179 quibus

453 2190 468 2213 1
487 2183 570 2223 Reg.
585 2178 678 2213 [¹]v'ii.
694 2189 724 2219 2,
739 2181 783 2221 6).
1695 2178 1698 2180 ’

275 2257 449 2300 Similia
475 2258 615 2299 etiam

342 2334 411 2366 Per
426 2335 529 2366 binas
546 2334 744 2372 columnas,
757 2344 845 2376 quas
863 2334 1008 2366 salomo
1021 2335 1135 2366 erexit
1150 2327 1188 2366 in
1205 2334 1343 2375 porticu
1357 2334 1512 2375 Templi,
1531 2334 1575 2367 de
1592 2335 1719 2376 quibus
1737 2336 1773 2367 in

447 2378 548 2409 Libro
567 2378 688 2409 Primo
710 2379 855 2420 Regum,
879 2378 1097 2410 “Formavit
1121 2379 1208 2410 duas
1234 2379 1421 2410 columnas
1445 2379 1551 2416 aeris,
1572 2377 1773 2411 mstodecim

449 2422 557 2453 cubiti
574 2422 725 2453 altitudo
742 2422 929 2453 columnae
946 2421 1115 2462 cujusvis,
1130 2428 1166 2453 et
1179 2422 1276 2453 filum
1294 2422 1480 2453 duodecim
1496 2423 1695 2454 cubitorum
1709 2423 1775 2455 cir-

449 2466 638 2496 cumdabat
647 2465 850 2496 columnam
860 2466 1008 2497 alteram
1017 2475 1024 2503 ;
1041 2466 1130 2497 duas
1140 2475 1292 2497 coronas
1302 2466 1384 2497 fecit
1393 2466 1438 2497 ad
1449 2466 1656 2506 ponendum
1666 2477 1774 2508 super

449 2509 566 2549 capita
578 2509 836 2547 columnarum,
853 2509 957 2540 fusile
974 2510 1066 2540 aeris
1080 2519 1103 2546 ;.
1118 2534 1126 2541 .
1139 2534 1146 2540 .
1162 2516 1315 2550 .septem
1334 2519 1488 2541 coronae
1504 2510 1566 2541 uni
1583 2517 1619 2541 et
1635 2517 1773 2551 septem

448 2562 603 2584 coronae
614 2553 716 2584 alteri
730 2563 754 2584 :.
769 2577 777 2584 .
790 2577 798 2584 .
813 2553 941 2584 .erexit
954 2553 1139 2584 columnas
1153 2553 1189 2583 in
1204 2553 1341 2594 porticu
1354 2553 1497 2594 Templi
1511 2563 1518 2590 ;
1543 2560 1578 2585 et
1591 2555 1704 2586 erexit
1716 2564 1774 2585 co-

449 2596 615 2628 lumnam·
622 2596 784 2627 dextram
798 2602 833 2627 et
845 2596 988 2627 vocavit
1005 2606 1137 2628 nomen
1155 2596 1232 2637 ejus
1243 2596 1382 2638 Jachin,
1395 2603 1431 2628 et
1444 2598 1556 2629 erexit
1568 2598 1773 2629 columnam

450 2641 633 2671 sinistram
652 2645 687 2671 et
703 2640 846 2671 vocavit
862 2650 995 2671 nomen
1012 2640 1090 2680 ejus
1110 2640 1205 2672 Boas
1216 2639 1234 2652 ’¹
1252 2640 1324 2680 (vii.
1343 2641 1482 2681 15-22):

273 2733 376 2788 quia
404 2732 665 2786 “templum
677 2732 696 2747 ”
723 2731 1008 2786 significabat
1040 2732 1230 2782 caelum,
1259 2734 1378 2787 quod
1411 2747 1522 2775 mox
1554 2734 1770 2775 ostende-

273 2804 361 2846 tur,
384 2797 488 2838 ideo
510 2797 662 2838 omnia
685 2795 865 2850 Templi
891 2795 1210 2850 significabant
1237 2797 1348 2838 talia
1369 2812 1483 2852 quae
1506 2797 1619 2839 caeli
1649 2804 1770 2845 sunt,

274 2862 340 2901 ita
364 2874 479 2914 quae
506 2860 657 2900 Divini
680 2859 790 2900 Veri
815 2859 888 2909 ibi,
913 2873 1033 2909 nam,
1057 2866 1106 2901 ut
1129 2874 1263 2914 supra
1285 2859 1454 2901 dictum
1482 2867 1567 2910 est,
1592 2860 1769 2902 caelum

254 2929 344 2965 ·est
381 2922 557 2964 caelum
597 2937 656 2963 ex
697 2922 864 2963 Divino
900 2922 1024 2964 Vero
1065 2923 1186 2977 quod
1227 2924 1433 2977 procedit
1474 2938 1500 2965 a
1541 2923 1768 2964 Domino:

276 2985 543 3040 “porticus‘’
584 2986 643 3027 ibi
683 2986 834 3038 itaque
871 2985 1156 3039 significabat
1197 2986 1274 3027 illa
1314 2983 1428 3040 quae
1466 2987 1611 3028 ultimi
1654 2986 1770 3028 caeli
