2060 3476
692 368 694 371 v
719 358 827 391 CAP.
849 359 915 400 11.,
938 358 1077 391 VERS.
1106 350 1276 391 18.—N.
1305 360 1394 404 152.
1693 360 1770 405 197

273 477 432 513 notum
455 479 525 513 est
551 474 595 514 in
618 473 823 523 ecclesia,
848 474 988 515 scitur
1010 475 1130 515 enim
1152 475 1272 529 quod
1295 488 1430 516 omne
1452 475 1622 516 bonum
1648 475 1770 529 quod

272 540 344 576 est
384 537 564 585 amoris,
602 543 648 578 et
685 549 820 578 omne
857 550 1013 578 verum
1051 538 1172 591 quod
1215 544 1285 579 est
1323 537 1441 587 fidei,
1484 551 1511 579 a
1552 538 1654 579 Deo
1695 539 1769 588 sit,

270 604 320 639 et
365 599 476 640 nihil
521 600 580 640 ab
623 599 841 651 homine;
891 614 944 641 ac
986 615 1094 642 vera
1138 602 1468 654 interiusvisa
1516 607 1563 642 et
1612 603 1772 655 agnita

272 661 440 704 faciunt
482 662 851 717 intelligentiam,
894 670 941 705 et
982 664 1095 705 haec
1138 678 1226 705 una
1266 678 1369 706 cum
1410 664 1541 705 bonis
1583 665 1771 706 interius

272 727 499 779 perceptis
544 733 591 768 et
635 727 741 768 inde
785 729 892 768 visis
935 727 1106 769 faciunt
1151 729 1451 782 sapientiam:
1502 728 1607 769 inde
1653 742 1770 769 nunc

272 794 358 836 est,
392 789 512 842 quod
548 803 628 843 per
661 789 867 831 “habere
898 790 1056 831 oculos
1101 797 1319 845 tanquam
1353 791 1580 832 flammam
1613 791 1772 844 ignis,'’

273 851 413 892 etiam
454 852 733 905 significetur
764 853 931 894 Divina
971 854 1196 907 sapientia
1237 860 1284 895 et
1325 854 1634 907 intelligentia
1675 854 1771 895 Do-

273 914 380 955 mini
411 917 748 957 communicata
778 916 866 958 illis
906 918 980 971 qui
1020 918 1064 958 in
1105 918 1236 958 bonis
1268 918 1434 958 amoris
1466 924 1512 958 et
1545 918 1651 958 inde
1683 917 1772 959 fide

271 977 316 1017 in
343 977 496 1031 Ipsum
523 985 642 1020 sunt.
705 979 840 1033 Quod
870 980 1058 1021 “oculi”
1084 980 1343 1034 significent
1370 979 1670 1029 intellectum,
1700 988 1771 1022 est

272 1041 375 1093 quia
400 1043 546 1082 omnis
572 1043 692 1083 visus
719 1044 951 1084 oculorum
976 1044 1097 1097 apud
1130 1044 1338 1085 homines
1364 1050 1411 1085 et
1443 1044 1634 1097 angelos
1666 1045 1772 1086 inde

271 1110 356 1145 est.
428 1104 562 1158 Quod
595 1107 741 1146 omnis
773 1107 893 1147 visus
925 1107 1157 1148 oculorum
1188 1108 1294 1148 inde
1325 1106 1399 1155 sit,
1432 1114 1622 1161 apparet
1655 1109 1771 1149 sicut

273 1168 542 1220 paradoxon
579 1169 666 1210 illis
703 1171 776 1224 qui
814 1184 901 1211 non
941 1172 1090 1212 sciunt
1126 1185 1286 1212 causas
1327 1185 1474 1212 rerum
1515 1172 1768 1221 interiores,

272 1244 331 1271 ex
363 1231 522 1284 quibus
548 1232 732 1275 effectus
758 1234 978 1276 sistuntur
1004 1236 1048 1276 in
1080 1248 1294 1289 corpore:
1328 1236 1401 1289 qui
1434 1235 1534 1276 illas
1566 1249 1656 1276 non
1684 1237 1771 1277 sci-

272 1300 352 1335 unt
385 1308 475 1335 non
508 1296 641 1337 aliter
671 1297 862 1338 credunt
904 1311 1039 1351 quam
1076 1298 1197 1351 quod
1238 1297 1394 1339 oculus
1426 1298 1580 1340 videat
1613 1313 1672 1340 ex
1705 1313 1768 1348 se,

273 1358 390 1398 auris
417 1359 571 1400 audiat
598 1374 658 1401 ex
689 1374 752 1408 se,
781 1360 935 1414 lingua
966 1367 1123 1414 gustet
1155 1375 1214 1402 ex
1241 1375 1304 1406 se.
1333 1367 1379 1402 et
1411 1375 1573 1415 corpus
1600 1364 1771 1403 sentiat

272 1415 332 1461 ex
369 1435 444 1472 se;
487 1435 589 1463 cum
625 1429 780 1464 tamen
818 1424 1005 1465 interior
1040 1425 1135 1465 vita
1171 1424 1381 1474 hominis,
1420 1439 1535 1479 quae
1573 1432 1643 1466 est
1675 1427 1771 1467 vita

272 1484 455 1538 spiritus
492 1485 599 1539 ejus,
633 1500 747 1540 quae
778 1487 874 1528 vita
910 1494 980 1528 est
1012 1488 1107 1528 vita
1144 1486 1404 1529 intellectus
1440 1495 1487 1529 et
1519 1488 1771 1530 voluntatis

272 1547 365 1600 ejus
388 1561 466 1589 seu
492 1550 787 1602 cogitationis
819 1557 866 1591 et
897 1549 1161 1599 affectionis,
1186 1552 1327 1592 sentit
1358 1565 1439 1605 per
1464 1565 1637 1605 organa
1670 1566 1770 1593 cor-

271 1612 391 1664 poris
418 1610 495 1652 illa
520 1626 634 1665 quae
660 1613 704 1653 in
731 1613 900 1654 mundo
930 1620 1050 1662 sunt,
1079 1620 1125 1654 et
1157 1615 1219 1655 sic
1252 1615 1444 1668 percipit
1476 1615 1554 1656 illa
1585 1622 1769 1656 natura-

272 1674 388 1715 liter.
450 1674 619 1716 Totum
643 1689 804 1730 corpus
827 1689 928 1717 cum
951 1677 1159 1717 omnibus
1181 1678 1271 1717 suis
1294 1678 1506 1719 sensoriis
1529 1685 1599 1719 est
1632 1680 1770 1720 modo

270 1739 623 1780 instrumentum
655 1753 762 1781 suae
793 1741 971 1781 animae
1003 1754 1081 1781 seu
1122 1741 1188 1781 sui
1230 1742 1439 1794 spiritus;
1482 1756 1598 1796 quae
1629 1744 1769 1784 etiam

270 1808 342 1844 est
368 1815 517 1851 causa,
542 1803 677 1856 quod,
701 1816 803 1844 cum
829 1810 1065 1856 separatur
1087 1805 1270 1857 spiritus
1292 1804 1489 1845 hominis
1515 1819 1541 1846 a
1564 1819 1767 1859 corpore,

269 1879 431 1919 corpus
457 1879 638 1919 prorsus
665 1866 775 1907 nihil
802 1867 987 1915 sentiat,
1016 1873 1063 1908 at
1091 1868 1273 1920 spiritus
1306 1874 1467 1921 postea
1494 1870 1664 1910 sentiat
1691 1883 1768 1910 ae-

269 1941 357 1981 que
392 1940 444 1967 ae
478 1928 614 1980 prius.
640 1947 643 1949 ·
673 1938 786 1976 (Quod
800 1939 926 1976 spiritus
939 1939 1078 1968 hominis
1092 1948 1194 1976 aeque
1208 1940 1323 1974 videat,
1338 1941 1457 1974 audiat,
1472 1941 1586 1970 sentiat
1600 1946 1672 1979 post
1686 1943 1772 1971 solu-

267 1989 387 2019 tionem
396 1999 416 2019 a
425 1998 566 2028 corpore,
578 1994 613 2019 ut
621 1990 707 2028 prius
716 1990 748 2019 in
758 1999 900 2028 corpore.
911 1990 1056 2019 videatur
1064 1990 1095 2018 in
1106 2000 1202 2028 opere
1213 1991 1263 2019 De
1276 1991 1368 2019 Caelo
1380 1994 1411 2019 et
1419 1992 1558 2029 Inferna,
1568 2001 1599 2021 n.
1610 1993 1752 2030 461—469
1762 2003 1769 2028 ;

267 2043 431 2075 praeterea
446 2038 496 2067 De
511 2037 802 2075 Correspondentia
817 2038 1002 2067 Intelletftus
1016 2047 1090 2067 cum
1105 2039 1184 2067 Visu
1200 2038 1303 2072 Oculi,
1319 2039 1351 2067 in
1366 2039 1508 2068 Arcanis
1523 2040 1720 2074 Caelestibus,
1737 2050 1769 2070 n.

267 2096 459 2126 4403-4421»
478 2087 685 2126 4523-4534·)
742 2076 882 2130 Apud
909 2077 1082 2118 bestias
1108 2078 1461 2142 etiam'interior
1477 2091 1633 2119 earum
1655 2080 1766 2128 vita,

268 2152 383 2192 quae
425 2153 602 2193 quoque
639 2139 789 2179 anima
831 2152 984 2179 earum
1021 2146 1225 2188 vocatur,
1265 2140 1434 2193 pariter
1478 2154 1559 2193 per
1575 2160 1577 2163 ·
1595 2154 1770 2194 organa

267 2208 462 2242 externa
493 2202 692 2255 corporis
718 2215 871 2243 earum
903 2203 1072 2253 sentit3
1111 2202 1192 2243 sed
1225 2215 1328 2243 cum
1361 2202 1615 2244 differentia
1646 2205 1768 2257 quod

268 2277 359 2305 non
390 2264 674 2306 rationaliter
700 2265 815 2306 sicut
847 2264 1001 2314 homo,
1030 2266 1096 2306 ita
1127 2278 1218 2306 non
1251 2279 1311 2306 ex
1343 2264 1581 2307 intelle&u
1613 2273 1659 2307 et
1686 2281 1768 2307 vo-

269 2324 449 2366 luntate
466 2325 550 2366 tali
566 2325 712 2379 qualis
729 2332 801 2367 eSt
818 2325 992 2367 homini
1010 2336 1169 2375 (videatur
1186 2337 1219 2366 in
1238 2345 1335 2375 opere
1355 2338 1406 2367 De
1428 2338 1518 2367 Caelo
1536 2341 1568 2367 et
1585 2339 1721 2378 Inferna,
1737 2348 1769 2370 n.

269 2397 344 2431 108;
368 2397 466 2426 etDae
485 2397 603 2426 ultim
620 2395 810 2436 Judiciom.
830 2396 895 2435 25).
954 2386 1068 2426 Inde
1099 2399 1218 2426 nunc
1250 2392 1322 2427 est
1353 2387 1475 2440 quod
1506 2401 1586 2440 per
1619 2392 1767 2429 “ocu-

267 2446 361 2487 lum
372 2446 392 2462 ”
417 2447 462 2487 in
487 2446 644 2488 Verbo
669 2447 947 2500 significetur
972 2446 1232 2488 intellectus
1258 2449 1366 2497 veri,
1394 2449 1767 2502 seuintelligen-

266 2510 331 2550 tia
345 2516 391 2551 et
406 2510 643 2563 sapientia,
659 2517 708 2551 ut
723 2517 936 2552 constare
954 2517 1109 2564 potest
1126 2525 1153 2551 a
1171 2511 1464 2565 sequentibus
1482 2511 1551 2552 his
1570 2512 1681 2554 locis
1698 2526 1769 2553 :—

267 2571 408 2626 Apud
433 2570 638 2623 Esaiam,

335 2688 358 2702 ¹‘
369 2686 435 2719 Dic
446 2687 579 2728 populo
595 2687 686 2723 huic.
702 2687 834 2720 Audite
847 2688 1024 2720 audiendo
1036 2689 1099 2720 sed
1113 2699 1187 2720 non
1202 2690 1403 2730 intelligite,
1420 2700 1461 2722 ac
1479 2691 1596 2722 videte
1609 2692 1766 2723 videndo

442 2737 478 2763 et
502 2741 575 2762 non
599 2731 826 2771 cognoscite:
850 2732 1039 2773 impingua
1055 2743 1117 2764 cor
1139 2733 1261 2774 populi
1277 2734 1396 2774 hujus,
1416 2741 1451 2766 et
1473 2744 1578 2766 aures
1603 2734 1681 2775 ejus
1706 2745 1769 2775 ag-

440 2776 754 2861 ςᾶἒῖαὲίῗῑῖὥηοίοε
771 2775 849 2816 ejus
866 2776 998 2814 obline,
1015 2787 1060 2808 ne
1077 2776 1170 2808 forte
1186 2777 1307 2809 videat
1323 2778 1436 2809 oculis
1453 2779 1528 2810 suis
1538 2778 1556 2790 ”
1574 2778 1633 2819 (vi.
1654 2789 1684 2819 9,
1704 2787 1766 2817 10;

523 2843 530 2851 .
599 2843 607 2851 .
692 2843 700 2858 ‚

268 2939 462 2980 “oculos
495 2939 694 2980 oblinere
727 2953 782 2981 ne
808 2940 923 2981 forte
950 2941 1103 2982 videat
1136 2941 1278 2982 oculis
1310 2941 1439 2991 suis,'’
1462 2948 1533 2983 est
1565 2942 1758 2983 obtene-

264 3000 394 3043 brare
419 3001 701 3044 intellectum
729 3016 784 3044 ne
810 3002 1054 3057 intelligat.
1117 3004 1255 3058 Apud
1283 3005 1493 3054 eundem,
