2060 3476
301 334 383 386 346
714 342 1045 375 APOCALYPsxs
1076 343 1375 376 EXPLICATA.

299 463 419 498 esset
442 457 607 510 primus
630 456 973 510 Apostolorum,
997 463 1124 510 patet
1147 471 1206 498 ex
1229 471 1297 506 eo,
1321 457 1441 511 quod
1461 457 1690 510 Johannes
1711 471 1785 499 ac-

298 520 499 560 cubuerit
524 520 581 560 ad
608 518 763 572 pe&us
796 519 992 568 Domini,
1016 525 1062 560 et
1088 520 1208 573 quod
1235 526 1415 560 secutus
1441 520 1499 560 sit
1526 519 1784 570 Dominum,

299 586 346 620 et
377 593 468 620 non
500 580 659 620 Petrus
694 580 820 633 (Joh.
851 581 948 620 xxi.
975 580 1151 632 20—22).
1211 591 1324 629 (Quod
1341 599 1398 628 per
1417 591 1587 630 duodecim
1608 592 1787 630 Discipulos

300 641 429 670 Domini
451 646 685 678 repraesentata
705 641 818 670 fuerint
840 641 948 670 omnia
962 650 1036 670 vera
1053 646 1084 670 et
1104 642 1192 669 bona
1212 641 1372 675 ecclesiae,
1387 641 1531 671 videatur
1545 651 1576 672 n.
1593 651 1683 679 2129,
1698 651 1777 680 3354

298 690 387 726 3488,
403 690 492 726 3858,
508 689 602 726 6397;
627 689 715 725 quod
729 697 786 726 per
802 688 928 716 Petrum
944 692 1177 725 repraesentata
1191 688 1229 716 sit
1243 687 1331 722 fides,
1344 696 1374 717 n.
1391 690 1480 725 4738,
1493 689 1582 723 6000,
1595 689 1685 727 6073,
1698 690 1787 727 6344,

301 737 408 771 10087‚
426 737 538 772 1058oe
562 740 592 764 et
614 735 701 772 quod
722 744 779 773 per
791 735 973 774 johannem
989 738 1257 772 repraesentatum
1273 735 1311 763 sit
1331 735 1453 763 bonum
1469 735 1635 765 charitatis.
1651 745 1682 765 n.
1698 744 1787 774 3934,

300 787 421 826 [116073.
439 789 561 828 10087‚)
619 778 692 819 Ob
714 778 909 819 eandem
932 778 1072 818 etiam
1094 790 1279 818 causam
1302 791 1381 831 per
1404 778 1658 827 Rubenem,
1682 779 1786 832 quia

301 840 626 893 primogenitus
657 839 846 881 filiorum
877 839 1033 892 Jacobi
1065 839 1160 888 fuit,
1187 845 1529 892 repraesentata
1560 847 1629 881 est
1661 840 1785 889 fides,

299 909 346 943 et
372 903 591 944 creditum
619 903 737 957 quod
759 903 900 943 tribus
926 901 983 942 ab
1008 901 1086 942 illo
1109 902 1341 943 nominata
1362 909 1482 942 esset
1508 904 1675 956 prima;
1707 905 1787 945 sed

300 980 438 1020 usque
465 980 555 1007 non
581 966 658 1007 illa
690 966 829 1007 tribus
854 971 951 1006 erat
983 965 1137 1018 prima,
1164 978 1319 1005 verum
1350 965 1492 1005 tribus
1524 965 1648 1015 Levi,
1676 980 1785 1020 quo·

298 1029 418 1069 niam
437 1042 514 1082 per
533 1028 643 1070 Levi
660 1034 1050 1082 repraesentatum
1073 1034 1142 1068 est
1165 1028 1333 1068 bonum
1357 1027 1616 1078 charitatis;
1649 1041 1785 1081 quare

299 1093 437 1133 etiam
474 1092 584 1132 haec
622 1091 763 1132 tribus
798 1088 917 1131 facta
947 1096 1016 1131 est
1049 1090 1364 1138 sacerdotium,
1397 1103 1448 1131 ac
1486 1090 1786 1131 sacerdotium

299 1159 369 1193 est
396 1147 588 1206 primurl‘l
614 1151 850 1193 ecclesiae.
909 1161 1021 1199 (Quod
1039 1171 1096 1199 per
1110 1162 1281 1191 duodecim
1297 1162 1378 1191 filios
1391 1162 1505 1201 Jacobi
1520 1171 1576 1191 seu
1591 1171 1648 1200 per
1666 1162 1788 1192 duode-

298 1214 358 1243 cim
375 1214 472 1242 tribus
486 1214 527 1242 ab
541 1214 599 1242 illis
614 1213 792 1242 nominatas
806 1217 1039 1251 repraesentata
1052 1212 1166 1242 fuerint
1176 1213 1283 1241 omnia
1298 1222 1371 1241 vera
1385 1218 1416 1241 et
1430 1213 1517 1242 bona
1531 1213 1690 1247 ecclesiae,
1702 1213 1789 1242 vide-

297 1266 368 1290 atur
382 1270 412 1291 n.
428 1263 518 1298 3858,
534 1261 623 1298 3926,
638 1261 728 1297 4060,
744 1260 834 1298 6335,
849 1260 939 1297 7836,
955 1260 1155 1297 7891,,7996;
1179 1260 1267 1297 quod
1289 1269 1345 1297 per
1368 1259 1534 1288 Rubenem
1557 1252 1788 1298 repraesentata

297 1309 335 1337 sit
351 1309 438 1342 fides,
455 1317 485 1337 n.
502 1308 590 1346 3861,
606 1307 695 1345 3866,
711 1307 800 1344 4605,
816 1315 905 1344 4731,
921 1315 1010 1344 4734,
1026 1306 1114 1344 4761,
1131 1307 1329 1344 6342-6345ς
1353 1311 1383 1335 et
1398 1307 1485 1343 quod
1500 1316 1557 1344 per
1573 1306 1650 1336 Levi
1664 1315 1790 1344 reprae-

297 1368 455 1392 sentatum
471 1362 509 1391 sit
523 1363 646 1391 bonum
662 1361 830 1395 charitatis
844 1370 875 1390 n.
889 1363 979 1398 3875,
992 1369 1082 1398 4497,
1095 1367 1184 1398 4502,
1197 1360 1303 1399 4503.)
1360 1349 1433 1390 Ob
1460 1349 1651 1391 eandem
1678 1363 1785 1391 cau-

298 1427 393 1454 sam
412 1414 551 1454 etiam
573 1418 658 1461 est,
675 1412 795 1466 quod
818 1413 861 1452 in
885 1412 1029 1465 primo
1051 1412 1200 1465 capite
1225 1411 1447 1459 Geneseos,
1477 1412 1549 1452 ubi
1571 1412 1727 1465 agitur·
1741 1413 1785 1453 in

297 1491 431 1518 sensu
466 1476 646 1517 litterae
682 1476 740 1516 de
776 1476 1006 1516 creatione
1043 1473 1156 1515 caeli
1188 1481 1234 1515 et
1267 1481 1429 1522 terrae,
1463 1474 1543 1515 sed
1576 1475 1620 1515 in
1652 1488 1786 1516 sensu

297 1541 477 1580 interno
509 1539 566 1580 de
598 1552 716 1579 nova
742 1539 972 1579 creatione
1005 1551 1082 1578 seu
1109 1538 1453 1591 regeneratione
1486 1537 1680 1578 hominis
1711 1550 1785 1578 ec-

297 1603 462 1644 clesiae
488 1609 610 1651 tunc,
638 1602 815 1642 dicatur
840 1601 961 1655 quod
984 1601 1176 1654 primum
1198 1599 1316 1642 facta
1338 1601 1396 1641 sit
1424 1600 1517 1647 lux,
1546 1614 1597 1642 ac
1625 1607 1787 1654 postea

297 1666 364 1706 sol
397 1672 443 1707 et
476 1665 582 1706 luna
617 1663 845 1719 (videatur
875 1664 935 1705 ibi
966 1678 1080 1704 vers.
1107 1673 1183 1716 3—5
1217 1670 1263 1704 et
1301 1663 1469 1717 14—19)‚
1498 1676 1599 1704 cum
1631 1670 1785 1705 tamen

301 1728 367 1770 sol
391 1735 461 1770 est
485 1729 676 1782 primum
699 1733 746 1768 et
770 1726 848 1767 lux
871 1733 941 1768 est
968 1727 1098 1767 inde:
1133 1727 1253 1780 quod
1277 1726 1355 1766 lux
1378 1727 1568 1779 primum
1592 1727 1785 1767 creatio-

298 1793 365 1833 nis
397 1790 518 1833 dicta
548 1791 693 1839 fuerit,
722 1796 819 1831 erat
851 1791 954 1843 quia
981 1803 1059 1843 per
1088 1789 1272 1830 “lucem
1286 1789 1305 1804 ’'
1328 1788 1607 1842 significatur
1631 1802 1786 1830 verum

296 1855 412 1904 fidei,
428 1868 479 1896 ac
495 1869 573 1908 per
590 1858 615 1875 “
629 1853 795 1894 solem'’
810 1859 856 1894 et
874 1857 898 1873 “
912 1853 1063 1894 lunam
1076 1852 1096 1868 ''
1110 1853 1278 1894 bonum
1292 1853 1456 1893 amoris
1470 1858 1516 1893 et
1535 1852 1784 1893 charitatis.

296 1918 409 1956 (Quod
423 1926 480 1955 per
494 1917 685 1947 creationem
701 1916 780 1945 caeli
795 1921 826 1944 et
841 1919 940 1944 terrae
955 1916 987 1944 in
1008 1915 1111 1953 primo
1127 1915 1229 1952 capite
1248 1916 1394 1944 Geneseos
1408 1915 1440 1943 in
1461 1923 1556 1943 sensu
1575 1914 1726 1952 spirituali
1741 1914 1788 1943 in-

295 1966 452 2003 telligatur
465 1969 496 1993 et
510 1964 705 1993 describatur
720 1971 803 1992 nova
817 1963 933 1991 creatio
948 1963 1085 1991 hominis
1100 1962 1250 1992 ecclesiae
1265 1962 1415 1996 caelestis,
1427 1970 1484 1990 seu
1501 1960 1695 1998 regeneratio
1709 1960 1786 1998 ejus,

295 2014 438 2043 videatur
452 2013 483 2041 in
496 2012 705 2050 explicatione
719 2011 800 2040 illius
812 2011 922 2048 capitis
936 2011 967 2039 in
980 2011 1119 2040 Arcanis
1134 2010 1328 2044 Caelestibus,
1341 2014 1408 2038 tum
1425 2018 1454 2038 n.
1469 2011 1556 2046 8891,
1569 2018 1657 2046 9942,
1673 2015 1785 2045 10545;

294 2061 383 2098 quod
399 2063 415 2075 ¹¹
426 2061 481 2089 lux
491 2059 507 2069 '⁸
524 2059 678 2097 significet
693 2067 802 2087 verum
818 2068 856 2087 ex
871 2059 968 2093 bono,
984 2058 1027 2087 ita
1041 2067 1170 2095 quoque
1185 2066 1294 2086 verum
1316 2057 1399 2091 fidei,
1416 2057 1559 2085 videatur
1572 2056 1604 2084 in
1618 2065 1714 2093 opere
1736 2056 1787 2085 De

299 2108 389 2137 Caelo
404 2111 434 2137 et
447 2107 585 2146 Inferno,
602 2115 632 2136 n.
651 2106 804 2143 126-140;
829 2115 865 2135 ac
880 2106 969 2143 quod
985 2109 1001 2120 ¹¹
1013 2106 1059 2134 sol
1070 2105 1086 2114 '¹
1103 2105 1256 2143 significet
1270 2105 1391 2134 bonum
1406 2104 1531 2138 amoris,
1544 2108 1576 2133 et
1587 2107 1603 2118 ¹¹
1614 2103 1716 2133 luna''
1728 2104 1787 2133 bo-

294 2167 372 2187 num
386 2157 554 2191 charitatis,
570 2161 742 2192 utrumque
756 2165 776 2184 a
791 2155 943 2190 Domino,
959 2155 990 2184 in
1006 2156 1121 2184 eodem
1136 2164 1243 2193 opere,
1259 2163 1289 2184 n.
1308 2155 1455 2191 116-125,
1473 2153 1555 2192 146.)
1613 2142 1689 2183 EX
1714 2142 1784 2183 hiS

295 2222 412 2249 nunc
445 2214 657 2248 constare
695 2212 849 2260 potest
891 2206 996 2260 quid
1027 2206 1252 2259 significat
1288 2205 1591 2259 “principium
1623 2203 1785 2258 opificii

262 2314 265 2317 ,
295 2271 421 2320 Dei,”
443 2271 564 2324 quod
587 2283 751 2323 nempe
778 2268 912 2310 fidem
935 2283 961 2310 a
988 2269 1185 2310 Domino
1207 2282 1321 2322 quae
1347 2269 1538 2322 primum
1564 2266 1784 2309 ecclesiae

295 2334 445 2389 quoad
471 2333 799 2387 apparentiam.

374 2424 507 2468 230.
543 2423 726 2462 [Vers.15.]
757 2412 892 2453 “Novi
916 2415 986 2452 tua
1010 2411 1368 2464 opera.''-Quod
1393 2410 1617 2465 significet
1641 2410 1785 2452 vitam

292 2476 433 2520 solius
446 2475 785 2530 fidez',vconstat
814 2489 874 2515 ex
900 2473 1232 2527 significatione
1260 2472 1524 2526 “operum‚'’
1546 2472 1667 2526 quod
1692 2473 1783 2514 sint

294 2539 373 2581 illa
398 2552 513 2593 quae
540 2544 644 2578 sunt
677 2538 902 2579 interioris
928 2538 1050 2578 vitae
1076 2537 1285 2585 hominis,
1313 2537 1416 2590 quia
1441 2549 1578 2589 opera
1608 2535 1666 2576 ab
1695 2534 1783 2576 illis

296 2602 562 2658 procedunt,
591 2614 642 2641 ac
675 2607 779 2642 sunt
813 2614 966 2642 eorum
999 2598 1182 2641 effectus
1217 2598 1293 2653 (de
1323 2613 1410 2653 qua
1442 2612 1589 2653 supra,
1616 2611 1658 2639 n.
1691 2608 1781 2651 157,

299 2665 396 2720 185)
416 2679 425 2716 3
458 2664 530 2705 hic
554 2665 707 2717 itaque
729 2663 988 2717 significant
1005 2664 1148 2703 vitam
1170 2663 1309 2703 solius
1320 2662 1439 2711 fidei,
1455 2662 1559 2715 quia
1575 2662 1620 2702 in
1642 2662 1781 2715 scrip-

294 2730 352 2771 tis
378 2729 436 2770 ad
463 2728 579 2768 hanc
603 2727 842 2768 ecclesiam
868 2727 925 2768 de
951 2741 1004 2768 ea
1029 2727 1191 2779 agitur.
1243 2725 1321 2766 Ad
1344 2724 1544 2778 singulas
1567 2724 1782 2765 ecclesias

295 2791 616 2846 praemittitur,
644 2790 802 2831 “Novi
834 2797 912 2831 tua
944 2789 1134 2843 opera;’'
1162 2802 1213 2829 ac
1246 2788 1389 2829 ubivis
1415 2786 1673 2840 significant
1704 2786 1780 2827 illa

293 2855 513 2896 ecclesiae
535 2855 591 2895 de
614 2854 773 2907 quibus
795 2854 854 2894 ibi
876 2854 1026 2906 agitur
1051 2852 1278 2906 (videatur
1298 2865 1445 2905 supra,
1470 2864 1510 2891 n.
1534 2849 1608 2904 98)
1627 2864 1637 2901 ;
1670 2863 1770 2903 qua-

293 2918 347 2959 lis
372 2919 526 2972 itaque
551 2918 646 2958 vita
672 2917 810 2957 solius
836 2917 939 2957 fidei
965 2922 1050 2965 est,
1075 2930 1153 2957 seu
1183 2915 1286 2956 fidei
1312 2920 1549 2968 separatae
1580 2927 1606 2954 a
1632 2912 1754 2954 chari

295 2988 406 3032 tate,
434 2981 702 3022 describitur
727 2981 771 3020 in
794 2993 909 3021 nunc
937 2979 1244 3033 sequentibus.
