2060 3476
674 367 781 400 CAP.
804 367 870 409 11.,
894 367 1035 399 VERS.
1060 367 1211 399 2.—N.v
1229 359 1297 411 98.
1672 368 1690 399 1
1702 369 1751 411 13

253 496 368 537 quae
394 482 499 523 inde
524 481 650 530 fiunt,
676 495 754 523 seu
780 495 895 535 quae
926 481 1108 522 faciunt.
1170 479 1263 522 Sed
1290 479 1410 534 quod
1442 479 1555 520 haec
1583 478 1751 532 signifi-

252 553 414 588 centur
431 560 510 600 per
526 545 603 586 illa
619 545 770 593 verba,
789 558 927 598 aegre
944 550 1100 598 potest
1118 543 1459 598 comprehendi,
1480 544 1563 584 nisi
1586 544 1754 584 sciatur

251 609 372 663 quod
405 609 556 650 omnia
587 622 702 662 quae
733 607 845 649 fiunt
877 608 936 648 ab
966 607 1166 656 homine,
1199 607 1341 648 fluant
1373 620 1432 647 ex
1466 605 1753 647 interioribus

250 686 366 725 quae
392 672 558 712 mentis
585 671 678 724 ejus
704 677 823 720 sunt,
849 676 896 712 et
922 670 1043 725 quod
1070 684 1200 711 mens
1226 671 1284 711 sit
1310 683 1446 710 omne
1473 670 1517 710 in
1544 668 1752 710 omnibus

251 749 366 789 quae
397 735 537 776 homo
563 735 675 788 agit,
703 740 750 776 et
776 735 897 788 quod
929 747 1091 788 corpus
1120 735 1179 775 sit
1206 734 1344 774 modo
1370 733 1646 781 obedientia,
1674 746 1755 786 per

252 799 372 853 quod
395 800 568 840 sistitur
589 799 632 839 in
655 799 798 839 forma
815 805 1064 852 apparente
1082 811 1235 839 coram
1254 797 1396 838 oculis
1418 797 1462 838 id
1479 797 1601 851 quod
1623 809 1753 838 mens

251 861 350 902 vult
380 868 426 902 et
452 863 656 915 cogitat;
689 861 794 902 inde
820 868 905 912 est,
934 862 1054 916 quod
1086 875 1166 915 per
1191 867 1385 902 externa
1416 860 1507 909 illa,
1535 873 1649 914 quae
1680 859 1752 900 hic

253 931 358 965 sunt
387 925 604 978 “opera,''
629 924 827 966 “labor’'
852 931 899 966 et
929 924 1254 973 “tolerantia,”
1281 922 1752 977 significentur-velle,

253 988 472 1041 cogitare,
491 994 538 1029 et
556 988 660 1029 inde
678 988 839 1037 facere,
856 994 903 1029 et
917 988 1038 1042 quod
1057 988 1219 1029 eodem
1237 988 1411 1036 recidit,
1429 1001 1581 1028 amare
1595 992 1641 1027 et
1656 1000 1754 1027 cre-

253 1051 359 1091 dere
376 1057 423 1092 et
441 1051 545 1092 inde
561 1052 721 1092 sistere
736 1052 779 1092 in
795 1050 911 1092 actu.
958 1050 1049 1093 Sed
1067 1066 1207 1105 usque
1221 1051 1334 1092 haec
1350 1065 1442 1092 non
1457 1050 1756 1105 comprehen-

253 1113 398 1154 sibilia
415 1121 535 1163 sunt,
556 1115 639 1154 nisi
662 1115 802 1155 etiam
821 1114 989 1155 sciatur
1006 1115 1126 1169 quod
1150 1114 1322 1156 homini
1345 1115 1436 1156 sint
1458 1115 1592 1156 binae
1613 1113 1755 1155 facul-

253 1183 390 1226 tates,
415 1191 530 1231 quae
552 1183 776 1218 vocantur
797 1178 1011 1219 voluntas
1034 1184 1081 1219 et
1103 1177 1380 1227 intellectus,
1405 1185 1452 1220 et
1474 1179 1596 1232 quod
1623 1178 1756 1219 binae

254 1240 359 1281 illae
380 1240 625 1281 facultates
647 1240 858 1282 dicantur
880 1255 968 1282 una
990 1255 1103 1282 voce
1126 1255 1281 1292 mens3
1315 1248 1411 1283 tum
1435 1242 1557 1296 quod
1583 1241 1757 1282 homini

253 1305 482 1345 internum
505 1310 551 1344 et
571 1310 814 1344 externum
833 1305 938 1353 sint,
958 1306 1186 1346 internum
1209 1306 1252 1346 in
1276 1305 1375 1346 luce
1394 1306 1549 1346 mundi
1571 1306 1751 1359 spiritu-

253 1365 354 1414 alis,
373 1371 620 1406 externum
641 1366 686 1406 in
708 1365 810 1407 luce
831 1367 987 1407 mundi
1010 1367 1246 1407 naturalis.
1278 1379 1344 1414 (De
1358 1379 1406 1407 his
1421 1383 1452 1407 et
1466 1378 1526 1407 iuis
1540 1378 1650 1407 austum
1664 1378 1759 1407 estin

254 1430 415 1469 Doclrz'np
429 1430 539 1459 Novae
550 1430 796 1468 Hierosolymae,
810 1431 861 1460 De
872 1431 1047 1460 Voluntate
1061 1436 1094 1460 et
1110 1431 1288 1465 Intellee‘tu,
1302 1441 1333 1462 n.
1346 1431 1496 1469 [¹]28-35;
1520 1437 1551 1461 et
1564 1432 1615 1461 De
1627 1432 1759 1461 Interno

254 1489 286 1513 et
301 1485 442 1514 Extemo
456 1484 653 1518 Hominem.
667 1485 793 1523 36-52-)
853 1474 939 1514 His
961 1474 1212 1516 intellectis
1233 1476 1337 1516 sciri
1359 1482 1517 1529 potest
1534 1476 1656 1529 quod
1678 1489 1758 1529 per

258 1540 434 1590 “opera
445 1536 464 1551 ’'
481 1538 525 1578 in
549 1537 768 1591 spirituali
791 1551 925 1578 sensu
947 1537 1232 1591 intelligatur
1249 1551 1384 1579 omne
1407 1539 1451 1579 id
1474 1538 1596 1592 quod
1619 1538 1758 1579 homo

255 1599 354 1641 vult
381 1606 428 1641 et
453 1607 592 1649 amat,
617 1607 663 1642 et
691 1614 770 1655 per
794 1600 1067 1642 “laborem’'
1089 1614 1225 1642 omne
1251 1602 1295 1642 id
1317 1602 1438 1655 quod
1464 1602 1604 1642 homo
1630 1602 1758 1654 cogi-

257 1669 328 1704 tat
354 1669 431 1704 aut
464 1664 622 1713 credit,
651 1670 698 1705 et
730 1678 809 1718 per
838 1663 1171 1705 “tolerantiam
1183 1664 1202 1679 '’
1227 1678 1363 1714 omne
1394 1665 1438 1706 id
1465 1665 1586 1719 quod
1618 1664 1758 1706 homo

257 1727 361 1767 inde
387 1726 508 1768 facit.
569 1726 660 1768 Sed
682 1734 968 1768 transeamus
990 1728 1048 1768 ab
1069 1727 1153 1776 his,
1177 1729 1280 1782 quia
1301 1728 1505 1769 fortassis
1529 1729 1759 1781 ignotiora

258 1796 364 1830 sunt
395 1796 442 1831 et
473 1790 578 1831 inde
604 1791 864 1831 obscuriora
889 1805 1024 1844 quam
1051 1797 1100 1832 ut
1126 1787 1595 1845 clare'percipiantur,
1624 1791 1682 1832 ad
1713 1791 1757 1831 id

257 1853 419 1901 solum,
447 1854 568 1907 quod
601 1867 680 1907 per
712 1854 918 1907 “opera'’
948 1855 993 1895 in
1024 1854 1244 1908 spirituali
1276 1868 1410 1895 sensu
1442 1854 1758 1907 intelligantur

257 1917 410 1957 omnia
431 1916 508 1957 illa
525 1931 640 1970 quae
663 1924 768 1958 sunt
786 1917 1037 1958 voluntatis
1055 1931 1134 1958 seu
1156 1919 1322 1959 amoris
1344 1918 1567 1968 hominis;
1601 1924 1647 1959 et
1670 1917 1756 1958 hoc

257 1974 374 2028 ideo,
402 1981 505 2033 quia
535 1981 579 2020 in
611 1981 919 2033 sequentibuS,
952 1981 1026 2021 ubi
1057 1982 1208 2034 agitur
1239 1981 1295 2022 de
1327 1987 1506 2034 septem
1538 1980 1757 2030 ecclesiis,

257 2043 401 2084 ubivis
428 2044 620 2097 primum
647 2044 823 2092 dicitur,
853 2044 1011 2084 “Novi
1037 2058 1175 2098 opera
1202 2044 1332 2085 tua:'’
1363 2050 1412 2085 ut
1437 2058 1552 2086 vers.
1580 2045 1619 2093 8,
1645 2056 1686 2097 9,

327 2150 350 2164 ¹‘
361 2149 503 2190 Angelo
522 2149 702 2182 Ecclesiae
719 2150 997 2191 Smyrnaeorum
1012 2151 1138 2189 scribe,
1156 2150 1258 2182 Haec
1274 2150 1359 2182 dicit
1377 2150 1518 2182 Primus
1535 2156 1571 2182 et
1588 2150 1757 2188 Ultimus,

439 2218 446 2225 .
461 2218 469 2226 .
482 2218 490 2226 .
505 2193 616 2226 ‚Novi
634 2204 744 2235 opera
759 2200 830 2232 tua,
851 2200 886 2226 et
902 2193 1133 2226 affliaestionem
1151 2200 1186 2226 et
1202 2200 1449 2235 paupertatem
1465 2193 1495 2232 ;''

258 2282 372 2310 vers.
402 2280 464 2318 12,
494 2280 556 2322 13,

328 2351 504 2392 “Angelo
528 2352 565 2384 in
591 2352 768 2393 Pergamo
794 2353 973 2385 Ecclesiae
997 2353 1122 2392 scribe,
1146 2353 1246 2385 Haec
1262 2353 1347 2385 dicit
1370 2353 1507 2385 habens
1527 2353 1759 2395 romphaeam

437 2394 622 2438 [acutam],
643 2396 738 2428 Novi
755 2407 865 2438 opera
881 2403 942 2446 tua
957 2403 993 2429 et
1008 2397 1067 2429 ubi
1084 2398 1225 2429 habitas
1241 2397 1270 2435 ;”

259 2485 374 2513 vers.
403 2472 466 2520 18,
496 2483 558 2525 19,

329 2554 505 2596 “Angelo
525 2556 562 2587 in
579 2556 760 2598 Hyatiris
786 2557 966 2589 Ecclesiae
982 2557 1107 2596 scribe,
1130 2557 1230 2589 Haec
1246 2557 1332 2590 dicit
1358 2557 1467 2590 Filius
1491 2557 1559 2589 Dei
1563 2582 1656 2596 .....
1664 2557 1760 2590 Novi

435 2605 497 2631 tua
512 2609 623 2640 opera
637 2606 673 2632 et
689 2601 898 2633 charitatem
913 2600 943 2640 ;'’

260 2706 358 2747 cap.
381 2693 455 2742 iii„
478 2706 593 2734 verS.
622 2704 657 2742 1,

329 2775 503 2817 “Angelo
518 2776 698 2808 Ecclesiae
714 2776 751 2808 in
768 2777 937 2809 Sardibus
950 2777 1076 2816 scribe,
1095 2777 1195 2810 Haec
1208 2778 1293 2810 dicit
1308 2778 1446 2810 habens
1459 2784 1596 2819 septem
1614 2777 1760 2819 spiritus

437 2820 520 2852 Dei.
535 2844 543 2852 .
556 2845 565 2852 .
578 2845 604 2858 .‚
632 2819 726 2852 Novi
743 2830 853 2869 opera
868 2826 930 2853 tua
945 2821 1040 2863 quod
1056 2821 1185 2854 dicaris
1201 2822 1322 2854 vivere
1335 2821 1365 2862 ;”

260 2909 375 2937 vers.
399 2905 438 2950 7,
462 2896 501 2945 8,

330 2976 353 2990 ‘⁴
362 2975 506 3016 Angelo
521 2976 1043 3053 {hiladelphietrsssgsnEcclesiae
1057 2978 1183 3026 scribe,
1202 2978 1302 3011 Haec
1314 2978 1400 3011 dicit
1413 2976 1565 3011 Sanetus
1581 2983 1617 3010 et
1628 2977 1755 3016 Verus,

442 3043 450 3053 .
464 3043 473 3053 .
486 3044 495 3053 .
508 3044 517 3052 .
561 3029 620 3051 Ovl
637 3030 747 3061 opera
835 3030 843 3061 ;
