2060 3476
323 341 408 398 65'0
736 357 1068 392 APOCALYPSIS
1099 360 1399 393 EXPLICATA.

323 464 547 521 significat
580 483 669 510 non
705 471 903 525 recipere
934 473 1074 514 vitam
1106 473 1396 528 spiritualem,
1430 473 1510 515 sed
1546 487 1727 515 manere
1763 474 1804 515 in

322 532 417 572 vita
444 545 565 573 mere
591 533 797 584 naturali,
822 549 935 588 quae
957 542 1167 589 separata
1191 551 1218 578 a
1241 538 1335 578 vita
1361 536 1580 590 spirituali
1606 543 1676 578 est
1698 550 1827 577 con-·

322 601 534 647 spurcata
555 594 676 636 falsis
699 603 745 637 et
768 597 910 646 malis,
931 612 1044 651 quae
1066 605 1170 640 sunt
1195 603 1428 640 “caenosa
1439 599 1459 614 ’⁹
1476 605 1522 640 et
1547 599 1807 652 “paludes''

405 654 485 708 [6.]
528 655 701 697 Similia
717 670 797 710 per
817 661 842 678 “
856 658 1011 699 mare”
1029 664 1076 700 et
1101 660 1286 713 “pisces
1304 660 1439 700 maris
1452 659 1471 675 ”
1493 659 1807 712 significantur

320 716 440 769 apud
465 716 668 767 Esaiam,

390 806 412 820 “
425 805 478 837 En
498 816 560 846 per
575 807 853 848 increpationem
870 819 986 840 meam
1004 809 1143 841 exsicco
1160 820 1277 849 mare;
1302 820 1397 851 pono
1415 810 1542 841 fluvios
1560 810 1595 841 in
1613 810 1803 846 desertum,

493 857 669 891 putrescet
679 851 784 892 piscis
795 861 918 884 eorum
929 862 972 884 eo
982 853 1075 894 quod
1086 862 1159 885 non
1171 854 1216 885 sit
1225 864 1327 895 aqua,
1340 859 1376 886 et
1386 854 1555 885 morietur
1566 853 1624 885 siti
1635 853 1653 865 ¹'
1663 853 1698 893 (1.
1711 851 1777 893 [=]2)
1790 864 1796 885 :

321 951 399 990 per
418 938 840 991 “increpationem'’
863 939 1141 993 significatur
1162 940 1386 982 desolatio
1409 941 1553 981 omnis
1577 941 1695 991 veri;
1728 954 1807 994 per

323 1003 348 1020 ‘⁴
366 1013 488 1041 mare
503 1000 522 1016 '’
560 1001 839 1054 significatur
875 1003 948 1043 ubi
985 1017 1138 1044 verum
1178 1004 1222 1044 in
1263 1018 1342 1044 suo
1383 1003 1543 1044 ultimo
1582 1010 1652 1044 est
1673 1017 1682 1054 ;
1729 1017 1807 1057 per

322 1063 552 1116 “aquam’'
566 1063 842 1117 significatur
855 1079 1009 1106 verum
1027 1080 1086 1107 ex
1105 1067 1275 1119 origine
1290 1066 1507 1120 spirituali
1525 1081 1534 1117 ;
1561 1080 1639 1120 per
1656 1067 1806 1107 “mori

319 1126 423 1167 siti’‘
441 1126 718 1179 significatur
735 1127 958 1170 desolatio
977 1129 1034 1169 ob
1052 1124 1274 1170 dese6³cum
1297 1129 1413 1170 illius
1430 1130 1522 1170 veri
1539 1143 1548 1180 ;
1581 1143 1659 1183 per
1678 1133 1703 1150 “
1716 1129 1804 1183 pis·

319 1203 394 1230 ces
421 1189 642 1230 marium'’
668 1190 978 1243 significantur
1003 1192 1076 1245 qui
1107 1193 1151 1232 in
1183 1192 1351 1233 ultimis
1377 1193 1468 1233 veri
1500 1199 1619 1241 sunt,
1648 1192 1805 1245 quibus

319 1266 409 1293 non
435 1252 583 1306 aliqua
608 1253 703 1293 vita
734 1267 794 1294 ex
826 1254 999 1307 origine
1025 1254 1257 1307 spirituali.
1318 1254 1488 1312 Similia
1518 1269 1597 1308 per
1623 1255 1805 1308 “pisces

318 1316 505 1356 marium
518 1315 537 1330 ''
563 1315 872 1369 significantur
897 1317 1015 1370 apud
1039 1316 1321 1367 Ezechiblem,

387 1404 463 1436 “In
483 1405 558 1436 zelo
578 1415 669 1442 meo
692 1405 728 1436 in
748 1405 830 1446 igne
850 1406 1106 1446 indignationis
1127 1417 1227 1438 meae
1246 1407 1371 1448 loquar
1374 1431 1466 1444 .....
1473 1413 1512 1438 ut
1530 1407 1804 1438 contremiscant

492 1458 611 1479 coram
634 1448 692 1480 Me
713 1450 826 1489 pisces
847 1450 967 1487 maris,
990 1456 1025 1481 et
1043 1450 1120 1481 avis
1140 1450 1330 1488 caelorum,
1353 1456 1387 1482 et
1406 1451 1520 1481 bestia
1538 1450 1625 1493 agri,
1645 1456 1680 1482 et
1699 1460 1805 1482 omne

491 1492 614 1532 reptile
632 1502 759 1533 repens
777 1502 882 1533 super
899 1492 1020 1524 terra’'
1037 1493 1195 1533 (xxxviii
1211 1502 1261 1534 19,
1277 1493 1350 1534 20):

320 1566 439 1620 apud
463 1566 724 1617 Hosclceam,

385 1642 700 1682 “Latrocinantur,
728 1650 763 1675 et
789 1644 982 1684 sanguines
1009 1645 1201 1685 sanguines
1226 1645 1426 1685 attingunt;
1459 1651 1648 1685 propterea
1672 1645 1805 1685 lugebit
1847 1663 1850 1665 >

489 1692 593 1725 terra,
613 1692 648 1718 et
664 1688 890 1719 contabescet
909 1687 1025 1719 omnis
1045 1688 1210 1719 habitans
1228 1689 1263 1719 in
1283 1698 1336 1726 ea,
1357 1689 1473 1729 quoad
1493 1689 1643 1720 bestiam
1661 1689 1748 1729 agri,
1769 1695 1804 1720 et

490 1730 605 1772 quoad
618 1740 721 1762 avem
735 1731 924 1767 caelorum.
941 1731 1117 1772 etiamque
1130 1732 1244 1772 pisces
1258 1732 1364 1763 maris
1379 1731 1589 1772 colligentur
1599 1731 1617 1744 ''
1631 1731 1690 1772 (iv.
1706 1740 1735 1769 2,
1751 1732 1802 1772 3):

316 1812 363 1847 et
390 1807 507 1860 apud
532 1807 823 1860 Zephaniam,

384 1882 671 1914 “Consumendo
685 1893 893 1914 consumam
907 1883 1030 1915 omnia
1039 1884 1193 1924 desuper
1205 1883 1362 1916 faciebus
1376 1890 1489 1916 terrae
1494 1909 1585 1923 .....
1593 1894 1801 1916 consumam

489 1926 669 2010 Ξιοῐηίῃῗῐῐι
690 1933 725 1958 et
744 1927 906 1965 bestiam,
926 1937 1134 1959 consumam
1152 1937 1254 1959 avem
1272 1927 1460 1966 caelorum,
1480 1933 1515 1959 et
1534 1928 1648 1969 pisces
1666 1928 1792 1960 maris'

503 1979 513 2001 1
540 1978 559 2001 2
585 1978 604 2009 3

315 2067 394 2108 per
413 2053 680 2095 “hominem
702 2061 748 2096 et
771 2055 1004 2104 bestiam,”
1022 2069 1122 2097 cum
1145 2069 1232 2096 una
1254 2056 1474 2105 dicuntur,
1494 2055 1803 2109 significantur

315 2114 577 2156 affeetiones
603 2115 710 2156 boni
740 2116 979 2157 interiores
1005 2122 1051 2157 et
1077 2117 1331 2157 exteriores
1354 2127 1512 2166 (videatur
1525 2137 1556 2158 n.
1574 2126 1802 2166 [217424‚7523,

313 2186 407 2223 7872)
426 2189 434 2224 ;
466 2181 512 2215 et
535 2189 614 2228 per
638 2178 784 2215 “aves
807 2176 1038 2217 caelorum
1061 2182 1107 2217 et
1132 2177 1279 2229 pisces
1301 2176 1467 2217 maris''
1489 2176 1802 2229 significantur

311 2234 572 2277 ‘affectiones
593 2237 685 2276 veri
711 2242 756 2277 et
780 2238 1085 2289 cogitationes
1108 2237 1361 2290 spirituales
1384 2244 1429 2278 et
1453 2237 1696 2286 naturales,
1721 2238 1800 2279 sed

313 2299 358 2340 in
380 2298 530 2339 allatis
553 2298 662 2340 locis
685 2299 804 2353 quod
826 2301 1048 2353 periturae
1071 2301 1174 2341 sint.
1236 2299 1370 2353 Quod
1392 2301 1583 2341 “mare”
1600 2307 1647 2342 et
1673 2301 1800 2354 “pis-

313 2361 420 2402 ces”
438 2360 547 2402 talia
565 2361 819 2414 significent
843 2368 912 2403 est
932 2376 994 2403 ex
1012 2364 1277 2416 apparentia
1298 2364 1341 2403 in
1365 2362 1582 2416 spirituali
1605 2363 1772 2404 mundo
1790 2378 1798 2404 :

314 2437 471 2465 omnes
498 2425 742 2465 societates
769 2439 881 2478 quae
912 2425 971 2466 ibi
1003 2432 1121 2474 sunt,
1150 2432 1370 2479 apparent
1397 2426 1701 2467 circumdatae
1729 2433 1799 2468 at-

313 2487 582 2541 mosphaera
612 2488 997 2541 correspondente
1028 2486 1336 2529 affeffionibus
1367 2494 1413 2530 et
1446 2489 1800 2541 cogitationibus

312 2563 492 2601 eorum;
525 2550 629 2591 illae
655 2564 768 2604 quae
799 2551 843 2590 in
870 2551 1007 2591 tertio
1033 2550 1161 2592 caelo
1187 2558 1305 2600 sunt,
1334 2557 1553 2604 apparent
1580 2551 1624 2591 in
1649 2557 1798 2592 atmo-

312 2612 504 2666 sphaera
535 2627 643 2666 pura
674 2614 789 2653 sicut
819 2613 1058 2664 aetherea;
1092 2613 1196 2654 illae
1222 2628 1335 2668 quae
1366 2615 1410 2654 in
1441 2614 1640 2654 secundo
1672 2613 1799 2655 caelo

311 2681 431 2724 sunt,
459 2682 679 2729 apparent
711 2676 755 2716 in
787 2676 1108 2729 atmosphaera
1140 2677 1285 2716 minus
1317 2690 1438 2730 pura,
1467 2676 1609 2730 qualis
1640 2690 1796 2727 aerea;

311 2739 556 2779 societates
574 2744 726 2778 autem
745 2752 858 2791 quae
876 2739 919 2778 in
938 2738 1097 2780 ultimo
1115 2738 1227 2780 caeli
1247 2745 1351 2780 sunt
1371 2745 1590 2792 apparent
1609 2739 1797 2779 circum-

311 2800 447 2842 datae
469 2801 790 2854 atmosphaera
812 2802 926 2842 sicut
949 2815 1116 2855 aquea:
1150 2807 1198 2843 at
1224 2801 1287 2842 illi
1309 2802 1383 2855 qui
1408 2802 1452 2842 in
1474 2801 1654 2842 infernis
1676 2809 1795 2849 sunt,

310 2870 530 2917 apparent
545 2864 809 2904 circumdati
824 2865 985 2905 crassis
1000 2871 1046 2905 et
1061 2865 1242 2918 impuris
1257 2864 1602 2917 atmosphaeris‚
1616 2865 1796 2918 quidam

309 2926 425 2967 sicut
450 2926 495 2966 in
521 2927 658 2980 nigris
685 2927 823 2980 aquis,
848 2933 894 2967 et
921 2927 995 2968 alii
1019 2927 1174 2968 aliter:
1209 2933 1313 2968 sunt
1336 2925 1594 2968 affectiones
1619 2933 1666 2968 et
1692 2927 1795 2968 inde

310 2990 614 3043 cogitationes
640 3003 753 3043 quae
784 2989 1038 3043 producunt
1069 2989 1146 3031 illa
1177 2991 1342 3031 circum
1369 3003 1472 3041 eos3
1505 2989 1562 3030 ab
1588 2989 1792 3030 omnibus
