<?xml version="1.0" encoding="UTF-8"?>
<!DOCTYPE html PUBLIC "-//W3C//DTD XHTML 1.0 Transitional//EN"
    "http://www.w3.org/TR/xhtml1/DTD/xhtml1-transitional.dtd">
<html xmlns="http://www.w3.org/1999/xhtml" xml:lang="en" lang="en">
 <head>
  <title>
</title>
<meta http-equiv="Content-Type" content="text/html;charset=utf-8" />
  <meta name='ocr-system' content='tesseract 3.04.00' />
  <meta name='ocr-capabilities' content='ocr_page ocr_carea ocr_par ocr_line ocrx_word'/>
</head>
<body>
  <div class='ocr_page' id='page_1' title='image "apocalypsisexpli01sweduoft_0479.png"; bbox 0 0 2060 3476; ppageno 0'>
   <div class='ocr_carea' id='block_1_1' title="bbox 689 324 1846 380">
    <p class='ocr_par' dir='ltr' id='par_1_1' title="bbox 689 324 1846 380">
     <span class='ocr_line' id='line_1_1' title="bbox 689 324 1846 380; baseline 0 -11"><span class='ocrx_word' id='word_1_1' title='bbox 689 328 796 370; x_wconf 81' lang='lat' dir='ltr'>cAP.</span> <span class='ocrx_word' id='word_1_2' title='bbox 819 335 898 378; x_wconf 90' lang='lat' dir='ltr'>1v.,</span> <span class='ocrx_word' id='word_1_3' title='bbox 922 334 1061 368; x_wconf 81' lang='lat' dir='ltr'>VERs.</span> <span class='ocrx_word' id='word_1_4' title='bbox 1086 327 1232 368; x_wconf 90' lang='lat' dir='ltr'>8.—N.</span> <span class='ocrx_word' id='word_1_5' title='bbox 1257 324 1425 380; x_wconf 88' lang='lat' dir='ltr'>283[a].</span> <span class='ocrx_word' id='word_1_6' title='bbox 1715 334 1800 379; x_wconf 85' lang='lat'>473</span> <span class='ocrx_word' id='word_1_7' title='bbox 1837 367 1846 376; x_wconf 87' lang='grc'><strong>,</strong></span> 
     </span>
    </p>
   </div>
   <div class='ocr_carea' id='block_1_2' title="bbox 297 445 1803 2724">
    <p class='ocr_par' dir='ltr' id='par_1_2' title="bbox 297 445 1803 2724">
     <span class='ocr_line' id='line_1_2' title="bbox 303 445 1800 503; baseline -0.003 -13"><span class='ocrx_word' id='word_1_8' title='bbox 303 448 515 490; x_wconf 87' lang='lat' dir='ltr'>Divinum</span> <span class='ocrx_word' id='word_1_9' title='bbox 549 449 762 498; x_wconf 89' lang='lat' dir='ltr'>caeleste,</span> <span class='ocrx_word' id='word_1_10' title='bbox 795 454 842 490; x_wconf 92' lang='lat' dir='ltr'>et</span> <span class='ocrx_word' id='word_1_11' title='bbox 879 447 1029 503; x_wconf 92' lang='lat' dir='ltr'>quoad</span> <span class='ocrx_word' id='word_1_12' title='bbox 1065 447 1161 489; x_wconf 86' lang='lat' dir='ltr'>alas</span> <span class='ocrx_word' id='word_1_13' title='bbox 1202 447 1415 488; x_wconf 90' lang='lat' dir='ltr'>Divinum</span> <span class='ocrx_word' id='word_1_14' title='bbox 1447 445 1692 500; x_wconf 82' lang='lat' dir='ltr'>spirituale,</span> <span class='ocrx_word' id='word_1_15' title='bbox 1731 453 1800 487; x_wconf 90' lang='lat' dir='ltr'>est</span> 
     </span>
     <span class='ocr_line' id='line_1_3' title="bbox 301 509 1800 566; baseline -0.002 -13"><span class='ocrx_word' id='word_1_16' title='bbox 301 525 451 562; x_wconf 88' lang='lat' dir='ltr'>causa,</span> <span class='ocrx_word' id='word_1_17' title='bbox 470 513 573 566; x_wconf 90' lang='lat' dir='ltr'>quia</span> <span class='ocrx_word' id='word_1_18' title='bbox 595 513 746 554; x_wconf 87' lang='lat' dir='ltr'>omnia</span> <span class='ocrx_word' id='word_1_19' title='bbox 761 526 841 566; x_wconf 92' lang='lat' dir='ltr'>per</span> <span class='ocrx_word' id='word_1_20' title='bbox 857 525 972 566; x_wconf 92' lang='lat' dir='ltr'>quae</span> <span class='ocrx_word' id='word_1_21' title='bbox 989 516 1389 565; x_wconf 84' lang='lat' dir='ltr'>repraesentantur</span> <span class='ocrx_word' id='word_1_22' title='bbox 1405 510 1635 559; x_wconf 91' lang='lat' dir='ltr'>caelestia,</span> <span class='ocrx_word' id='word_1_23' title='bbox 1652 509 1800 563; x_wconf 91' lang='lat' dir='ltr'>quoad</span> 
     </span>
     <span class='ocr_line' id='line_1_4' title="bbox 302 573 1800 631; baseline -0.002 -14"><span class='ocrx_word' id='word_1_24' title='bbox 302 576 399 629; x_wconf 87' lang='lat' dir='ltr'>ipsa</span> <span class='ocrx_word' id='word_1_25' title='bbox 425 590 614 630; x_wconf 88' lang='lat' dir='ltr'>corpora</span> <span class='ocrx_word' id='word_1_26' title='bbox 639 576 894 631; x_wconf 90' lang='lat' dir='ltr'>significent</span> <span class='ocrx_word' id='word_1_27' title='bbox 921 574 1195 623; x_wconf 84' lang='lat' dir='ltr'>essentialia,</span> <span class='ocrx_word' id='word_1_28' title='bbox 1223 581 1270 615; x_wconf 87' lang='lat' dir='ltr'>et</span> <span class='ocrx_word' id='word_1_29' title='bbox 1296 574 1445 628; x_wconf 91' lang='lat' dir='ltr'>quoad</span> <span class='ocrx_word' id='word_1_30' title='bbox 1471 573 1549 614; x_wconf 91' lang='lat' dir='ltr'>illa</span> <span class='ocrx_word' id='word_1_31' title='bbox 1575 586 1690 627; x_wconf 90' lang='lat' dir='ltr'>quae</span> <span class='ocrx_word' id='word_1_32' title='bbox 1716 574 1800 614; x_wconf 87' lang='lat' dir='ltr'>cir-</span> 
     </span>
     <span class='ocr_line' id='line_1_5' title="bbox 303 637 1800 695; baseline -0.002 -15"><span class='ocrx_word' id='word_1_33' title='bbox 303 653 404 680; x_wconf 92' lang='lat' dir='ltr'>cum</span> <span class='ocrx_word' id='word_1_34' title='bbox 436 646 556 689; x_wconf 90' lang='lat' dir='ltr'>sunt,</span> <span class='ocrx_word' id='word_1_35' title='bbox 589 639 845 695; x_wconf 88' lang='lat' dir='ltr'>significent</span> <span class='ocrx_word' id='word_1_36' title='bbox 875 638 1093 681; x_wconf 87' lang='lat' dir='ltr'>formalia.</span> <span class='ocrx_word' id='word_1_37' title='bbox 1155 638 1228 679; x_wconf 93' lang='lat' dir='ltr'>Ita</span> <span class='ocrx_word' id='word_1_38' title='bbox 1264 652 1443 692; x_wconf 88' lang='lat' dir='ltr'>quoque</span> <span class='ocrx_word' id='word_1_39' title='bbox 1475 637 1614 678; x_wconf 89' lang='lat' dir='ltr'>homo</span> <span class='ocrx_word' id='word_1_40' title='bbox 1651 637 1800 691; x_wconf 92' lang='lat' dir='ltr'>quoad</span> 
     </span>
     <span class='ocr_line' id='line_1_6' title="bbox 303 700 1801 756; baseline -0.001 -13"><span class='ocrx_word' id='word_1_41' title='bbox 303 715 464 756; x_wconf 90' lang='lat' dir='ltr'>corpus</span> <span class='ocrx_word' id='word_1_42' title='bbox 497 703 721 755; x_wconf 86' lang='lat' dir='ltr'>significat</span> <span class='ocrx_word' id='word_1_43' title='bbox 758 703 927 743; x_wconf 88' lang='lat' dir='ltr'>bonum</span> <span class='ocrx_word' id='word_1_44' title='bbox 964 703 1008 743; x_wconf 90' lang='lat' dir='ltr'>in</span> <span class='ocrx_word' id='word_1_45' title='bbox 1046 702 1246 743; x_wconf 87' lang='lat' dir='ltr'>essentia</span> <span class='ocrx_word' id='word_1_46' title='bbox 1265 715 1275 752; x_wconf 91' lang='lat'>;</span> <span class='ocrx_word' id='word_1_47' title='bbox 1317 707 1364 742; x_wconf 88' lang='lat' dir='ltr'>et</span> <span class='ocrx_word' id='word_1_48' title='bbox 1396 700 1546 755; x_wconf 90' lang='lat' dir='ltr'>quoad</span> <span class='ocrx_word' id='word_1_49' title='bbox 1577 700 1655 741; x_wconf 93' lang='lat' dir='ltr'>illa</span> <span class='ocrx_word' id='word_1_50' title='bbox 1686 715 1801 755; x_wconf 91' lang='lat' dir='ltr'>quae</span> 
     </span>
     <span class='ocr_line' id='line_1_7' title="bbox 302 764 1801 820; baseline -0.001 -14"><span class='ocrx_word' id='word_1_51' title='bbox 302 766 521 816; x_wconf 89' lang='lat' dir='ltr'>ambiunt,</span> <span class='ocrx_word' id='word_1_52' title='bbox 550 767 718 808; x_wconf 91' lang='lat' dir='ltr'>bonum</span> <span class='ocrx_word' id='word_1_53' title='bbox 744 767 789 808; x_wconf 90' lang='lat' dir='ltr'>in</span> <span class='ocrx_word' id='word_1_54' title='bbox 814 766 969 808; x_wconf 89' lang='lat' dir='ltr'>forma.</span> <span class='ocrx_word' id='word_1_55' title='bbox 1031 765 1208 807; x_wconf 91' lang='lat' dir='ltr'>Bonum</span> <span class='ocrx_word' id='word_1_56' title='bbox 1234 764 1434 806; x_wconf 89' lang='lat' dir='ltr'>caeleste</span> <span class='ocrx_word' id='word_1_57' title='bbox 1460 771 1530 820; x_wconf 88' lang='lat' dir='ltr'>est</span> <span class='ocrx_word' id='word_1_58' title='bbox 1562 764 1731 806; x_wconf 90' lang='lat' dir='ltr'>bonum</span> <span class='ocrx_word' id='word_1_59' title='bbox 1757 765 1801 805; x_wconf 91' lang='lat' dir='ltr'>in</span> 
     </span>
     <span class='ocr_line' id='line_1_8' title="bbox 304 827 1800 884; baseline -0.001 -15"><span class='ocrx_word' id='word_1_60' title='bbox 304 830 516 879; x_wconf 87' lang='lat' dir='ltr'>essentia,</span> <span class='ocrx_word' id='word_1_61' title='bbox 544 836 591 872; x_wconf 90' lang='lat' dir='ltr'>et</span> <span class='ocrx_word' id='word_1_62' title='bbox 617 831 785 872; x_wconf 91' lang='lat' dir='ltr'>bonum</span> <span class='ocrx_word' id='word_1_63' title='bbox 811 828 1044 884; x_wconf 86' lang='lat' dir='ltr'>spirituale</span> <span class='ocrx_word' id='word_1_64' title='bbox 1070 835 1140 870; x_wconf 90' lang='lat' dir='ltr'>est</span> <span class='ocrx_word' id='word_1_65' title='bbox 1172 829 1342 870; x_wconf 88' lang='lat' dir='ltr'>bonum</span> <span class='ocrx_word' id='word_1_66' title='bbox 1369 828 1414 868; x_wconf 92' lang='lat' dir='ltr'>in</span> <span class='ocrx_word' id='word_1_67' title='bbox 1436 827 1608 879; x_wconf 89' lang='lat' dir='ltr'>forma;</span> <span class='ocrx_word' id='word_1_68' title='bbox 1636 834 1682 869; x_wconf 91' lang='lat' dir='ltr'>et</span> <span class='ocrx_word' id='word_1_69' title='bbox 1714 828 1800 868; x_wconf 92' lang='lat' dir='ltr'>hoc</span> 
     </span>
     <span class='ocr_line' id='line_1_9' title="bbox 303 892 1802 947; baseline 0 -15"><span class='ocrx_word' id='word_1_70' title='bbox 303 906 363 932; x_wconf 86' lang='lat' dir='ltr'>ex</span> <span class='ocrx_word' id='word_1_71' title='bbox 389 905 538 942; x_wconf 91' lang='lat' dir='ltr'>causa,</span> <span class='ocrx_word' id='word_1_72' title='bbox 566 894 668 947; x_wconf 92' lang='lat' dir='ltr'>quia</span> <span class='ocrx_word' id='word_1_73' title='bbox 694 893 921 942; x_wconf 88' lang='lat' dir='ltr'>voluntas,</span> <span class='ocrx_word' id='word_1_74' title='bbox 948 893 1021 934; x_wconf 89' lang='lat' dir='ltr'>ubi</span> <span class='ocrx_word' id='word_1_75' title='bbox 1043 892 1211 934; x_wconf 89' lang='lat' dir='ltr'>residet</span> <span class='ocrx_word' id='word_1_76' title='bbox 1237 892 1421 940; x_wconf 89' lang='lat' dir='ltr'>bonum,</span> <span class='ocrx_word' id='word_1_77' title='bbox 1446 898 1517 932; x_wconf 92' lang='lat' dir='ltr'>est</span> <span class='ocrx_word' id='word_1_78' title='bbox 1543 892 1638 945; x_wconf 90' lang='lat' dir='ltr'>ipse</span> <span class='ocrx_word' id='word_1_79' title='bbox 1664 892 1802 932; x_wconf 92' lang='lat' dir='ltr'>homo</span> 
     </span>
     <span class='ocr_line' id='line_1_10' title="bbox 302 954 1802 1009; baseline 0.001 -14"><span class='ocrx_word' id='word_1_80' title='bbox 302 968 381 996; x_wconf 89' lang='lat' dir='ltr'>seu</span> <span class='ocrx_word' id='word_1_81' title='bbox 406 955 544 998; x_wconf 87' lang='lat' dir='ltr'>homo</span> <span class='ocrx_word' id='word_1_82' title='bbox 575 957 620 997; x_wconf 93' lang='lat' dir='ltr'>in</span> <span class='ocrx_word' id='word_1_83' title='bbox 652 957 864 1006; x_wconf 86' lang='lat' dir='ltr'>essentia,</span> <span class='ocrx_word' id='word_1_84' title='bbox 897 969 949 997; x_wconf 92' lang='lat' dir='ltr'>ac</span> <span class='ocrx_word' id='word_1_85' title='bbox 981 954 1242 998; x_wconf 67' lang='lat' dir='ltr'>intelle&amp;us</span> <span class='ocrx_word' id='word_1_86' title='bbox 1273 955 1347 996; x_wconf 91' lang='lat' dir='ltr'>ubi</span> <span class='ocrx_word' id='word_1_87' title='bbox 1384 961 1454 996; x_wconf 91' lang='lat' dir='ltr'>est</span> <span class='ocrx_word' id='word_1_88' title='bbox 1479 969 1648 1004; x_wconf 91' lang='lat' dir='ltr'>verum,</span> <span class='ocrx_word' id='word_1_89' title='bbox 1682 956 1802 1009; x_wconf 92' lang='lat' dir='ltr'>quod</span> 
     </span>
     <span class='ocr_line' id='line_1_11' title="bbox 303 1017 1801 1070; baseline 0 -11"><span class='ocrx_word' id='word_1_90' title='bbox 303 1025 374 1059; x_wconf 87' lang='lat' dir='ltr'>est</span> <span class='ocrx_word' id='word_1_91' title='bbox 406 1019 549 1060; x_wconf 85' lang='lat' dir='ltr'>forma</span> <span class='ocrx_word' id='word_1_92' title='bbox 580 1019 700 1069; x_wconf 91' lang='lat' dir='ltr'>boni,</span> <span class='ocrx_word' id='word_1_93' title='bbox 730 1026 800 1061; x_wconf 91' lang='lat' dir='ltr'>est</span> <span class='ocrx_word' id='word_1_94' title='bbox 832 1019 970 1061; x_wconf 89' lang='lat' dir='ltr'>homo</span> <span class='ocrx_word' id='word_1_95' title='bbox 1002 1017 1122 1068; x_wconf 90' lang='lat' dir='ltr'>inde,</span> <span class='ocrx_word' id='word_1_96' title='bbox 1155 1020 1219 1060; x_wconf 88' lang='lat' dir='ltr'>ita</span> <span class='ocrx_word' id='word_1_97' title='bbox 1254 1019 1392 1059; x_wconf 91' lang='lat' dir='ltr'>homo</span> <span class='ocrx_word' id='word_1_98' title='bbox 1423 1019 1467 1059; x_wconf 91' lang='lat' dir='ltr'>in</span> <span class='ocrx_word' id='word_1_99' title='bbox 1499 1018 1673 1070; x_wconf 89' lang='lat' dir='ltr'>forma;</span> <span class='ocrx_word' id='word_1_100' title='bbox 1715 1019 1801 1060; x_wconf 92' lang='lat' dir='ltr'>hoc</span> 
     </span>
     <span class='ocr_line' id='line_1_12' title="bbox 302 1081 1803 1137; baseline 0.002 -15"><span class='ocrx_word' id='word_1_101' title='bbox 302 1082 472 1123; x_wconf 89' lang='lat' dir='ltr'>bonurn</span> <span class='ocrx_word' id='word_1_102' title='bbox 499 1083 638 1124; x_wconf 90' lang='lat' dir='ltr'>etiarn</span> <span class='ocrx_word' id='word_1_103' title='bbox 665 1083 831 1124; x_wconf 91' lang='lat' dir='ltr'>circum</span> <span class='ocrx_word' id='word_1_104' title='bbox 862 1082 973 1124; x_wconf 92' lang='lat' dir='ltr'>illud</span> <span class='ocrx_word' id='word_1_105' title='bbox 1005 1089 1089 1124; x_wconf 92' lang='lat' dir='ltr'>est.</span> <span class='ocrx_word' id='word_1_106' title='bbox 1151 1081 1241 1124; x_wconf 85' lang='lat' dir='ltr'>Sed</span> <span class='ocrx_word' id='word_1_107' title='bbox 1273 1082 1464 1136; x_wconf 89' lang='lat' dir='ltr'>primum</span> <span class='ocrx_word' id='word_1_108' title='bbox 1496 1082 1671 1124; x_wconf 91' lang='lat' dir='ltr'>dicetur</span> <span class='ocrx_word' id='word_1_109' title='bbox 1697 1082 1803 1137; x_wconf 91' lang='lat' dir='ltr'>quid</span> 
     </span>
     <span class='ocr_line' id='line_1_13' title="bbox 303 1145 1802 1200; baseline 0.001 -14"><span class='ocrx_word' id='word_1_110' title='bbox 303 1146 360 1187; x_wconf 91' lang='lat' dir='ltr'>sit</span> <span class='ocrx_word' id='word_1_111' title='bbox 397 1145 611 1187; x_wconf 91' lang='lat' dir='ltr'>Divinum</span> <span class='ocrx_word' id='word_1_112' title='bbox 649 1146 862 1196; x_wconf 89' lang='lat' dir='ltr'>caeleste,</span> <span class='ocrx_word' id='word_1_113' title='bbox 896 1153 942 1188; x_wconf 91' lang='lat' dir='ltr'>et</span> <span class='ocrx_word' id='word_1_114' title='bbox 979 1147 1084 1200; x_wconf 92' lang='lat' dir='ltr'>quid</span> <span class='ocrx_word' id='word_1_115' title='bbox 1122 1147 1335 1187; x_wconf 88' lang='lat' dir='ltr'>Divinum</span> <span class='ocrx_word' id='word_1_116' title='bbox 1366 1146 1611 1200; x_wconf 90' lang='lat' dir='ltr'>spirituale.</span> <span class='ocrx_word' id='word_1_117' title='bbox 1687 1146 1802 1188; x_wconf 86' lang='lat' dir='ltr'>Sunt</span> 
     </span>
     <span class='ocr_line' id='line_1_14' title="bbox 303 1207 1802 1263; baseline 0.001 -14"><span class='ocrx_word' id='word_1_118' title='bbox 303 1208 416 1249; x_wconf 91' lang='lat' dir='ltr'>caeli</span> <span class='ocrx_word' id='word_1_119' title='bbox 442 1207 642 1250; x_wconf 69' lang='lat' dir='ltr'>distinffl</span> <span class='ocrx_word' id='word_1_120' title='bbox 667 1210 710 1250; x_wconf 93' lang='lat' dir='ltr'>in</span> <span class='ocrx_word' id='word_1_121' title='bbox 734 1209 822 1250; x_wconf 93' lang='lat' dir='ltr'>duo</span> <span class='ocrx_word' id='word_1_122' title='bbox 847 1223 1003 1263; x_wconf 87' lang='lat' dir='ltr'>regna,</span> <span class='ocrx_word' id='word_1_123' title='bbox 1027 1222 1215 1263; x_wconf 90' lang='lat' dir='ltr'>quorum</span> <span class='ocrx_word' id='word_1_124' title='bbox 1241 1222 1377 1250; x_wconf 89' lang='lat' dir='ltr'>unum</span> <span class='ocrx_word' id='word_1_125' title='bbox 1399 1216 1588 1251; x_wconf 90' lang='lat' dir='ltr'>vocatur</span> <span class='ocrx_word' id='word_1_126' title='bbox 1613 1223 1802 1263; x_wconf 89' lang='lat' dir='ltr'>regnum</span> 
     </span>
     <span class='ocr_line' id='line_1_15' title="bbox 303 1271 1802 1326; baseline 0.003 -14"><span class='ocrx_word' id='word_1_127' title='bbox 303 1271 515 1321; x_wconf 89' lang='lat' dir='ltr'>caeleste,</span> <span class='ocrx_word' id='word_1_128' title='bbox 548 1272 741 1314; x_wconf 89' lang='lat' dir='ltr'>alterum</span> <span class='ocrx_word' id='word_1_129' title='bbox 772 1285 962 1326; x_wconf 89' lang='lat' dir='ltr'>regnum</span> <span class='ocrx_word' id='word_1_130' title='bbox 993 1272 1250 1326; x_wconf 89' lang='lat' dir='ltr'>spirituale;</span> <span class='ocrx_word' id='word_1_131' title='bbox 1288 1272 1626 1326; x_wconf 88' lang='lat' dir='ltr'>distinguuntur</span> <span class='ocrx_word' id='word_1_132' title='bbox 1655 1275 1700 1314; x_wconf 93' lang='lat' dir='ltr'>in</span> <span class='ocrx_word' id='word_1_133' title='bbox 1732 1288 1802 1322; x_wconf 93' lang='lat' dir='ltr'>eo,</span> 
     </span>
     <span class='ocr_line' id='line_1_16' title="bbox 302 1335 1803 1390; baseline 0.001 -14"><span class='ocrx_word' id='word_1_134' title='bbox 302 1336 423 1390; x_wconf 91' lang='lat' dir='ltr'>quod</span> <span class='ocrx_word' id='word_1_135' title='bbox 459 1335 522 1376; x_wconf 92' lang='lat' dir='ltr'>illi</span> <span class='ocrx_word' id='word_1_136' title='bbox 560 1337 633 1390; x_wconf 91' lang='lat' dir='ltr'>qui</span> <span class='ocrx_word' id='word_1_137' title='bbox 672 1337 716 1377; x_wconf 92' lang='lat' dir='ltr'>in</span> <span class='ocrx_word' id='word_1_138' title='bbox 753 1350 896 1390; x_wconf 88' lang='lat' dir='ltr'>regno</span> <span class='ocrx_word' id='word_1_139' title='bbox 934 1336 1121 1378; x_wconf 90' lang='lat' dir='ltr'>caelesti</span> <span class='ocrx_word' id='word_1_140' title='bbox 1157 1343 1276 1384; x_wconf 91' lang='lat' dir='ltr'>sunt,</span> <span class='ocrx_word' id='word_1_141' title='bbox 1315 1337 1359 1376; x_wconf 93' lang='lat' dir='ltr'>in</span> <span class='ocrx_word' id='word_1_142' title='bbox 1399 1337 1521 1378; x_wconf 94' lang='lat' dir='ltr'>bono</span> <span class='ocrx_word' id='word_1_143' title='bbox 1558 1338 1721 1378; x_wconf 89' lang='lat' dir='ltr'>amoris</span> <span class='ocrx_word' id='word_1_144' title='bbox 1758 1339 1803 1379; x_wconf 92' lang='lat' dir='ltr'>in</span> 
     </span>
     <span class='ocr_line' id='line_1_17' title="bbox 302 1397 1802 1454; baseline 0.001 -14"><span class='ocrx_word' id='word_1_145' title='bbox 302 1397 547 1441; x_wconf 88' lang='lat' dir='ltr'>Dominum</span> <span class='ocrx_word' id='word_1_146' title='bbox 571 1400 675 1449; x_wconf 90' lang='lat' dir='ltr'>sint,</span> <span class='ocrx_word' id='word_1_147' title='bbox 699 1406 746 1441; x_wconf 90' lang='lat' dir='ltr'>et</span> <span class='ocrx_word' id='word_1_148' title='bbox 771 1399 835 1440; x_wconf 91' lang='lat' dir='ltr'>illi</span> <span class='ocrx_word' id='word_1_149' title='bbox 857 1399 931 1454; x_wconf 90' lang='lat' dir='ltr'>qui</span> <span class='ocrx_word' id='word_1_150' title='bbox 956 1401 1000 1441; x_wconf 92' lang='lat' dir='ltr'>in</span> <span class='ocrx_word' id='word_1_151' title='bbox 1023 1413 1165 1453; x_wconf 89' lang='lat' dir='ltr'>regno</span> <span class='ocrx_word' id='word_1_152' title='bbox 1187 1400 1419 1454; x_wconf 86' lang='lat' dir='ltr'>spirituali,</span> <span class='ocrx_word' id='word_1_153' title='bbox 1443 1401 1486 1440; x_wconf 92' lang='lat' dir='ltr'>in</span> <span class='ocrx_word' id='word_1_154' title='bbox 1513 1400 1634 1441; x_wconf 92' lang='lat' dir='ltr'>bono</span> <span class='ocrx_word' id='word_1_155' title='bbox 1657 1400 1802 1442; x_wconf 91' lang='lat' dir='ltr'>chari—</span> 
     </span>
     <span class='ocr_line' id='line_1_18' title="bbox 302 1462 1802 1516; baseline 0.002 -14"><span class='ocrx_word' id='word_1_156' title='bbox 302 1463 411 1503; x_wconf 91' lang='lat' dir='ltr'>tatis</span> <span class='ocrx_word' id='word_1_157' title='bbox 437 1476 546 1516; x_wconf 86' lang='lat' dir='ltr'>erga</span> <span class='ocrx_word' id='word_1_158' title='bbox 571 1463 826 1516; x_wconf 90' lang='lat' dir='ltr'>proximum</span> <span class='ocrx_word' id='word_1_159' title='bbox 852 1465 956 1505; x_wconf 91' lang='lat' dir='ltr'>sint.</span> <span class='ocrx_word' id='word_1_160' title='bbox 1017 1463 1130 1505; x_wconf 92' lang='lat' dir='ltr'>Inde</span> <span class='ocrx_word' id='word_1_161' title='bbox 1162 1462 1374 1505; x_wconf 90' lang='lat' dir='ltr'>Divinum</span> <span class='ocrx_word' id='word_1_162' title='bbox 1401 1463 1599 1505; x_wconf 89' lang='lat' dir='ltr'>caeleste</span> <span class='ocrx_word' id='word_1_163' title='bbox 1625 1471 1695 1506; x_wconf 91' lang='lat' dir='ltr'>est</span> <span class='ocrx_word' id='word_1_164' title='bbox 1721 1466 1802 1506; x_wconf 93' lang='lat' dir='ltr'>bo-</span> 
     </span>
     <span class='ocr_line' id='line_1_19' title="bbox 302 1524 1801 1581; baseline 0.002 -14"><span class='ocrx_word' id='word_1_165' title='bbox 302 1539 408 1567; x_wconf 90' lang='lat' dir='ltr'>num</span> <span class='ocrx_word' id='word_1_166' title='bbox 430 1527 594 1567; x_wconf 92' lang='lat' dir='ltr'>amoris</span> <span class='ocrx_word' id='word_1_167' title='bbox 620 1527 664 1567; x_wconf 91' lang='lat' dir='ltr'>in</span> <span class='ocrx_word' id='word_1_168' title='bbox 692 1524 951 1577; x_wconf 85' lang='lat' dir='ltr'>Dominum,</span> <span class='ocrx_word' id='word_1_169' title='bbox 975 1534 1021 1568; x_wconf 91' lang='lat' dir='ltr'>et</span> <span class='ocrx_word' id='word_1_170' title='bbox 1049 1528 1262 1568; x_wconf 90' lang='lat' dir='ltr'>Divinum</span> <span class='ocrx_word' id='word_1_171' title='bbox 1285 1527 1514 1581; x_wconf 86' lang='lat' dir='ltr'>spirituale</span> <span class='ocrx_word' id='word_1_172' title='bbox 1537 1534 1607 1569; x_wconf 89' lang='lat' dir='ltr'>est</span> <span class='ocrx_word' id='word_1_173' title='bbox 1634 1529 1801 1570; x_wconf 90' lang='lat' dir='ltr'>bonum</span> 
     </span>
     <span class='ocr_line' id='line_1_20' title="bbox 301 1590 1803 1644; baseline 0.002 -14"><span class='ocrx_word' id='word_1_174' title='bbox 301 1590 535 1630; x_wconf 88' lang='lat' dir='ltr'>charitatis</span> <span class='ocrx_word' id='word_1_175' title='bbox 549 1604 658 1643; x_wconf 88' lang='lat' dir='ltr'>erga</span> <span class='ocrx_word' id='word_1_176' title='bbox 674 1591 945 1644; x_wconf 86' lang='lat' dir='ltr'>proximum.</span> <span class='ocrx_word' id='word_1_177' title='bbox 995 1590 1253 1632; x_wconf 87' lang='lat' dir='ltr'>Secundum</span> <span class='ocrx_word' id='word_1_178' title='bbox 1271 1592 1382 1632; x_wconf 93' lang='lat' dir='ltr'>haec</span> <span class='ocrx_word' id='word_1_179' title='bbox 1401 1591 1521 1633; x_wconf 91' lang='lat' dir='ltr'>bona</span> <span class='ocrx_word' id='word_1_180' title='bbox 1538 1593 1674 1632; x_wconf 89' lang='lat' dir='ltr'>etiam</span> <span class='ocrx_word' id='word_1_181' title='bbox 1689 1593 1803 1633; x_wconf 90' lang='lat' dir='ltr'>caeli</span> 
     </span>
     <span class='ocr_line' id='line_1_21' title="bbox 301 1653 1802 1708; baseline 0.002 -15"><span class='ocrx_word' id='word_1_182' title='bbox 301 1653 496 1694; x_wconf 91' lang='lat' dir='ltr'>ordinati</span> <span class='ocrx_word' id='word_1_183' title='bbox 522 1660 652 1695; x_wconf 90' lang='lat' dir='ltr'>sunt:</span> <span class='ocrx_word' id='word_1_184' title='bbox 687 1667 943 1708; x_wconf 89' lang='lat' dir='ltr'>supremum</span> <span class='ocrx_word' id='word_1_185' title='bbox 970 1668 1048 1695; x_wconf 91' lang='lat' dir='ltr'>seu</span> <span class='ocrx_word' id='word_1_186' title='bbox 1079 1655 1262 1696; x_wconf 91' lang='lat' dir='ltr'>tertium</span> <span class='ocrx_word' id='word_1_187' title='bbox 1294 1654 1468 1696; x_wconf 90' lang='lat' dir='ltr'>caelum</span> <span class='ocrx_word' id='word_1_188' title='bbox 1501 1657 1710 1697; x_wconf 90' lang='lat' dir='ltr'>consistit</span> <span class='ocrx_word' id='word_1_189' title='bbox 1742 1670 1802 1697; x_wconf 82' lang='lat' dir='ltr'>ex</span> 
     </span>
     <span class='ocr_line' id='line_1_22' title="bbox 300 1714 1801 1769; baseline 0.003 -15"><span class='ocrx_word' id='word_1_190' title='bbox 300 1714 387 1755; x_wconf 89' lang='lat' dir='ltr'>illis</span> <span class='ocrx_word' id='word_1_191' title='bbox 413 1716 487 1769; x_wconf 93' lang='lat' dir='ltr'>qui</span> <span class='ocrx_word' id='word_1_192' title='bbox 517 1716 562 1756; x_wconf 91' lang='lat' dir='ltr'>in</span> <span class='ocrx_word' id='word_1_193' title='bbox 593 1717 714 1758; x_wconf 92' lang='lat' dir='ltr'>bono</span> <span class='ocrx_word' id='word_1_194' title='bbox 740 1717 926 1759; x_wconf 91' lang='lat' dir='ltr'>caelesti</span> <span class='ocrx_word' id='word_1_195' title='bbox 957 1732 1036 1759; x_wconf 92' lang='lat' dir='ltr'>seu</span> <span class='ocrx_word' id='word_1_196' title='bbox 1067 1719 1111 1758; x_wconf 92' lang='lat' dir='ltr'>in</span> <span class='ocrx_word' id='word_1_197' title='bbox 1143 1719 1264 1759; x_wconf 91' lang='lat' dir='ltr'>bono</span> <span class='ocrx_word' id='word_1_198' title='bbox 1289 1717 1453 1759; x_wconf 83' lang='lat' dir='ltr'>amoris</span> <span class='ocrx_word' id='word_1_199' title='bbox 1485 1719 1529 1759; x_wconf 93' lang='lat' dir='ltr'>in</span> <span class='ocrx_word' id='word_1_200' title='bbox 1557 1719 1801 1760; x_wconf 90' lang='lat' dir='ltr'>Dominum</span> 
     </span>
     <span class='ocr_line' id='line_1_23' title="bbox 300 1779 1801 1836; baseline 0.003 -17"><span class='ocrx_word' id='word_1_201' title='bbox 300 1785 419 1828; x_wconf 88' lang='lat' dir='ltr'>sunt,</span> <span class='ocrx_word' id='word_1_202' title='bbox 439 1785 485 1820; x_wconf 89' lang='lat' dir='ltr'>et</span> <span class='ocrx_word' id='word_1_203' title='bbox 508 1779 682 1821; x_wconf 90' lang='lat' dir='ltr'>caelum</span> <span class='ocrx_word' id='word_1_204' title='bbox 700 1780 820 1834; x_wconf 92' lang='lat' dir='ltr'>quod</span> <span class='ocrx_word' id='word_1_205' title='bbox 843 1781 882 1836; x_wconf 84' lang='lat' dir='ltr'>ei</span> <span class='ocrx_word' id='word_1_206' title='bbox 905 1781 1106 1823; x_wconf 88' lang='lat' dir='ltr'>succedit</span> <span class='ocrx_word' id='word_1_207' title='bbox 1128 1788 1175 1823; x_wconf 91' lang='lat' dir='ltr'>et</span> <span class='ocrx_word' id='word_1_208' title='bbox 1192 1788 1381 1822; x_wconf 86' lang='lat' dir='ltr'>vocatur</span> <span class='ocrx_word' id='word_1_209' title='bbox 1405 1782 1579 1823; x_wconf 85' lang='lat' dir='ltr'>caelum</span> <span class='ocrx_word' id='word_1_210' title='bbox 1604 1783 1801 1824; x_wconf 89' lang='lat' dir='ltr'>medium</span> 
     </span>
     <span class='ocr_line' id='line_1_24' title="bbox 299 1843 1800 1899; baseline 0.004 -17"><span class='ocrx_word' id='word_1_211' title='bbox 299 1855 378 1883; x_wconf 92' lang='lat' dir='ltr'>seu</span> <span class='ocrx_word' id='word_1_212' title='bbox 403 1843 651 1884; x_wconf 87' lang='lat' dir='ltr'>secundum</span> <span class='ocrx_word' id='word_1_213' title='bbox 674 1844 883 1885; x_wconf 89' lang='lat' dir='ltr'>consistit</span> <span class='ocrx_word' id='word_1_214' title='bbox 909 1858 968 1885; x_wconf 87' lang='lat' dir='ltr'>ex</span> <span class='ocrx_word' id='word_1_215' title='bbox 993 1844 1080 1887; x_wconf 89' lang='lat' dir='ltr'>illis</span> <span class='ocrx_word' id='word_1_216' title='bbox 1102 1846 1175 1899; x_wconf 92' lang='lat' dir='ltr'>qui</span> <span class='ocrx_word' id='word_1_217' title='bbox 1201 1846 1244 1885; x_wconf 93' lang='lat' dir='ltr'>in</span> <span class='ocrx_word' id='word_1_218' title='bbox 1270 1845 1393 1886; x_wconf 90' lang='lat' dir='ltr'>bono</span> <span class='ocrx_word' id='word_1_219' title='bbox 1414 1845 1632 1899; x_wconf 90' lang='lat' dir='ltr'>spirituali</span> <span class='ocrx_word' id='word_1_220' title='bbox 1654 1859 1731 1887; x_wconf 90' lang='lat' dir='ltr'>seu</span> <span class='ocrx_word' id='word_1_221' title='bbox 1757 1848 1800 1888; x_wconf 89' lang='lat' dir='ltr'>in</span> 
     </span>
     <span class='ocr_line' id='line_1_25' title="bbox 297 1906 1800 1963; baseline 0.003 -17"><span class='ocrx_word' id='word_1_222' title='bbox 297 1906 421 1946; x_wconf 92' lang='lat' dir='ltr'>bono</span> <span class='ocrx_word' id='word_1_223' title='bbox 447 1906 681 1948; x_wconf 86' lang='lat' dir='ltr'>charitatis</span> <span class='ocrx_word' id='word_1_224' title='bbox 707 1920 816 1960; x_wconf 87' lang='lat' dir='ltr'>erga</span> <span class='ocrx_word' id='word_1_225' title='bbox 847 1908 1103 1961; x_wconf 87' lang='lat' dir='ltr'>proximum</span> <span class='ocrx_word' id='word_1_226' title='bbox 1130 1915 1262 1949; x_wconf 90' lang='lat' dir='ltr'>sunt:</span> <span class='ocrx_word' id='word_1_227' title='bbox 1295 1915 1342 1949; x_wconf 91' lang='lat' dir='ltr'>et</span> <span class='ocrx_word' id='word_1_228' title='bbox 1368 1910 1471 1963; x_wconf 89' lang='lat' dir='ltr'>quia</span> <span class='ocrx_word' id='word_1_229' title='bbox 1501 1909 1669 1950; x_wconf 90' lang='lat' dir='ltr'>bonum</span> <span class='ocrx_word' id='word_1_230' title='bbox 1698 1923 1800 1951; x_wconf 91' lang='lat' dir='ltr'>cae-</span> 
     </span>
     <span class='ocr_line' id='line_1_26' title="bbox 298 1968 1800 2026; baseline 0.003 -17"><span class='ocrx_word' id='word_1_231' title='bbox 298 1968 415 2010; x_wconf 87' lang='lat' dir='ltr'>leste</span> <span class='ocrx_word' id='word_1_232' title='bbox 441 1976 511 2011; x_wconf 88' lang='lat' dir='ltr'>est</span> <span class='ocrx_word' id='word_1_233' title='bbox 542 1970 712 2011; x_wconf 88' lang='lat' dir='ltr'>bonum</span> <span class='ocrx_word' id='word_1_234' title='bbox 738 1971 782 2010; x_wconf 93' lang='lat' dir='ltr'>in</span> <span class='ocrx_word' id='word_1_235' title='bbox 808 1985 1019 2024; x_wconf 89' lang='lat' dir='ltr'>supremo</span> <span class='ocrx_word' id='word_1_236' title='bbox 1051 1971 1168 2020; x_wconf 92' lang='lat' dir='ltr'>loco,</span> <span class='ocrx_word' id='word_1_237' title='bbox 1195 1985 1246 2013; x_wconf 94' lang='lat' dir='ltr'>ac</span> <span class='ocrx_word' id='word_1_238' title='bbox 1274 1972 1442 2013; x_wconf 88' lang='lat' dir='ltr'>bonum</span> <span class='ocrx_word' id='word_1_239' title='bbox 1469 1973 1700 2026; x_wconf 90' lang='lat' dir='ltr'>spirituale</span> <span class='ocrx_word' id='word_1_240' title='bbox 1731 1981 1800 2015; x_wconf 89' lang='lat' dir='ltr'>est</span> 
     </span>
     <span class='ocr_line' id='line_1_27' title="bbox 298 2033 1800 2092; baseline 0.003 -19"><span class='ocrx_word' id='word_1_241' title='bbox 298 2033 466 2074; x_wconf 88' lang='lat' dir='ltr'>bonum</span> <span class='ocrx_word' id='word_1_242' title='bbox 497 2034 541 2074; x_wconf 92' lang='lat' dir='ltr'>in</span> <span class='ocrx_word' id='word_1_243' title='bbox 573 2035 774 2075; x_wconf 90' lang='lat' dir='ltr'>secundo</span> <span class='ocrx_word' id='word_1_244' title='bbox 806 2034 922 2085; x_wconf 92' lang='lat' dir='ltr'>loco,</span> <span class='ocrx_word' id='word_1_245' title='bbox 955 2035 1058 2076; x_wconf 92' lang='lat' dir='ltr'>ideo</span> <span class='ocrx_word' id='word_1_246' title='bbox 1089 2042 1159 2077; x_wconf 91' lang='lat' dir='ltr'>est</span> <span class='ocrx_word' id='word_1_247' title='bbox 1190 2036 1276 2077; x_wconf 92' lang='lat' dir='ltr'>hoc</span> <span class='ocrx_word' id='word_1_248' title='bbox 1310 2037 1475 2077; x_wconf 82' lang='lat' dir='ltr'>circum</span> <span class='ocrx_word' id='word_1_249' title='bbox 1506 2036 1643 2088; x_wconf 91' lang='lat' dir='ltr'>illud;</span> <span class='ocrx_word' id='word_1_250' title='bbox 1681 2039 1800 2092; x_wconf 88' lang='lat' dir='ltr'>quod</span> 
     </span>
     <span class='ocr_line' id='line_1_28' title="bbox 298 2098 1799 2153; baseline 0.003 -16"><span class='ocrx_word' id='word_1_251' title='bbox 298 2098 417 2138; x_wconf 87' lang='lat' dir='ltr'>enim</span> <span class='ocrx_word' id='word_1_252' title='bbox 443 2110 576 2151; x_wconf 85' lang='lat' dir='ltr'>supra</span> <span class='ocrx_word' id='word_1_253' title='bbox 602 2104 672 2139; x_wconf 90' lang='lat' dir='ltr'>est</span> <span class='ocrx_word' id='word_1_254' title='bbox 703 2098 790 2139; x_wconf 89' lang='lat' dir='ltr'>hoc</span> <span class='ocrx_word' id='word_1_255' title='bbox 817 2098 955 2139; x_wconf 90' lang='lat' dir='ltr'>etiam</span> <span class='ocrx_word' id='word_1_256' title='bbox 987 2099 1106 2140; x_wconf 88' lang='lat' dir='ltr'>intra</span> <span class='ocrx_word' id='word_1_257' title='bbox 1131 2104 1216 2148; x_wconf 90' lang='lat' dir='ltr'>est,</span> <span class='ocrx_word' id='word_1_258' title='bbox 1245 2105 1291 2140; x_wconf 90' lang='lat' dir='ltr'>et</span> <span class='ocrx_word' id='word_1_259' title='bbox 1318 2099 1439 2153; x_wconf 92' lang='lat' dir='ltr'>quod</span> <span class='ocrx_word' id='word_1_260' title='bbox 1471 2100 1582 2140; x_wconf 85' lang='lat' dir='ltr'>infra</span> <span class='ocrx_word' id='word_1_261' title='bbox 1613 2107 1682 2142; x_wconf 91' lang='lat' dir='ltr'>est</span> <span class='ocrx_word' id='word_1_262' title='bbox 1714 2101 1799 2142; x_wconf 92' lang='lat' dir='ltr'>hoc</span> 
     </span>
     <span class='ocr_line' id='line_1_29' title="bbox 298 2156 1801 2215; baseline 0.003 -14"><span class='ocrx_word' id='word_1_263' title='bbox 298 2161 435 2201; x_wconf 89' lang='lat' dir='ltr'>etiam</span> <span class='ocrx_word' id='word_1_264' title='bbox 467 2166 601 2202; x_wconf 86' lang='lat' dir='ltr'>extra</span> <span class='ocrx_word' id='word_1_265' title='bbox 631 2167 715 2210; x_wconf 89' lang='lat' dir='ltr'>est,</span> <span class='ocrx_word' id='word_1_266' title='bbox 749 2168 795 2202; x_wconf 90' lang='lat' dir='ltr'>et</span> <span class='ocrx_word' id='word_1_267' title='bbox 826 2156 948 2215; x_wconf 73' lang='lat' dir='ltr'>quod</span> <span class='ocrx_word' id='word_1_268' title='bbox 979 2169 1113 2203; x_wconf 86' lang='lat' dir='ltr'>extra</span> <span class='ocrx_word' id='word_1_269' title='bbox 1144 2169 1214 2203; x_wconf 92' lang='lat' dir='ltr'>est</span> <span class='ocrx_word' id='word_1_270' title='bbox 1246 2163 1332 2203; x_wconf 89' lang='lat' dir='ltr'>hoc</span> <span class='ocrx_word' id='word_1_271' title='bbox 1366 2163 1531 2203; x_wconf 87' lang='lat' dir='ltr'>circum</span> <span class='ocrx_word' id='word_1_272' title='bbox 1563 2170 1660 2214; x_wconf 90' lang='lat' dir='ltr'>est;</span> <span class='ocrx_word' id='word_1_273' title='bbox 1698 2165 1801 2206; x_wconf 84' lang='lat' dir='ltr'>inde</span> 
     </span>
     <span class='ocr_line' id='line_1_30' title="bbox 299 2224 1802 2280; baseline 0.003 -16"><span class='ocrx_word' id='word_1_274' title='bbox 299 2229 369 2264; x_wconf 89' lang='lat' dir='ltr'>est</span> <span class='ocrx_word' id='word_1_275' title='bbox 401 2224 522 2277; x_wconf 90' lang='lat' dir='ltr'>quod</span> <span class='ocrx_word' id='word_1_276' title='bbox 557 2225 602 2265; x_wconf 90' lang='lat' dir='ltr'>in</span> <span class='ocrx_word' id='word_1_277' title='bbox 634 2224 791 2266; x_wconf 87' lang='lat' dir='ltr'>Verbo</span> <span class='ocrx_word' id='word_1_278' title='bbox 827 2238 906 2278; x_wconf 90' lang='lat' dir='ltr'>per</span> <span class='ocrx_word' id='word_1_279' title='bbox 939 2227 1208 2279; x_wconf 87' lang='lat' dir='ltr'>“superiora</span> <span class='ocrx_word' id='word_1_280' title='bbox 1223 2225 1242 2241; x_wconf 89' lang='lat'>’‘</span> <span class='ocrx_word' id='word_1_281' title='bbox 1274 2233 1319 2267; x_wconf 92' lang='lat' dir='ltr'>et</span> <span class='ocrx_word' id='word_1_282' title='bbox 1354 2230 1509 2280; x_wconf 89' lang='lat' dir='ltr'>“quae</span> <span class='ocrx_word' id='word_1_283' title='bbox 1542 2227 1586 2267; x_wconf 90' lang='lat' dir='ltr'>in</span> <span class='ocrx_word' id='word_1_284' title='bbox 1619 2228 1768 2269; x_wconf 91' lang='lat' dir='ltr'>medio</span> <span class='ocrx_word' id='word_1_285' title='bbox 1783 2228 1802 2243; x_wconf 90' lang='lat'>’‘</span> 
     </span>
     <span class='ocr_line' id='line_1_31' title="bbox 300 2286 1801 2344; baseline 0.003 -17"><span class='ocrx_word' id='word_1_286' title='bbox 300 2286 609 2340; x_wconf 83' lang='lat' dir='ltr'>significentur</span> <span class='ocrx_word' id='word_1_287' title='bbox 638 2288 866 2337; x_wconf 87' lang='lat' dir='ltr'>interiora,</span> <span class='ocrx_word' id='word_1_288' title='bbox 896 2295 943 2329; x_wconf 90' lang='lat' dir='ltr'>et</span> <span class='ocrx_word' id='word_1_289' title='bbox 975 2302 1054 2342; x_wconf 92' lang='lat' dir='ltr'>per</span> <span class='ocrx_word' id='word_1_290' title='bbox 1081 2289 1326 2330; x_wconf 83' lang='lat' dir='ltr'>“inferiora</span> <span class='ocrx_word' id='word_1_291' title='bbox 1338 2289 1357 2305; x_wconf 91' lang='lat'>’&#39;</span> <span class='ocrx_word' id='word_1_292' title='bbox 1382 2296 1428 2330; x_wconf 92' lang='lat' dir='ltr'>et</span> <span class='ocrx_word' id='word_1_293' title='bbox 1457 2293 1608 2344; x_wconf 89' lang='lat' dir='ltr'>“quae</span> <span class='ocrx_word' id='word_1_294' title='bbox 1640 2291 1684 2331; x_wconf 92' lang='lat' dir='ltr'>in</span> <span class='ocrx_word' id='word_1_295' title='bbox 1716 2292 1801 2332; x_wconf 89' lang='lat' dir='ltr'>cir-</span> 
     </span>
     <span class='ocr_line' id='line_1_32' title="bbox 299 2349 1798 2407; baseline 0.003 -17"><span class='ocrx_word' id='word_1_296' title='bbox 299 2349 450 2391; x_wconf 91' lang='lat' dir='ltr'>cuitu”</span> <span class='ocrx_word' id='word_1_297' title='bbox 464 2350 778 2406; x_wconf 85' lang='lat' dir='ltr'>intelligantur</span> <span class='ocrx_word' id='word_1_298' title='bbox 790 2353 1032 2393; x_wconf 89' lang='lat' dir='ltr'>exteriora.</span> <span class='ocrx_word' id='word_1_299' title='bbox 1093 2352 1210 2406; x_wconf 80' lang='lat' dir='ltr'>Quia</span> <span class='ocrx_word' id='word_1_300' title='bbox 1228 2366 1345 2394; x_wconf 89' lang='lat' dir='ltr'>nunc</span> <span class='ocrx_word' id='word_1_301' title='bbox 1362 2360 1599 2407; x_wconf 86' lang='lat' dir='ltr'>utrumque</span> <span class='ocrx_word' id='word_1_302' title='bbox 1617 2354 1798 2403; x_wconf 90' lang='lat' dir='ltr'>bonum,</span> 
     </span>
     <span class='ocr_line' id='line_1_33' title="bbox 300 2413 1801 2470; baseline 0.003 -16"><span class='ocrx_word' id='word_1_303' title='bbox 300 2413 498 2455; x_wconf 89' lang='lat' dir='ltr'>caeleste</span> <span class='ocrx_word' id='word_1_304' title='bbox 525 2421 571 2455; x_wconf 88' lang='lat' dir='ltr'>et</span> <span class='ocrx_word' id='word_1_305' title='bbox 597 2414 842 2468; x_wconf 89' lang='lat' dir='ltr'>spirituale,</span> <span class='ocrx_word' id='word_1_306' title='bbox 865 2416 1080 2465; x_wconf 89' lang='lat' dir='ltr'>custodit,</span> <span class='ocrx_word' id='word_1_307' title='bbox 1104 2423 1150 2457; x_wconf 91' lang='lat' dir='ltr'>et</span> <span class='ocrx_word' id='word_1_308' title='bbox 1178 2430 1256 2470; x_wconf 91' lang='lat' dir='ltr'>per</span> <span class='ocrx_word' id='word_1_309' title='bbox 1281 2418 1377 2470; x_wconf 87' lang='lat' dir='ltr'>ipsa</span> <span class='ocrx_word' id='word_1_310' title='bbox 1401 2417 1670 2458; x_wconf 87' lang='lat' dir='ltr'>“Animalia</span> <span class='ocrx_word' id='word_1_311' title='bbox 1682 2418 1702 2434; x_wconf 90' lang='lat'>&#39;&#39;</span> <span class='ocrx_word' id='word_1_312' title='bbox 1723 2432 1801 2459; x_wconf 90' lang='lat' dir='ltr'>seu</span> 
     </span>
     <span class='ocr_line' id='line_1_34' title="bbox 299 2477 1799 2532; baseline 0.004 -15"><span class='ocrx_word' id='word_1_313' title='bbox 299 2490 379 2530; x_wconf 85' lang='lat' dir='ltr'>per</span> <span class='ocrx_word' id='word_1_314' title='bbox 404 2477 625 2518; x_wconf 87' lang='lat' dir='ltr'>cherubos</span> <span class='ocrx_word' id='word_1_315' title='bbox 650 2477 798 2531; x_wconf 91' lang='lat' dir='ltr'>quoad</span> <span class='ocrx_word' id='word_1_316' title='bbox 830 2491 1018 2532; x_wconf 89' lang='lat' dir='ltr'>corpora</span> <span class='ocrx_word' id='word_1_317' title='bbox 1043 2479 1319 2531; x_wconf 83' lang='lat' dir='ltr'>significatur</span> <span class='ocrx_word' id='word_1_318' title='bbox 1348 2479 1559 2521; x_wconf 91' lang='lat' dir='ltr'>Divinum</span> <span class='ocrx_word' id='word_1_319' title='bbox 1587 2481 1799 2530; x_wconf 89' lang='lat' dir='ltr'>caeleste,</span> 
     </span>
     <span class='ocr_line' id='line_1_35' title="bbox 300 2539 1800 2598; baseline 0.004 -18"><span class='ocrx_word' id='word_1_320' title='bbox 300 2547 347 2581; x_wconf 92' lang='lat' dir='ltr'>et</span> <span class='ocrx_word' id='word_1_321' title='bbox 369 2553 447 2593; x_wconf 90' lang='lat' dir='ltr'>per</span> <span class='ocrx_word' id='word_1_322' title='bbox 463 2539 567 2581; x_wconf 91' lang='lat' dir='ltr'>illos</span> <span class='ocrx_word' id='word_1_323' title='bbox 582 2541 730 2594; x_wconf 90' lang='lat' dir='ltr'>quoad</span> <span class='ocrx_word' id='word_1_324' title='bbox 753 2541 848 2582; x_wconf 84' lang='lat' dir='ltr'>alas</span> <span class='ocrx_word' id='word_1_325' title='bbox 871 2541 1149 2594; x_wconf 86' lang='lat' dir='ltr'>significatur</span> <span class='ocrx_word' id='word_1_326' title='bbox 1172 2543 1383 2583; x_wconf 88' lang='lat' dir='ltr'>Divinum</span> <span class='ocrx_word' id='word_1_327' title='bbox 1406 2543 1651 2597; x_wconf 87' lang='lat' dir='ltr'>spirituale,</span> <span class='ocrx_word' id='word_1_328' title='bbox 1672 2551 1800 2598; x_wconf 88' lang='lat' dir='ltr'>patet</span> 
     </span>
     <span class='ocr_line' id='line_1_36' title="bbox 300 2601 1800 2659; baseline 0.004 -16"><span class='ocrx_word' id='word_1_329' title='bbox 300 2603 420 2656; x_wconf 91' lang='lat' dir='ltr'>quod</span> <span class='ocrx_word' id='word_1_330' title='bbox 446 2617 524 2657; x_wconf 89' lang='lat' dir='ltr'>per</span> <span class='ocrx_word' id='word_1_331' title='bbox 543 2607 771 2658; x_wconf 90' lang='lat' dir='ltr'>“quatuor</span> <span class='ocrx_word' id='word_1_332' title='bbox 793 2603 1024 2646; x_wconf 90' lang='lat' dir='ltr'>Animalia</span> <span class='ocrx_word' id='word_1_333' title='bbox 1045 2605 1221 2658; x_wconf 86' lang='lat' dir='ltr'>singula</span> <span class='ocrx_word' id='word_1_334' title='bbox 1242 2618 1321 2659; x_wconf 91' lang='lat' dir='ltr'>per</span> <span class='ocrx_word' id='word_1_335' title='bbox 1337 2601 1385 2647; x_wconf 88' lang='lat' dir='ltr'>se</span> <span class='ocrx_word' id='word_1_336' title='bbox 1406 2607 1502 2647; x_wconf 87' lang='lat' dir='ltr'>visa</span> <span class='ocrx_word' id='word_1_337' title='bbox 1523 2608 1612 2648; x_wconf 87' lang='lat' dir='ltr'>sint</span> <span class='ocrx_word' id='word_1_338' title='bbox 1634 2608 1800 2649; x_wconf 89' lang='lat' dir='ltr'>habere</span> 
     </span>
     <span class='ocr_line' id='line_1_37' title="bbox 298 2667 1798 2724; baseline 0.004 -18"><span class='ocrx_word' id='word_1_339' title='bbox 298 2667 396 2707; x_wconf 90' lang='lat' dir='ltr'>alas</span> <span class='ocrx_word' id='word_1_340' title='bbox 421 2680 503 2707; x_wconf 89' lang='lat' dir='ltr'>sex</span> <span class='ocrx_word' id='word_1_341' title='bbox 530 2667 574 2707; x_wconf 90' lang='lat' dir='ltr'>in</span> <span class='ocrx_word' id='word_1_342' title='bbox 601 2667 827 2717; x_wconf 87' lang='lat' dir='ltr'>circuitu,&#39;’</span> <span class='ocrx_word' id='word_1_343' title='bbox 853 2668 1129 2721; x_wconf 85' lang='lat' dir='ltr'>significetur</span> <span class='ocrx_word' id='word_1_344' title='bbox 1154 2671 1418 2723; x_wconf 87' lang='lat' dir='ltr'>apparentia</span> <span class='ocrx_word' id='word_1_345' title='bbox 1445 2671 1595 2711; x_wconf 90' lang='lat' dir='ltr'>Divini</span> <span class='ocrx_word' id='word_1_346' title='bbox 1620 2672 1798 2724; x_wconf 90' lang='lat' dir='ltr'>spiritu-</span> 
     </span>
    </p>
   </div>
   <div class='ocr_carea' id='block_1_3' title="bbox 298 2727 1804 3014">
    <p class='ocr_par' dir='ltr' id='par_1_3' title="bbox 298 2727 1804 3014">
     <span class='ocr_line' id='line_1_38' title="bbox 300 2727 1802 2782; baseline 0.003 -14"><span class='ocrx_word' id='word_1_347' title='bbox 300 2727 385 2768; x_wconf 90' lang='lat' dir='ltr'>alis</span> <span class='ocrx_word' id='word_1_348' title='bbox 410 2728 713 2782; x_wconf 90' lang='lat' dir='ltr'>undequaque</span> <span class='ocrx_word' id='word_1_349' title='bbox 739 2730 908 2770; x_wconf 89' lang='lat' dir='ltr'>circum</span> <span class='ocrx_word' id='word_1_350' title='bbox 935 2729 1150 2770; x_wconf 91' lang='lat' dir='ltr'>Divinum</span> <span class='ocrx_word' id='word_1_351' title='bbox 1176 2731 1394 2772; x_wconf 88' lang='lat' dir='ltr'>caeleste.</span> <span class='ocrx_word' id='word_1_352' title='bbox 1453 2742 1532 2781; x_wconf 79' lang='lat' dir='ltr'>(Sed</span> <span class='ocrx_word' id='word_1_353' title='bbox 1552 2744 1592 2772; x_wconf 85' lang='lat' dir='ltr'>de</span> <span class='ocrx_word' id='word_1_354' title='bbox 1611 2743 1659 2772; x_wconf 80' lang='lat' dir='ltr'>his</span> <span class='ocrx_word' id='word_1_355' title='bbox 1677 2744 1802 2781; x_wconf 80' lang='lat' dir='ltr'>plenior</span> 
     </span>
     <span class='ocr_line' id='line_1_39' title="bbox 299 2787 1798 2828; baseline 0.004 -13"><span class='ocrx_word' id='word_1_356' title='bbox 299 2787 373 2816; x_wconf 82' lang='lat' dir='ltr'>idea</span> <span class='ocrx_word' id='word_1_357' title='bbox 393 2787 501 2816; x_wconf 89' lang='lat' dir='ltr'>haberi</span> <span class='ocrx_word' id='word_1_358' title='bbox 521 2792 626 2825; x_wconf 63' lang='lat' dir='ltr'>potffit</span> <span class='ocrx_word' id='word_1_359' title='bbox 647 2797 686 2817; x_wconf 82' lang='lat' dir='ltr'>ex</span> <span class='ocrx_word' id='word_1_360' title='bbox 707 2788 767 2817; x_wconf 88' lang='lat' dir='ltr'>illis</span> <span class='ocrx_word' id='word_1_361' title='bbox 781 2797 864 2825; x_wconf 87' lang='lat' dir='ltr'>quae</span> <span class='ocrx_word' id='word_1_362' title='bbox 885 2789 918 2817; x_wconf 93' lang='lat' dir='ltr'>in</span> <span class='ocrx_word' id='word_1_363' title='bbox 933 2798 1030 2828; x_wconf 86' lang='lat' dir='ltr'>opere</span> <span class='ocrx_word' id='word_1_364' title='bbox 1046 2790 1097 2818; x_wconf 80' lang='lat' dir='ltr'>De</span> <span class='ocrx_word' id='word_1_365' title='bbox 1115 2791 1208 2819; x_wconf 82' lang='lat' dir='ltr'>Caelo</span> <span class='ocrx_word' id='word_1_366' title='bbox 1223 2794 1254 2819; x_wconf 84' lang='lat' dir='ltr'>et</span> <span class='ocrx_word' id='word_1_367' title='bbox 1270 2791 1398 2828; x_wconf 83' lang='lat' dir='ltr'>Inferno</span> <span class='ocrx_word' id='word_1_368' title='bbox 1420 2791 1507 2820; x_wconf 61' lang='lat' dir='ltr'>diota</span> <span class='ocrx_word' id='word_1_369' title='bbox 1523 2796 1555 2821; x_wconf 88' lang='lat' dir='ltr'>et</span> <span class='ocrx_word' id='word_1_370' title='bbox 1569 2797 1695 2821; x_wconf 88' lang='lat' dir='ltr'>ostensa</span> <span class='ocrx_word' id='word_1_371' title='bbox 1709 2797 1798 2826; x_wconf 78' lang='lat' dir='ltr'>sunt:</span> 
     </span>
     <span class='ocr_line' id='line_1_40' title="bbox 298 2831 1803 2878; baseline 0.005 -16"><span class='ocrx_word' id='word_1_372' title='bbox 298 2834 438 2872; x_wconf 88' lang='lat' dir='ltr'>primum</span> <span class='ocrx_word' id='word_1_373' title='bbox 453 2842 492 2862; x_wconf 86' lang='lat' dir='ltr'>ex</span> <span class='ocrx_word' id='word_1_374' title='bbox 506 2831 640 2863; x_wconf 84' lang='lat' dir='ltr'>articulo</span> <span class='ocrx_word' id='word_1_375' title='bbox 654 2833 710 2863; x_wconf 92' lang='lat' dir='ltr'>ubi</span> <span class='ocrx_word' id='word_1_376' title='bbox 724 2835 910 2869; x_wconf 85' lang='lat' dir='ltr'>ostenditur,</span> <span class='ocrx_word' id='word_1_377' title='bbox 926 2835 1025 2873; x_wconf 90' lang='lat' dir='ltr'>Quod</span> <span class='ocrx_word' id='word_1_378' title='bbox 1047 2836 1200 2867; x_wconf 77' lang='lat' dir='ltr'>Divinum</span> <span class='ocrx_word' id='word_1_379' title='bbox 1223 2837 1355 2867; x_wconf 83' lang='lat' dir='ltr'>Domini</span> <span class='ocrx_word' id='word_1_380' title='bbox 1376 2838 1470 2868; x_wconf 81' lang='lat' dir='ltr'>saciat</span> <span class='ocrx_word' id='word_1_381' title='bbox 1491 2839 1637 2875; x_wconf 82' lang='lat' dir='ltr'>Caelum,</span> <span class='ocrx_word' id='word_1_382' title='bbox 1653 2849 1684 2870; x_wconf 87' lang='lat' dir='ltr'>n.</span> <span class='ocrx_word' id='word_1_383' title='bbox 1699 2848 1781 2878; x_wconf 88' lang='lat'><em>7-12</em></span> <span class='ocrx_word' id='word_1_384' title='bbox 1795 2847 1803 2869; x_wconf 71' lang='grc' dir='ltr'><strong>ι</strong></span> 
     </span>
     <span class='ocr_line' id='line_1_41' title="bbox 299 2878 1804 2924; baseline 0.005 -17"><span class='ocrx_word' id='word_1_385' title='bbox 299 2879 374 2908; x_wconf 87' lang='lat' dir='ltr'>dein</span> <span class='ocrx_word' id='word_1_386' title='bbox 388 2888 427 2908; x_wconf 89' lang='lat' dir='ltr'>ex</span> <span class='ocrx_word' id='word_1_387' title='bbox 438 2878 582 2913; x_wconf 80' lang='lat' dir='ltr'>articulo,</span> <span class='ocrx_word' id='word_1_388' title='bbox 596 2880 695 2916; x_wconf 87' lang='lat' dir='ltr'>Quod</span> <span class='ocrx_word' id='word_1_389' title='bbox 713 2879 866 2908; x_wconf 89' lang='lat' dir='ltr'>Divinum</span> <span class='ocrx_word' id='word_1_390' title='bbox 882 2880 1013 2910; x_wconf 87' lang='lat' dir='ltr'>Domini</span> <span class='ocrx_word' id='word_1_391' title='bbox 1029 2881 1061 2910; x_wconf 86' lang='lat' dir='ltr'>in</span> <span class='ocrx_word' id='word_1_392' title='bbox 1077 2881 1176 2911; x_wconf 89' lang='lat' dir='ltr'>Caelo</span> <span class='ocrx_word' id='word_1_393' title='bbox 1191 2883 1230 2911; x_wconf 89' lang='lat' dir='ltr'>sit</span> <span class='ocrx_word' id='word_1_394' title='bbox 1241 2883 1344 2912; x_wconf 90' lang='lat' dir='ltr'>Amor</span> <span class='ocrx_word' id='word_1_395' title='bbox 1357 2884 1389 2912; x_wconf 91' lang='lat' dir='ltr'>in</span> <span class='ocrx_word' id='word_1_396' title='bbox 1403 2884 1513 2922; x_wconf 90' lang='lat' dir='ltr'>Ipsum</span> <span class='ocrx_word' id='word_1_397' title='bbox 1529 2889 1560 2914; x_wconf 88' lang='lat' dir='ltr'>et</span> <span class='ocrx_word' id='word_1_398' title='bbox 1572 2885 1718 2915; x_wconf 79' lang='lat' dir='ltr'>Charitas</span> <span class='ocrx_word' id='word_1_399' title='bbox 1728 2895 1804 2924; x_wconf 82' lang='lat' dir='ltr'>erga</span> 
     </span>
     <span class='ocr_line' id='line_1_42' title="bbox 300 2925 1803 2964; baseline 0.005 -10"><span class='ocrx_word' id='word_1_400' title='bbox 300 2925 497 2958; x_wconf 83' lang='lat' dir='ltr'>Proximum,</span> <span class='ocrx_word' id='word_1_401' title='bbox 512 2933 543 2954; x_wconf 89' lang='lat' dir='ltr'>n.</span> <span class='ocrx_word' id='word_1_402' title='bbox 561 2932 676 2962; x_wconf 81' lang='lat'><strong>13—19;</strong></span> <span class='ocrx_word' id='word_1_403' title='bbox 707 2929 739 2953; x_wconf 88' lang='lat' dir='ltr'>et</span> <span class='ocrx_word' id='word_1_404' title='bbox 764 2925 896 2955; x_wconf 84' lang='lat' dir='ltr'>demum</span> <span class='ocrx_word' id='word_1_405' title='bbox 919 2926 952 2955; x_wconf 89' lang='lat' dir='ltr'>in</span> <span class='ocrx_word' id='word_1_406' title='bbox 975 2927 1118 2960; x_wconf 82' lang='lat' dir='ltr'>articulo.</span> <span class='ocrx_word' id='word_1_407' title='bbox 1135 2927 1233 2964; x_wconf 91' lang='lat' dir='ltr'>Quod</span> <span class='ocrx_word' id='word_1_408' title='bbox 1256 2928 1390 2958; x_wconf 90' lang='lat' dir='ltr'>Caelum</span> <span class='ocrx_word' id='word_1_409' title='bbox 1413 2930 1598 2960; x_wconf 60' lang='lat' dir='ltr'>distinetum</span> <span class='ocrx_word' id='word_1_410' title='bbox 1620 2930 1660 2960; x_wconf 85' lang='lat' dir='ltr'>sit</span> <span class='ocrx_word' id='word_1_411' title='bbox 1681 2931 1713 2961; x_wconf 86' lang='lat' dir='ltr'>in</span> <span class='ocrx_word' id='word_1_412' title='bbox 1737 2932 1803 2961; x_wconf 90' lang='lat' dir='ltr'>duo</span> 
     </span>
     <span class='ocr_line' id='line_1_43' title="bbox 301 2969 1444 3014; baseline 0.005 -16"><span class='ocrx_word' id='word_1_413' title='bbox 301 2970 423 3008; x_wconf 80' lang='lat' dir='ltr'>Regna,</span> <span class='ocrx_word' id='word_1_414' title='bbox 438 2970 470 2998; x_wconf 91' lang='lat' dir='ltr'>in</span> <span class='ocrx_word' id='word_1_415' title='bbox 487 2969 636 3007; x_wconf 88' lang='lat' dir='ltr'>Regnum</span> <span class='ocrx_word' id='word_1_416' title='bbox 652 2970 798 2999; x_wconf 86' lang='lat' dir='ltr'>Caeleste</span> <span class='ocrx_word' id='word_1_417' title='bbox 814 2976 844 3000; x_wconf 86' lang='lat' dir='ltr'>et</span> <span class='ocrx_word' id='word_1_418' title='bbox 859 2971 892 2999; x_wconf 91' lang='lat' dir='ltr'>in</span> <span class='ocrx_word' id='word_1_419' title='bbox 909 2971 1057 3009; x_wconf 88' lang='lat' dir='ltr'>Regnum</span> <span class='ocrx_word' id='word_1_420' title='bbox 1075 2972 1254 3010; x_wconf 84' lang='lat' dir='ltr'>Spirituale,</span> <span class='ocrx_word' id='word_1_421' title='bbox 1270 2982 1300 3004; x_wconf 87' lang='lat' dir='ltr'>n.</span> <span class='ocrx_word' id='word_1_422' title='bbox 1318 2974 1444 3014; x_wconf 84' lang='lat'><em>20-28.)</em></span> 
     </span>
    </p>
   </div>
  </div>
 </body>
</html>
