2060 3476
305 358 384 403 130
708 356 1040 390 APOCALYPSIS
1071 357 1371 390 EXPLICATA.

297 470 514 524 gaudium
535 469 738 512 caeleste
760 470 805 510 in
826 483 874 511 SC
894 469 1037 510 habet
1059 479 1218 520 (videatur
1231 479 1264 509 in
1279 488 1375 518 opere
1391 480 1442 509 De
1457 479 1547 510 Caelo
1560 482 1591 509 et
1603 480 1739 519 Inferna,
1752 489 1784 511 n.

296 548 453 578 395-414;
473 541 551 570 etin
568 540 724 570 Doc‘trina
737 541 847 570 Novae
860 540 1146 578 Ilierosolymaem.
1159 539 1325 578 230-239).
1364 528 1500 582 Quod
1520 528 1785 578 “arbores,”

297 604 410 644 quae
436 592 574 632 toties
601 592 890 632 nominantur
914 591 959 632 in
985 590 1154 640 Verbo,
1179 590 1432 643 significent
1464 591 1678 631 interiora
1702 589 1784 630 ho-

299 655 429 696 minis
460 667 574 708 quae
606 655 770 695 mentis
802 660 848 694 et
879 654 1015 694 animi
1046 653 1138 707 ejus
1169 660 1288 702 sunt,
1320 659 1367 694 et
1402 652 1479 693 illa
1509 666 1623 706 quae
1654 663 1784 706 super

296 709 543 765 arboribus,
571 723 619 757 ut
648 715 819 757 “folia''
845 722 891 757 et
920 714 1159 763 “fruetusx’
1186 716 1294 757 talia
1318 729 1432 769 quae
1458 729 1518 756 ex
1548 714 1649 764 illis,
1676 727 1784 756 con·

296 785 416 820 stare
442 786 596 832 potest
622 793 647 820 a
673 779 963 833 sequentibus
991 779 1058 820 his
1085 778 1195 820 locis
1211 792 1278 819 :—

365 875 387 888 ¹¹
399 873 502 905 Dabo
519 874 555 904 in
572 873 713 905 deserto
727 873 870 905 cedrum
896 873 1063 911 schittim,
1077 879 1112 905 et
1129 878 1296 914 myrtum,
1310 878 1345 904 et
1358 873 1522 904 arborem
1536 871 1606 904 olei
1620 881 1628 911 ;
1653 880 1785 913 ponam

472 917 508 948 in
526 917 716 949 solitudine
733 917 897 955 abietem,
917 917 1058 949 taedam
1075 922 1111 949 et
1127 918 1259 948 buxum
1271 916 1288 928 '¹
1305 915 1418 957 (Esai.
1435 916 1495 948 xli.
1515 915 1568 957 19)
1582 925 1589 954 ;

299 998 359 1039 ibi
385 999 532 1051 agitur
558 998 614 1039 de
640 998 857 1039 ecclesiae
883 999 1221 1040 instauratione.

365 1095 386 1108 ‘⁴
398 1094 522 1126 Gloria
539 1094 664 1126 Libani
681 1094 726 1126 ad
743 1100 777 1126 te
790 1094 921 1133 veniet,
937 1094 1046 1133 abies,
1062 1094 1167 1126 taeda
1178 1100 1214 1126 et
1227 1095 1341 1126 buxus
1354 1094 1471 1132 simul,
1487 1094 1532 1126 ad
1544 1093 1784 1126 decorandum

470 1138 585 1169 locum
604 1136 795 1170 sanctuarii
813 1138 882 1169 mei
894 1137 912 1149 '’
929 1138 1040 1178 (Esai.
1057 1138 1103 1170 lx.
1123 1138 1185 1177 13).

364 1182 387 1196 ‘⁴
398 1181 629 1222 Cognoscant
642 1191 768 1213 omnes
782 1182 927 1213 arbores
944 1181 1031 1221 agri,
1048 1182 1142 1222 quod
1157 1181 1233 1222 Ego
1246 1181 1408 1223 Jehovah
1420 1181 1604 1213 humiliem
1619 1181 1783 1212 arborem

470 1225 589 1262 altam,
610 1225 764 1256 exaltem
781 1225 945 1256 arborem
970 1225 1152 1262 humilem,
1171 1225 1361 1256 arefaciam
1386 1226 1550 1256 arborem
1567 1224 1728 1261 viridem,
1748 1229 1784 1256 et

468 1269 670 1308 germinare
687 1268 814 1299 faciam
832 1269 996 1300 arborem
1013 1268 1148 1300 aridam
1161 1267 1179 1280 ”
1195 1268 1329 1308 (Ezech.
1346 1268 1429 1300 xvii.
1447 1268 1522 1308 24);

364 1312 387 1326 ‘¹
400 1310 489 1343 Ecce
508 1311 583 1352 Ego
601 1311 636 1342 in
662 1318 696 1343 te
713 1311 901 1343 incendam
919 1312 1050 1352 ignem,
1071 1312 1129 1353 qui
1146 1311 1307 1343 comedet
1324 1311 1360 1343 in
1385 1317 1418 1343 te
1435 1313 1599 1343 arborem
1618 1310 1781 1349 viridem,

469 1361 504 1387 et
521 1365 664 1386 omnem
681 1356 846 1386 arborem
864 1355 999 1386 aridam
1011 1354 1029 1367 ''
1047 1355 1182 1395 (Ezech.
1199 1355 1268 1387 xxi.
1287 1363 1305 1394 3
1325 1353 1385 1396 [B.
1401 1356 1447 1387 A.
1463 1365 1520 1387 xx.
1537 1353 1611 1396 47])
1627 1364 1634 1393 ;

366 1399 388 1413 “
399 1398 490 1431 Vitis
508 1399 655 1436 exaruit,
672 1405 707 1430 et
725 1399 809 1430 ficus
827 1399 982 1439 languet,
999 1399 1113 1430 malus
1131 1399 1260 1439 punica
1276 1399 1451 1440 etiamque
1468 1399 1588 1439 palma
1603 1404 1639 1430 et
1654 1397 1781 1436 malus,

471 1452 597 1474 omnes
614 1443 759 1474 arbores
776 1443 851 1483 agri
868 1442 1063 1474 exsiccatae
1080 1448 1164 1474 sunt
1178 1451 1185 1481 ;
1210 1442 1347 1473 exaruit
1362 1442 1530 1483 gaudium
1554 1442 1598 1474 de
1615 1441 1697 1473 filiis
1720 1441 1785 1472 ho-

469 1486 604 1517 minurn
617 1485 634 1497 ''
652 1485 750 1527 (Joel
763 1486 784 1517 i.
805 1485 878 1525 12);

365 1528 488 1561 “Cum
506 1529 655 1569 angelus
673 1529 814 1567 cianxit,
834 1527 930 1560 {afta
952 1534 1007 1560 est
1029 1529 1166 1570 grando
1190 1534 1226 1560 et
1250 1529 1342 1569 ignis
1347 1553 1438 1566 .....
1447 1528 1506 1570 qui
1530 1528 1653 1560 cecidit
1678 1531 1786 1569 s'uper

458 1579 612 1611 ⁸terram.
633 1579 668 1604 et
685 1573 789 1604 tertia
805 1582 887 1613 pars
904 1574 1070 1604 arborum
1089 1573 1274 1604 combusta
1290 1571 1373 1604 est”
1390 1572 1503 1614 (Apoc.
1520 1572 1592 1604 viii.
1611 1571 1642 1612 7)
1658 1581 1665 1610 ;

360 1613 700 1648 1¹1Nebuchadnezar
716 1616 802 1648 vidit
819 1616 855 1647 in
873 1616 1016 1647 somnio
1036 1617 1232 1647 “arborem
1255 1616 1291 1647 in
1309 1615 1426 1647 medio
1443 1621 1569 1654 terrae,
1589 1615 1690 1656 cujus
1706 1614 1786 1646 alti-

472 1660 558 1691 tudo
582 1669 713 1699 magna
716 1684 808 1698 .....
817 1659 940 1691 folium
966 1659 1161 1700 pulchrum,
1182 1659 1248 1691 flos
1272 1659 1415 1697 multus,
1435 1665 1471 1691 et
1493 1659 1592 1691 cibus
1616 1658 1784 1690 omnibus

472 1703 507 1734 in
525 1702 596 1735 ea’'
613 1703 722 1743 (Dan.
738 1703 783 1736 iv.
802 1710 865 1744 7—9
884 1701 944 1745 [B.
960 1704 1006 1735 A.
1026 1701 1173 1744 10-12]).

296 1791 395 1829 (Quia
409 1792 535 1820 arbores
550 1791 581 1820 in
596 1800 711 1829 genere
725 1791 901 1829 significant
916 1791 990 1820 talia
1003 1799 1086 1828 quae
1099 1791 1186 1829 apud
1200 1790 1372 1825 hominem,
1387 1799 1425 1820 ac
1439 1790 1587 1820 interiora
1600 1799 1683 1828 quae
1697 1798 1786 1819 men-

295 1836 331 1866 tis
346 1837 412 1874 ejus
426 1841 499 1865 sunt
514 1836 639 1870 faciunt.
653 1841 683 1865 et
697 1836 741 1866 sic
756 1845 885 1873 quoque
896 1836 1068 1873 spiritualia
1082 1845 1165 1873 quae
1180 1836 1341 1870 ecclesiae,
1354 1840 1385 1865 et
1399 1836 1478 1865 haec
1493 1839 1524 1865 et
1538 1835 1591 1864 illa
1600 1835 1687 1864 varia
1700 1839 1784 1870 sunt,

294 1882 368 1911 ideo
384 1886 429 1910 tot
449 1881 570 1918 species
584 1882 733 1910 arborum
750 1881 961 1915 nominantur,
974 1885 1005 1910 et
1017 1889 1228 1918 unaquaeque
1242 1881 1361 1918 species
1375 1880 1530 1918 significat
1550 1880 1681 1917 aliquod
1696 1879 1785 1908 diffe-

294 1935 381 1961 rens;
405 1926 483 1963 quid
504 1926 607 1955 variae
623 1925 742 1963 species
763 1925 949 1962 significant,
966 1929 1126 1954 ostensum
1143 1930 1189 1954 est
1210 1925 1241 1954 in
1263 1925 1403 1954 Arcanis
1421 1925 1627 1958 CaeIestibus:
1649 1928 1685 1954 ut
1705 1923 1785 1961 quid

295 1971 418 1999 ''arbor
439 1970 529 2005 olei,''
556 1980 587 2000 n.
610 1979 699 2007 9277,
725 1971 837 2004 10261;
866 1970 945 2007 quid
970 1970 1142 2004 “cedrus.''
1168 1979 1199 2000 n.
1221 1978 1311 2007 9472,
1333 1970 1422 2007 9486,
1444 1971 1532 2007 9528,
1555 1975 1644 2007 9715,
1669 1970 1782 2005 10178;

294 2015 372 2052 quid
388 2015 514 2049 “vitisf'
532 2024 562 2044 n.
581 2016 667 2052 1069,
683 2022 772 2051 5113,
787 2015 876 2052 6375,
893 2015 982 2052 6378,
997 2023 1092 2052 9277:
1122 2015 1200 2051 quid
1223 2014 1358 2049 ¹¹ficus,''
1376 2022 1443 2050 217,
1458 2022 1548 2051 4231,
1564 2021 1659 2051 5113:
1688 2018 1719 2042 et
1739 2013 1784 2043 sic

294 2064 414 2103 porro.)
473 2054 663 2106 Insuper
693 2053 771 2094 illa
801 2067 916 2106 quae
947 2059 1052 2094 sunt
1083 2067 1216 2106 super
1241 2052 1491 2101 arboribus,
1519 2058 1567 2093 ut
1597 2051 1704 2093 folia
1733 2058 1782 2093 et

294 2113 473 2163 fructus,
498 2114 752 2168 significant
779 2114 887 2155 talia
918 2128 1031 2168 quae
1062 2115 1179 2167 apud
1211 2114 1452 2162 hominem,
1479 2113 1649 2154 “folia''
1674 2126 1780 2154 vera

296 2178 413 2231 apud
441 2177 579 2227 illum,
607 2183 653 2218 et
682 2175 916 2218 “fructus''
942 2177 1086 2228 bona;
1119 2183 1166 2217 ut
1193 2177 1237 2217 in
1263 2177 1552 2230 sequentibus
1571 2190 1637 2216 :-—

361 2266 384 2281 “
397 2265 472 2297 Erit
489 2266 578 2297 sicut
594 2266 702 2297 arbor
714 2266 874 2306 plantata
889 2265 989 2306 juxta
1005 2275 1127 2307 aquas,
1144 2271 1179 2297 et
1194 2265 1296 2306 juxta
1312 2265 1456 2297 fluvium
1475 2265 1604 2297 emittit
1622 2266 1759 2298 radices
1774 2275 1782 2304 ς

475 2334 482 2341 .
497 2334 504 2341 .
519 2334 526 2341 .
541 2309 622 2341 .erit
646 2309 770 2340 folium
796 2309 874 2350 ejus
891 2309 1002 2341 viride
1017 2318 1040 2347 ;.
1055 2334 1062 2341 .
1077 2319 1180 2341 .-.nec
1204 2309 1356 2340 cessabit
1380 2319 1401 2340 a
1425 2309 1572 2340 ferendo
1596 2308 1750 2341 fructum
1763 2309 1782 2322 ''

468 2352 611 2394 (Jerem.
627 2353 710 2385 xvii.
729 2354 782 2393 8);

358 2395 467 2438 Juxta
482 2396 628 2427 fluvium
645 2402 834 2428 exeuntem
853 2407 872 2428 e
892 2396 1010 2428 Domo
1028 2396 1296 2428 Dei“ascendit
1313 2406 1420 2436 super
1436 2396 1513 2436 ripa
1535 2396 1618 2428 hinc
1641 2402 1677 2428 et
1699 2397 1782 2428 hinc

468 2440 573 2471 arbor
601 2439 678 2477 cibi,
707 2439 806 2480 cujus
836 2449 907 2471 non
937 2439 1066 2470 decidit
1094 2439 1230 2477 folium,
1259 2449 1373 2480 neque
1401 2440 1622 2471 consumitur
1645 2438 1781 2472 frustus

469 2483 547 2523 ejus
562 2493 569 2522 ;
587 2483 623 2514 in
641 2493 784 2514 menses
801 2493 885 2515 suos
903 2483 1118 2519 renascitur:
1143 2483 1225 2523 quia
1240 2493 1353 2523 aquae
1370 2483 1447 2523 ejus
1465 2493 1484 2514 e
1501 2482 1705 2515 sanctuario
1722 2493 1783 2515 ex-

468 2533 553 2558 eunt
567 2536 573 2564 ;
591 2527 684 2558 unde
697 2525 833 2558 fructus
846 2526 923 2567 ejus
937 2527 972 2557 in
984 2527 1112 2564 cibum,
1127 2533 1162 2557 et
1172 2526 1296 2557 folium
1311 2526 1388 2567 ejus
1403 2527 1438 2558 in
1450 2527 1750 2559 medicamentum
1762 2527 1781 2540 ’⁸

469 2570 602 2610 (Ezech.
619 2570 715 2602 xlvii.
735 2572 787 2610 12)
803 2579 809 2607 ;

362 2613 439 2645 “In
465 2614 583 2645 medio
611 2614 748 2653 plateae
776 2620 811 2645 et
838 2613 935 2644 fluvii
959 2611 1135 2650 (exeuntis
1159 2623 1178 2644 e
1203 2613 1333 2644 throno
1359 2613 1425 2645 Dei
1449 2619 1484 2646 et
1508 2613 1618 2655 Agni)
1640 2614 1723 2645 hinc
1746 2621 1782 2646 et

466 2657 548 2688 hinc
572 2658 678 2688 arbor
695 2658 788 2688 vitae
812 2657 948 2688 faciens
971 2655 1108 2688 fruetus
1131 2656 1328 2695 duodecim,
1349 2667 1411 2697 per
1428 2667 1589 2689 mensem
1614 2658 1777 2699 quemvis

467 2700 619 2732 reddens
647 2699 800 2732 fructum
826 2710 940 2738 suum,
967 2706 1002 2731 et
1029 2700 1116 2731 folia
1139 2700 1275 2731 arboris
1303 2700 1348 2731 ad
1377 2701 1565 2732 sanitatem
1589 2701 1749 2741 gentium
1762 2700 1780 2713 ''

466 2743 579 2785 (Apoc.
596 2744 679 2775 xxii.
698 2742 764 2785 [1,]
781 2744 833 2783 2);

361 2789 384 2802 ⁴·
396 2787 529 2819 Beatus
546 2787 600 2818 vir
604 2811 695 2824 .....
704 2787 804 2827 cujus
822 2788 858 2818 in
883 2787 961 2827 lege
978 2786 1238 2827 beneplacitum
1251 2796 1275 2826 ;.
1289 2811 1298 2820 .
1311 2787 1394 2820 .erit
1404 2787 1496 2819 sicut
1506 2788 1612 2819 arbor
1620 2787 1780 2827 plantata

465 2831 566 2871 juxta
582 2830 677 2861 rivos
694 2841 876 2871 aquarum,
897 2840 986 2872 quae
1003 2829 1156 2862 fructum
1174 2840 1277 2861 suurn
1295 2830 1392 2862 dabit
1415 2830 1450 2862 in
1468 2836 1628 2870 tempore
1646 2839 1723 2867 suc,
1743 2835 1779 2861 et

465 2874 590 2906 folium
609 2884 681 2905 non
699 2874 855 2905 decidit’'
873 2873 1018 2914 (Psalm.
1035 2874 1057 2906 i.
1076 2872 1122 2915 [1‚
1140 2872 1189 2914 2‚]
1210 2874 1263 2914 3);

359 2917 449 2949 “Ne
473 2918 595 2949 timete
599 2942 690 2954 .....
699 2918 781 2958 quia
804 2918 909 2949 arbor
932 2917 1022 2949 feret
1045 2915 1210 2955 fructum,
1238 2917 1324 2949 ficus
1347 2923 1453 2958 atque
1477 2916 1559 2949 vitis
1583 2915 1681 2948 dabit
1705 2915 1777 2947 vim

465 2960 595 2992 suam''
609 2961 707 3002 (Joel
726 2961 760 2992 ii.
779 2963 853 3000 22);
1569 2987 1572 2990 Δ

359 3005 382 3020 “
393 3004 601 3037 Saturantur
609 3005 753 3036 arbores
762 3004 1031 3046 Jehovae,cedri
1042 3004 1166 3036 Libani
1177 3014 1263 3046 quas
1273 3003 1469 3045 plantavit”
1477 3003 1624 3044 (Psalm.
1636 3003 1702 3035 εἰν.
1709 3001 1778 3042 16);
