2060 3476
679 347 786 381 cAP.
809 346 855 387 1.,
878 346 1018 379 VERs.
1045 345 1187 390 5.—N.
1210 335 1276 377 26.
1674 346 1728 388 27

235 465 281 505 in
303 462 472 505 mundo
493 460 710 516 spirituali
731 473 822 502 non
842 465 948 500 sunt
970 459 1084 500 sicut
1107 459 1253 512 spatia
1273 458 1317 498 in
1335 456 1504 498 mundo
1519 455 1727 505 naturali,

238 528 535 581 propinquum
556 525 620 566 ibi
641 530 712 566 est
743 523 864 578 quod
894 523 992 577 quis
1023 522 1250 563 desiderat
1276 515 1442 569 videre,
1469 526 1516 561 et
1547 519 1728 572 longin-

237 602 373 644 quum
399 589 519 644 quod
545 601 637 629 non
661 587 918 629 desiderat:
952 599 1013 627 ex
1039 599 1094 626 eo
1119 598 1237 626 nunc
1263 590 1335 625 est
1371 583 1492 638 quod
1518 581 1728 636 aspectus

236 651 460 706 Significet
491 651 805 705 praesentiam.
867 659 980 697 (Quod
993 658 1141 697 aspetstus
1155 662 1186 687 et
1199 658 1284 687 visus
1297 657 1452 694 significet
1465 655 1671 690 intellectum,
1685 655 1730 684 vi-

233 716 347 746 deatur
360 723 392 744 n.
402 721 492 751 2150,
502 720 591 751 2325¹
601 715 691 749 2807,
701 713 790 750 3764,
801 712 891 750 3863,
901 712 990 750 3869,
1003 718 1116 749 10705;
1134 716 1167 741 et
1177 712 1265 749 quod
1276 711 1350 740 inde
1361 710 1580 749 pmffientiam.
1591 719 1622 740 n.
1632 718 1712 748 4723
1722 719 1729 745 ς

234 771 267 795 et
280 765 370 804 quod
382 765 484 804 spatia
497 765 530 793 in
544 764 632 794 caelo
646 772 713 793 non
725 763 788 792 sint
801 763 908 800 qualia
920 767 994 792 sunt
1007 762 1110 801 spatia
1124 762 1157 791 in
1171 761 1303 796 mundo,
1313 761 1346 790 in
1361 770 1457 799 opere
1467 761 1518 790 De
1531 761 1622 790 Caelo
1637 763 1667 789 et
1680 761 1732 790 In-

222 824 336 861 ferna,
351 821 558 861 n-191-199-)
613 811 747 866 Quod
765 808 987 864 aspefkus,
1003 822 1105 851 cum
1123 808 1179 850 de
1197 808 1408 856 Domino,
1425 814 1473 848 ut
1490 808 1576 856 hic,
1592 807 1730 860 signi-

237 876 342 918 ficet
354 877 564 919 Divinam
576 875 720 929 Ipsius
732 874 1050 928 praesentiam,
1064 878 1133 914 est
1145 872 1248 925 quia
1259 871 1481 912 Dominus
1494 871 1731 924 cognoscit

237 953 408 989 omnes,
427 946 474 980 et
496 939 559 980 illi
576 939 771 979 vicissim
789 942 1073 991 cognoscunt
1097 935 1341 976 Dominum
1358 935 1432 988 qui
1453 935 1497 974 in
1514 947 1668 975 amore
1685 940 1731 975 et

236 1002 324 1044 fide
345 1009 448 1044 sunt
470 1003 514 1042 in
537 1002 688 1055 Ipsum
707 1015 716 1052 ;
749 1000 853 1042 inde
875 1006 944 1041 est
966 998 1087 1053 quod
1113 998 1336 1039 Dominus
1358 998 1475 1052 apud
1499 998 1581 1038 hos
1603 1011 1731 1051 prae-

237 1080 340 1107 sens
366 1066 424 1106 sit
449 1065 494 1106 in
519 1065 648 1106 bonis
674 1064 838 1105 amoris
864 1069 910 1104 et
936 1063 979 1104 in
1003 1062 1118 1103 veris
1144 1060 1246 1102 fidei
1271 1075 1385 1115 quae
1407 1061 1464 1101 ab
1487 1061 1593 1114 Ipso
1615 1060 1732 1114 apud

237 1129 356 1179 illos;
384 1134 487 1169 sunt
503 1128 622 1169 enim
637 1127 713 1168 illa
726 1127 946 1168 Dominus
960 1126 1004 1166 in
1019 1124 1146 1166 caelo
1161 1131 1207 1165 et
1221 1125 1266 1165 in
1281 1123 1485 1173 ecclesia,
1499 1137 1604 1164 nam
1619 1138 1733 1177 quae

238 1192 296 1233 ab
328 1192 434 1246 Ipso
465 1190 730 1245 procedunt,
764 1196 868 1230 sunt
901 1202 991 1230 non
1023 1188 1160 1229 modo
1192 1188 1350 1241 Ipsius,
1374 1188 1454 1228 sed
1486 1194 1590 1228 sunt
1617 1187 1732 1241 Ipse.

237 1255 351 1296 Inde
377 1260 504 1308 patet
530 1253 759 1308 quomodo
783 1253 1004 1294 Dominus
1029 1258 1100 1292 est
1126 1251 1171 1292 in
1197 1251 1394 1299 homine,
1417 1251 1482 1292 ita
1502 1251 1732 1305 quomodo

238 1317 586 1372 intelligendum
612 1317 732 1371 quod
759 1315 939 1357 locutus
965 1321 1035 1356 est
1061 1314 1180 1368 apud
1205 1313 1474 1363 Jolmnnem,

305 1415 329 1429 ‘⁸
341 1413 487 1446 Manete
503 1413 540 1445 in
558 1411 630 1451 Me,
650 1418 685 1444 et
710 1411 786 1452 Ego
804 1412 840 1443 in
857 1411 960 1443 vobis
975 1421 982 1449 ;
998 1435 1006 1443 .
1023 1435 1031 1443 .
1049 1435 1057 1443 .
1075 1411 1148 1452 ‚qui
1165 1416 1287 1443 manet
1310 1410 1345 1442 in
1365 1409 1425 1442 Me
1443 1415 1478 1442 et
1504 1409 1580 1451 Ego
1605 1410 1640 1441 in
1658 1409 1732 1447 ino,

411 1457 469 1489 hic
484 1457 554 1489 fert
570 1454 724 1488 studium
743 1456 892 1487 multum
904 1454 922 1466 ”
938 1455 1010 1496 (xv,
1029 1454 1129 1495 4-7);

239 1535 358 1589 apud
384 1534 591 1583 eundem,

311 1624 331 1639 ⁴‘
343 1623 412 1666 Qui
435 1623 551 1663 diligit
575 1622 647 1661 Me,
667 1622 825 1654 Verbum
843 1631 962 1653 meum
979 1620 1151 1660 servat,”.
1164 1646 1172 1653 .
1186 1646 1193 1652 .
1208 1627 1259 1653 ,et
1277 1621 1382 1652 Pater
1398 1627 1434 1652 et
1452 1620 1529 1660 Ego
1550 1621 1572 1634 ‘⁸
1583 1619 1629 1651 ad
1645 1628 1726 1650 eum

415 1668 615 1705 veniemus,
634 1673 671 1698 et
687 1666 915 1698 mansionem
933 1666 1028 1706 apud
1044 1675 1126 1697 eum
1144 1665 1315 1696 faciemus
1326 1665 1345 1676 '¹
1361 1665 1447 1705 (xiv.
1468 1664 1544 1704 23);

240 1743 361 1798 apud
387 1743 594 1792 eundem,

305 1832 411 1875 Jesus
435 1833 480 1864 ad
503 1831 709 1872 discipulos,
729 1831 838 1863 “Vos
862 1830 1108 1871 cognoscitis”
1125 1830 1349 1862 Paracletum
1374 1830 1544 1871 Spiritum
1562 1830 1733 1868 veritatis,

417 1876 533 1918 “quia
547 1876 642 1917 apud
658 1885 723 1907 vos
741 1881 872 1913 manet,
892 1882 928 1907 et
944 1875 980 1906 in
998 1875 1099 1906 vobis
1116 1875 1183 1906 erit
1193 1874 1211 1886 ’'
1228 1875 1312 1916 (xiv,
1335 1873 1401 1913 17);

242 1969 539 2011 “Paracletus
564 1968 754 2023 Spiritus
779 1968 982 2009 veritatis
994 1967 1014 1983 '’
1039 1974 1109 2009 est
1137 1967 1349 2007 Divinum
1375 1966 1547 2008 Verum
1579 1980 1735 2020 proce—

240 2034 352 2074 dens
374 2047 400 2074 a
417 2033 629 2089 Domino,
646 2046 723 2073 seu
739 2031 860 2086 quod
882 2031 1001 2072 idem
1023 2037 1093 2072 est
1112 2030 1331 2071 Dominus
1354 2030 1501 2084 quoad
1525 2030 1735 2070 Divinum

243 2095 443 2147 Verum;
485 2102 532 2137 et
566 2094 838 2148 “discipuli'’
869 2100 974 2135 sunt
1006 2107 1163 2135 omnes
1199 2094 1273 2147 qui
1308 2093 1352 2133 in
1384 2093 1514 2134 bonis
1551 2099 1597 2134 et
1633 2093 1736 2134 inde

239 2159 357 2200 veris
382 2165 486 2200 sunt
505 2173 516 2211 ;
547 2158 650 2200 ideo
673 2159 847 2207 dicitur,
873 2156 995 2198 “Ille
1020 2158 1066 2198 in
1088 2157 1216 2198 vobis
1238 2156 1360 2198 erit.'’
1404 2156 1466 2198 Et
1489 2156 1606 2210 apud
1628 2170 1736 2198 eun-

241 2223 360 2272 dem,

408 2299 430 2314 ‘¹
441 2297 600 2331 Verbum
618 2297 712 2329 Caro
729 2295 863 2329 factum
880 2302 945 2335 est,
962 2302 998 2328 et
1013 2296 1189 2328 habitavit
1205 2296 1241 2327 in
1256 2292 1393 2328 [¹1nobis
1404 2295 1423 2308 ''
1440 2295 1476 2337 (i.
1496 2297 1571 2336 14);

243 2391 515 2434 “Verbum”
541 2393 679 2433 etiam
701 2397 771 2433 est
794 2391 1007 2432 Divinum
1030 2390 1228 2441 Verum;
1261 2396 1307 2431 et
1333 2390 1455 2444 quod
1477 2390 1522 2431 id
1553 2390 1611 2432 sit
1643 2390 1738 2432 Do-

242 2456 410 2503 minuss
425 2462 567 2508 patet,
595 2468 700 2496 nam
722 2455 885 2516 dicitur
905 2454 1027 2508 quod
1051 2453 1291 2494 “Verbum
1314 2453 1431 2495 Caro
1455 2452 1621 2494 sac'tum
1644 2454 1739 2495 sit.''

243 2518 357 2555 (Quod
371 2517 568 2547 ¹·Verbum··
590 2517 744 2555 significet
766 2517 918 2546 Divinum
940 2517 1061 2546 Verum
1082 2521 1114 2545 et
1136 2516 1323 2550 Dominum,
1338 2517 1483 2546 videatur
1497 2525 1527 2546 n.
1543 2517 1633 2554 4692,
1650 2524 1739 2554 5075,

242 2573 348 2612 9987.)
409 2562 544 2616 Quod
575 2564 712 2604 etiam
745 2577 824 2616 per
851 2560 1152 2616 “aspe6tum”
1179 2562 1250 2603 hic
1283 2561 1560 2615 significetur
1591 2563 1738 2616 provi-

244 2625 414 2675 dentia,
442 2633 513 2667 est
543 2627 647 2680 quia
677 2627 822 2667 omnis
853 2626 1110 2680 praesentia
1141 2625 1323 2666 Domini
1354 2632 1424 2667 est
1456 2626 1740 2679 providentia

244 2687 294 2724 (ut
307 2693 452 2718 constare
465 2693 569 2726 potest
583 2698 622 2717 ex
636 2688 694 2718 illis
708 2697 791 2726 quae
804 2689 838 2717 in
849 2688 1003 2726 opusculo
1013 2689 1065 2717 De
1074 2689 1167 2717 Nova
1177 2688 1395 2726 Hierosolyma
1407 2691 1438 2717 et
1449 2689 1516 2725 effus
1527 2688 1696 2722 Dolirina,
1709 2697 1740 2718 n.

244 2734 394 2773 267-279,
410 2735 496 2765 diota
510 2740 542 2765 et
555 2737 682 2765 ostensa
694 2740 783 2771 sunu
805 2735 884 2764 etin
898 2744 995 2774 opere
1007 2736 1058 2764 De
1073 2736 1164 2765 Caelo
1177 2739 1208 2764 et
1221 2735 1359 2774 Inferna,
1372 2743 1402 2764 n.
1415 2744 1444 2772 9,
1459 2743 1505 2769 12,
1519 2734 1618 2772 [143]
1634 2737 1717 2774 145).

327 2791 421 2833 26.
451 2799 564 2842 [Vers.
581 2797 630 2841 5.]
661 2795 686 2814 ¹¹
697 2790 749 2831 ft
763 2804 790 2830 a
809 2790 912 2831 desa
930 2790 1329 2844 Christo.''——Quod
1349 2789 1572 2843 significet
1593 2804 1622 2831 a
1646 2789 1738 2830 Do-

245 2852 361 2893 mino
371 2852 522 2906 quoad
526 2851 739 2893 Divinum
747 2851 1020 2901 Humanum,
1031 2858 1213 2893 constat
1225 2866 1284 2892 ex
1299 2866 1368 2900 eo,
1379 2851 1498 2905 quod
1513 2852 1557 2891 id
1573 2864 1738 2892 nomen

246 2915 429 2957 Domini
453 2916 498 2956 in
522 2915 690 2956 mundo
710 2915 854 2964 suerit,
882 2915 946 2956 ita
971 2929 1137 2956 nomen
1155 2915 1364 2955 ·Humani
1387 2914 1556 2968 Ipsius;
1589 2914 1737 2967 quoad

246 2979 457 3020 Divinum
488 2985 640 3020 autem
666 2977 745 3020 fuit
780 2991 946 3020 nomen
978 2978 1121 3032 Ipsius
1160 2977 1430 3032 “Jehovah”
1466 2983 1513 3019 et
1541 2976 1740 3018 “Deus.”
