2060 3476
634 367 741 401 cAP.
763 368 822 409 v.‚
846 367 984 401 VERs.
1014 369 1182 413 13.—N.
1207 359 1366 415 342[c].
1659 359 1740 415 651

258 470 379 523 enim
410 479 686 523 exhalantur
715 482 948 536 sphaerae,
981 488 1028 523 et
1063 481 1150 523 hae
1183 482 1400 536 sphaerae
1432 488 1670 524 vertuntur
1699 482 1744 523 in

256 541 377 584 tales
394 543 701 597 apparentias.
755 554 821 591 (De
832 554 974 592 sphaeris
985 553 1044 583 inis
1055 554 1200 583 videatur
1211 555 1243 583 in
1254 555 1394 584 Ananis
1408 555 1600 590 Caelestum,
1613 564 1644 585 n.
1658 557 1746 593 2489.

255 605 346 645 4464,
362 613 451 644 5179.
466 613 556 644 7454·
572 606 677 645 8630.)
734 595 871 649 Quod
900 602 1057 637 autem
1086 596 1152 636 illi
1176 597 1251 650 qui
1281 597 1324 636 in
1356 597 1580 650 spirituali
1608 597 1745 639 affec-

255 657 382 698 tione
403 663 450 698 et
472 657 753 710 cogitatione
777 663 896 706 sunt,
921 656 1230 710 significentur
1255 671 1333 711 per
1357 662 1502 699 “aves
1524 658 1676 708 caeli‚''
1698 665 1745 700 et

254 718 318 759 illi
333 720 405 773 qui
424 720 468 760 in
486 719 679 761 naturali
692 718 928 761 affectione
945 726 992 762 et
1010 720 1114 760 inde
1128 721 1410 773 cogitatione
1429 735 1506 774 per
1522 725 1547 742 ‘⁴
1560 720 1746 775 pisces,”

254 787 326 822 est
357 795 534 836 quoque
565 796 625 823 ex
656 783 922 836 apparentia
958 783 1002 823 in
1034 782 1203 823 mundo
1233 783 1480 836 spirituali:
1524 792 1745 838 apparent

253 845 374 886 enim
405 846 465 886 ibi
501 851 597 886 tam
622 859 734 887 -aves
765 859 900 899 quam
936 847 1096 899 pisces,
1129 859 1263 899 supra
1294 852 1438 887 terras
1468 861 1589 896 aveS,
1622 854 1669 889 et
1700 849 1745 889 in

254 907 450 948 maribus
472 908 618 961 pisces
636 922 645 959 ;
672 915 778 949 sunt
795 906 1056 949 affectiones
1077 914 1124 950 et
1146 908 1251 949 inde
1268 910 1573 962 cogitationes
1591 924 1744 951 eorum

253 971 328 1024 qui
358 970 418 1011 ibi
449 977 554 1012 sunt
585 985 699 1025 quae
729 972 795 1012 ita
825 977 1074 1025 apparent;
1108 971 1195 1012 hoc
1226 972 1374 1012 sciunt
1406 985 1564 1013 omnes
1595 973 1668 1026 qui
1699 974 1743 1013 in

253 1033 332 1074 illo
363 1034 532 1075 mundo
563 1040 695 1085 sunt;
728 1040 775 1075 et
801 1047 978 1088 quoque
1010 1040 1105 1075 tam
1136 1047 1243 1075 aves
1272 1047 1406 1088 quam
1439 1036 1584 1088 pisces
1615 1049 1641 1076 a
1671 1049 1743 1077 me

251 1097 333 1136 visi
364 1102 469 1137 sunt
501 1095 692 1150 pluries3
730 1096 808 1137 illa
837 1097 1103 1150 apparentia
1133 1103 1204 1138 est
1235 1111 1295 1138 ex
1327 1098 1741 1151 correspondentia.

251 1159 327 1200 Ex
353 1159 422 1200 his
448 1166 658 1201 constare
684 1166 840 1213 potest
866 1160 984 1201 unde
1010 1166 1080 1201 est
1106 1159 1227 1213 quod
1256 1160 1464 1200 “maria'’
1487 1161 1742 1214 significent

250 1223 507 1263 communia
537 1223 644 1271 veri,
677 1235 729 1263 ac
759 1221 1054 1271 “balaenae,”
1080 1229 1127 1263 et
1156 1223 1340 1275 “pisces
1353 1222 1372 1237 '’
1400 1222 1577 1264 illorum
1609 1223 1741 1265 affec-

249 1285 398 1326 tiones
421 1292 467 1327 et
490 1286 795 1339 cogitationes
812 1286 887 1339 qui
908 1286 952 1326 in
975 1285 1287 1326 communibus
1304 1286 1397 1326 veri
1418 1292 1536 1326 sunt.
1587 1285 1741 1340 (Quod

255 1349 434 1389 “maria
445 1348 464 1364 ’'
486 1348 743 1402 significent
769 1349 1026 1389 communia
1047 1349 1154 1397 veri,
1179 1354 1414 1389 ostensum
1436 1349 1643 1390 videatur
1668 1364 1741 1390 su-

251 1424 345 1464 pra,
361 1425 403 1451 n.
420 1410 536 1466 275.)
599 1411 770 1465 Quales
791 1411 855 1452 illi
877 1417 982 1452 sunt
1005 1412 1079 1464 qui
1100 1412 1144 1451 in
1166 1425 1310 1464 aquea
1327 1411 1404 1451 illa
1421 1412 1741 1466 atmosphaera

250 1488 366 1528 quae
387 1473 658 1527 intelligitur
679 1487 758 1527 per
782 1477 806 1494 ‘¹
820 1473 998 1523 maria,'’
1016 1475 1060 1514 in
1083 1474 1251 1515 mundo
1273 1473 1493 1527 spirituali
1515 1473 1739 1523 habitant,

249 1537 386 1578 velim
408 1538 539 1578 unico
561 1537 776 1591 exemplo
798 1537 1048 1578 illustrare:
1082 1537 1146 1578 illi
1168 1537 1274 1578 dum
1301 1537 1460 1590 legunt
1487 1537 1599 1578 haec
1622 1539 1741 1592 apud

251 1599 489 1649 Davidem,

319 1697 340 1711 ¹⁸
350 1696 467 1728 Omne
481 1696 575 1738 quod
587 1696 663 1728 vult
675 1696 848 1738 Jehovah,
865 1696 949 1728 facit
965 1697 1002 1728 in
1016 1696 1114 1728 caelo
1127 1702 1163 1728 et
1178 1702 1283 1734 terra,
1300 1696 1336 1727 in
1351 1696 1508 1728 maribus
1525 1702 1560 1728 et
1576 1696 1741 1728 omnibus

422 1740 562 1781 abyssis
572 1739 591 1752 ''
608 1739 755 1781 (Psalm.
769 1750 895 1772 cxxxv.
911 1741 956 1780 6),

247 1843 339 1871 non
375 1828 508 1870 aliter
543 1829 691 1870 sciunt
728 1842 863 1883 quam
899 1828 1019 1883 quod
1056 1843 1135 1882 per
1169 1828 1421 1870 “caelum’'
1457 1829 1740 1883 intelligatur

247 1893 424 1935 caelum
460 1890 736 1946 aspectabile
773 1905 925 1933 coram
963 1892 1118 1940 oculis,
1154 1898 1200 1933 et
1237 1905 1316 1945 per
1349 1895 1556 1933 “terram
1569 1891 1589 1907 ’'
1620 1899 1739 1933 terra

246 1955 522 2004 habitabilis,
550 1961 597 1996 et
624 1969 702 2008 per
730 1955 909 1995 “maria
921 1954 940 1970 '’
965 1961 1012 1995 et
1042 1954 1269 2007 “abyssos
1281 1954 1300 1970 ”
1327 1956 1467 1995 maria
1492 1961 1538 1996 et
1571 1955 1736 2008 abyssi,

245 2019 311 2060 ita
328 2018 448 2072 quod
468 2017 675 2072 Jehovah
697 2017 832 2058 faciat
850 2018 895 2057 in
913 2017 999 2058 illis
1017 2018 1226 2071 quicquid
1244 2017 1342 2059 vult
1360 2032 1370 2069 ;
1403 2024 1449 2059 et
1467 2031 1557 2059 non
1575 2018 1742 2059 adduci-

246 2087 437 2136 possunt
477 2080 535 2123 ad
575 2080 850 2121 credendum
889 2080 1010 2134 quod
1049 2094 1128 2134 per
1167 2080 1418 2121 “caelum”
1454 2080 1738 2134 intelligatur

246 2144 422 2186 caelum
450 2143 720 2197 angelicum,
748 2157 827 2197 per
855 2147 1059 2184 “terram
1072 2142 1090 2158 '’
1116 2143 1175 2184 ibi
1206 2142 1271 2184 illi
1296 2144 1370 2197 qui
1401 2143 1512 2184 infra
1543 2150 1662 2192 sunt,
1690 2151 1736 2185 et

234 2221 325 2260 ,per
352 2206 560 2248 “maria'’
586 2212 632 2248 et
659 2220 737 2260 per
765 2210 790 2226 “
806 2205 1027 2259 abyssos”
1053 2205 1116 2247 illi
1142 2207 1215 2260 qui
1246 2206 1305 2247 ibi
1336 2207 1381 2247 in
1407 2206 1577 2247 ultimis
1603 2215 1735 2257 sunt;

245 2270 358 2311 haec
390 2270 493 2324 quia
524 2269 772 2324 spiritualia
804 2276 924 2318 sunt,
957 2276 1003 2310 et
1035 2283 1168 2323 supra
1199 2282 1380 2310 sensum
1417 2268 1612 2317 litterae,
1646 2283 1737 2310 non

245 2333 405 2374 volunt
437 2339 484 2374 et
520 2346 656 2386 aegre
692 2339 882 2387 possunt
919 2333 1162 2387 percipere,
1196 2346 1256 2373 ex
1287 2345 1422 2373 causa
1453 2333 1556 2386 quia
1587 2333 1737 2373 omnia

244 2395 402 2437 vident
434 2395 700 2436 naturaliter
730 2401 778 2437 et
808 2395 1090 2436 sensualiter.
1163 2395 1275 2436 Inde
1306 2409 1482 2449 quoque
1514 2401 1584 2436 est
1616 2396 1736 2449 quod

244 2473 324 2513 per
349 2458 461 2500 haec
487 2458 625 2500 verba
650 2459 694 2499 in
718 2458 1004 2512 Apocalypsi,

314 2555 428 2587 .⁸Vidi
447 2554 584 2629 caelutgx
603 2564 737 2638 npvzum
756 2560 793 2638 eg
811 2560 942 2586 terram
962 2564 1106 2592 novam,
1129 2564 1213 2586 nam
1236 2555 1389 2596 primum
1409 2554 1545 2586 caelum
1565 2560 1601 2586 et
1622 2554 1735 2595 prima

419 2605 514 2630 terra
528 2608 550 2630 a
575 2598 616 2630 iit
675 2598 745 2630 xxi.
762 2606 777 2629 1
797 2623 805 2635 ,

244 2685 463 2729 hactenus
481 2684 763 2728 intellectum
780 2685 911 2727 fuerit
929 2686 1050 2740 quod
1066 2685 1242 2728 caelum
1256 2685 1532 2740 aspectabile
1550 2693 1597 2728 et
1615 2693 1735 2728 terra

243 2749 504 2791 habitabilis
535 2750 732 2803 peritura
762 2749 868 2798 sint,
895 2762 947 2790 ac
979 2762 1147 2790 novum
1178 2749 1353 2790 caelum
1385 2756 1432 2790 et
1465 2763 1582 2790 nova
1614 2756 1734 2791 terra

244 2814 496 2855 exstitura:
529 2812 649 2866 quod
680 2826 760 2866 per
787 2811 1032 2853 “caelum”
1057 2812 1117 2853 ibi
1146 2812 1430 2866 intelligatur
1455 2812 1630 2853 caelum
1662 2813 1732 2854 ubi

243 2875 408 2929 angeli,
425 2889 476 2916 ac
495 2889 574 2929 per
589 2879 615 2896 ‘⁶
628 2881 794 2916 terram
807 2874 827 2891 ”
840 2875 899 2916 ibi
916 2874 1198 2928 intelligatur
1211 2875 1403 2916 ecclesia
1420 2875 1494 2916 ubi
1511 2875 1730 2923 homines,

242 2939 363 2994 quod
389 2952 507 2979 nova
531 2938 678 2979 futura
704 2939 808 2987 sint,
837 2951 927 2979 non
957 2937 1224 2992 [percipere]
1252 2938 1411 2979 volunt
1438 2944 1484 2978 et
1510 2938 1614 2978 inde
1640 2951 1731 2978 non

242 3001 506 3056 intelligunt
528 3001 591 3042 illi
613 3001 686 3055 qui
709 3013 829 3042 mere
851 3001 1119 3042 naturaliter
1136 3007 1183 3042 et
1206 3000 1474 3042 sensualiter
1493 3001 1701 3054 cogitant
1719 3014 1729 3051 3
