2060 3476
281 347 356 379 122
690 347 1024 381 APOCALYPSIS
1055 349 1354 382 EXPLICATA.

274 459 386 562 εἴη
431 466 585 513 potest
617 461 846 514 quomodo
877 460 1175 515 intelligenda
1206 468 1310 504 sunt
1342 462 1454 504 haec
1487 462 1606 516 apud
1636 462 1762 504 Mat-

273 527 292 562 t
324 536 461 571 aeum,

341 626 364 640 “
377 625 545 667 Quisquis
563 627 686 667 recipit
710 627 921 668 prophetam
938 627 974 659 in
993 628 1138 660 nomine
1162 629 1368 669 prophetae,
1389 628 1588 660 mercedem
1613 629 1764 670 prophe-

446 675 503 701 tae
520 671 667 711 accipiet
682 681 688 703 ε
715 677 750 702 et
767 671 825 712 qui
842 671 967 712 recipit
981 671 1115 712 justum
1132 672 1168 704 in
1186 672 1332 704 nomine
1347 672 1444 713 justi,
1461 672 1661 704 mercedem
1677 672 1764 713 justi

446 714 616 754 accipiet;
641 720 676 746 et
693 714 752 755 qui
776 720 899 755 potum
923 715 1059 748 dederit
1074 716 1136 747 uni
1149 726 1194 748 ex
1208 716 1264 747 his
1288 716 1407 756 parvis
1424 716 1589 756 poculum
1613 716 1764 756 frigidae

446 758 616 813 solumnin
634 758 779 790 nomine
796 758 970 800 discipuli,
985 769 1089 791 amen
1107 759 1186 792 dico
1205 759 1318 798 vobis,
1333 769 1406 791 non
1424 759 1547 800 perdet
1563 760 1762 791 mercedem

446 811 547 833 suam
595 802 641 842 (x.
657 811 711 842 41,
727 802 803 843 42):

274 908 517 962 “recipere
569 909 837 962 prophetam
890 910 934 950 in
983 910 1164 951 nomine
1214 909 1502 964 prophetae‚''
1553 908 1761 962 “justum

271 971 314 1011 in
360 972 540 1012 nomine
572 971 717 1024 justi‚”
755 978 801 1013 et
842 976 1037 1026 “potum
1076 973 1182 1014 dare
1221 974 1265 1013 in
1302 973 1482 1014 nomine
1521 972 1762 1026 discipuli,”

271 1033 494 1087 significat
540 1048 690 1076 amare
739 1048 892 1076 verum
937 1042 1119 1089 propter
1163 1049 1332 1085 verum,
1358 1036 1525 1077 bonurn
1579 1042 1763 1090 propter

270 1097 452 1146 bonum,
491 1104 537 1139 et
574 1112 788 1140 exercere
826 1099 1094 1140 charitatem
1134 1113 1193 1140 ex
1229 1099 1316 1140 fide
1346 1100 1465 1150 veri;
1506 1113 1585 1154 per
1622 1103 1761 1153 “pro-

271 1160 487 1214 phetam”
532 1162 651 1202 enim
693 1161 969 1215 significatur
1009 1175 1177 1212 verum,
1221 1176 1299 1216 per
1345 1162 1578 1216 “justum”
1623 1163 1761 1216 signi—

270 1223 429 1264 ficatur
470 1225 650 1272 bonum,
691 1231 737 1266 et
778 1239 857 1279 per
899 1225 1233 1279 “discipulum''
1274 1225 1550 1278 significatur
1594 1226 1761 1267 bonum

271 1301 329 1328 ex
376 1299 496 1336 vero,
541 1295 587 1330 et
635 1289 779 1330 “dare
823 1295 980 1342 potum
1025 1289 1241 1343 frigidae”
1286 1295 1356 1331 est
1401 1304 1459 1331 ex
1505 1290 1763 1331 obedientia

271 1351 541 1392 charitatem
564 1365 805 1403 exercere;
831 1347 1112 1394 “innomine
1124 1352 1143 1368 ’'
1160 1366 1314 1394 eorum
1337 1359 1408 1394 est
1431 1359 1614 1407 propter
1631 1352 1762 1406 quale

270 1413 462 1463 illorum,
498 1416 562 1456 ita
603 1422 787 1469 propter
822 1414 911 1456 illa.
973 1414 1083 1468 Quis
1119 1429 1305 1470 usquam
1337 1415 1413 1456 illa
1450 1415 1762 1465 intellecturus

271 1484 406 1526 esset,
451 1479 534 1518 nisi
577 1479 711 1519 sciret
754 1478 859 1532 quid
905 1478 1128 1532 significat
1172 1482 1376 1520 “nomen
1392 1478 1430 1519 ?”
1501 1478 1671 1520 Amare
1715 1485 1761 1520 et

270 1540 415 1581 facere
451 1555 604 1582 verum
642 1548 826 1595 propter
861 1555 1029 1590 verum,
1068 1548 1113 1583 et
1156 1542 1323 1582 bonum
1359 1548 1542 1596 propter
1578 1542 1760 1591 bonum,

271 1610 340 1644 est
373 1603 487 1645 affici
515 1618 622 1646 vero
647 1611 693 1646 et
726 1605 846 1645 bono
878 1612 1063 1659 propter
1088 1604 1177 1653 illa,
1204 1611 1249 1646 et
1276 1618 1366 1646 non
1393 1611 1577 1659 propter
1601 1606 1665 1645 sui
1696 1605 1760 1645 fa-

271 1680 405 1715 mam,
438 1667 670 1716 honorem,
704 1674 750 1708 et
783 1667 966 1708 lucrum.
1030 1667 1115 1708 Illa
1145 1666 1322 1708 affectio
1353 1668 1444 1708 veri
1476 1674 1523 1709 et
1555 1668 1659 1709 boni
1692 1675 1762 1709 est
1792 1667 1794 1669 ’

270 1728 447 1771 affectio
469 1744 573 1771 vere
599 1730 864 1783 spiritualis;
898 1737 945 1772 at
971 1729 1147 1772 affectio
1169 1732 1261 1771 veri
1286 1737 1333 1771 et
1359 1731 1463 1771 boni
1489 1738 1673 1784 propter
1697 1731 1762 1772 sui

270 1793 450 1842 famam,
484 1794 717 1841 honorem,
751 1800 798 1835 et
837 1793 1022 1843 lucrum,
1053 1801 1126 1835 est
1158 1792 1334 1835 affectio
1366 1807 1487 1835 mere
1520 1794 1759 1835 naturalis:

270 1863 316 1898 et
348 1858 450 1910 quia
482 1856 543 1897 illi
576 1858 649 1910 qui
680 1852 834 1898 amant
862 1871 1014 1898 verum
1047 1864 1092 1899 et
1125 1858 1290 1898 bonurn
1323 1863 1506 1910 propter
1530 1870 1682 1898 verum
1715 1863 1761 1898 et

269 1920 450 1969 bonurn,
470 1934 547 1960 seu
569 1920 670 1973 quia
688 1926 756 1960 est
780 1933 931 1960 verum
955 1927 1000 1961 et
1023 1921 1204 1969 bonum,
1224 1921 1267 1960 in
1285 1919 1501 1973 spirituali
1524 1918 1759 1960 affectione

269 1984 360 2024 veri
383 1990 428 2024 et
452 1983 556 2024 boni
580 1989 697 2030 sunt,
721 1983 822 2023 ideo
846 1983 1007 2023 dicitur
1024 1983 1144 2036 quod
1163 1982 1456 2023 “mercedem
1480 1982 1761 2036 prophetae‘’

269 2054 315 2088 et
345 2046 517 2100 “justi’'
542 2047 793 2099 accipient;
827 2046 911 2086 hoc
944 2053 1028 2094 est,
1055 2046 1175 2100 quod
1206 2047 1250 2086 in
1282 2046 1500 2099 spirituali
1525 2043 1760 2087 affectione

268 2111 360 2151 veri
384 2116 430 2150 et
453 2110 558 2150 boni
583 2110 686 2157 sint,
706 2123 818 2162 quae
836 2107 1012 2150 affectio
1030 2109 1073 2149 in
1096 2123 1144 2149 se
1162 2109 1431 2157 mercedem,
1450 2109 1552 2162 quia
1569 2108 1758 2157 caelum,

268 2171 424 2212 habet.
484 2181 595 2218 (Quod
614 2181 743 2210 felicitas
763 2180 841 2210 caeli
860 2181 899 2210 sit
925 2181 958 2209 in
977 2180 1146 2210 affectione
1164 2180 1294 2210 amandi
1312 2184 1344 2209 et
1362 2179 1497 2209 faciendi
1515 2189 1625 2209 verum
1646 2185 1677 2209 et
1704 2181 1761 2209 bo-

268 2241 346 2261 num
361 2233 482 2269 absque
498 2231 560 2260 fine
576 2231 739 2265 mercedis,
756 2231 799 2260 ita
813 2236 943 2268 propter
958 2240 1068 2260 verum
1084 2236 1115 2260 et
1130 2231 1262 2265 bonum,
1278 2231 1423 2260 videatur
1438 2230 1470 2259 in
1484 2230 1624 2260 Arcanis
1641 2231 1761 2260 Caeles-

267 2280 358 2314 tihus,
375 2289 406 2309 n.
422 2280 511 2316 6388,
528 2279 616 2315 6478,
633 2287 722 2316 9174,
737 2280 826 2315 9984.
871 2279 969 2315 Quod
985 2281 1001 2293 '⁴
1012 2277 1195 2316 propheta''
1211 2278 1368 2316 significet
1389 2278 1559 2307 docentem
1581 2287 1702 2312 verum,
1718 2278 1761 2307 ita

267 2335 397 2364 quoque
418 2325 575 2355 abstracte
597 2334 706 2354 verum
729 2325 819 2362 quod
840 2325 981 2359 docetur,
997 2334 1028 2355 n.
1052 2332 1140 2362 2534,
1156 2325 1245 2361 7269.
1283 2325 1387 2362 Quod
1410 2324 1582 2362 “justum''
1605 2325 1761 2362 significet

267 2373 388 2402 bonum
404 2373 519 2402 amoris
534 2373 566 2401 in
582 2372 768 2406 Dominum,
782 2381 812 2401 n.
829 2379 917 2409 2235,
930 2374 1019 2409 9857.
1064 2372 1161 2409 Quod
1175 2374 1191 2385 '¹
1202 2371 1401 2409 discipulus''
1415 2371 1569 2408 significet
1582 2371 1705 2401 bonum
1721 2381 1759 2400 ex

268 2429 352 2454 vero,
375 2420 463 2457 quod
485 2423 531 2448 est
551 2419 674 2447 bonum
696 2418 863 2452 charitatis,
886 2427 917 2448 n.
941 2427 1030 2455 2129,
1053 2425 1141 2456 3354,
1158 2420 1247 2455 3488,
1262 2420 1351 2455 3858,
1367 2418 1456 2455 6397.
1500 2418 1597 2455 Quod
1619 2421 1759 2456 “potum

267 2467 369 2497 dare''
385 2468 424 2496 sit
445 2467 597 2495 instruere
619 2466 651 2494 in
671 2466 764 2494 bonis
779 2470 810 2494 et
824 2466 904 2494 veris
925 2465 1008 2500 fidei,
1024 2474 1062 2494 ac
1083 2466 1126 2494 ita
1147 2465 1330 2494 charitatem
1345 2474 1501 2501 exercere,
1517 2474 1548 2495 n.
1564 2466 1653 2503 3069,
1669 2474 1758 2503 3772,

266 2523 356 2552 4017,
371 2516 461 2552 4018,
478 2512 600 2551 [¹18562,
615 2521 705 2551 9412.
749 2513 790 2542 Et
811 2513 902 2550 quod
917 2515 933 2526 ¹*
945 2522 1063 2542 nomen
1074 2512 1090 2522 '’
1105 2513 1259 2550 significet
1274 2513 1367 2550 quale
1382 2513 1435 2547 rei,
1452 2521 1483 2542 n.
1502 2521 1568 2550 144,
1587 2519 1653 2550 145,
1671 2520 1758 2550 1754,

268 2561 356 2598 1896,
373 2569 461 2598 2009.
476 2569 572 2597 3237:
595 2560 669 2589 inde
685 2563 701 2574 ¹¹
712 2569 831 2590 nomen
845 2560 1015 2599 Jehovae''
1031 2569 1088 2590 seu
1103 2563 1120 2574 ‘¹
1133 2559 1289 2589 Domini'’
1307 2569 1403 2589 omne
1417 2560 1511 2597 quale
1531 2569 1588 2598 per
1602 2560 1691 2597 quod
1706 2569 1759 2589 co-

265 2608 349 2642 litur,
365 2617 395 2637 n.
413 2617 502 2644 2724,
518 2608 607 2645 3006,
623 2607 711 2644 6674,
728 2607 832 2645 9310.)
1389 2618 1393 2624 ·

346 2682 478 2725 103.
517 2671 596 2711 “ft
611 2684 689 2711 non
709 2670 1132 2723 defecisti.''—Quod
1150 2670 1372 2724 significet
1389 2685 1611 2724 quousque
1623 2677 1756 2724 potu-

266 2739 407 2781 erunt,
441 2739 624 2774 constat
665 2746 724 2773 ex
766 2732 1094 2786 significatione
1127 2736 1254 2773 “non
1296 2732 1526 2781 deficere,”
1558 2746 1658 2774 cum
1699 2733 1756 2773 de

265 2797 350 2838 illis
376 2797 450 2851 qui
476 2795 661 2837 student
689 2796 1021 2849 cognitionibus
1046 2797 1138 2836 veri
1164 2797 1355 2844 et·b0ni,
1383 2796 1502 2850 quod
1529 2797 1586 2837 sit
1613 2809 1755 2849 quan-

265 2868 360 2902 tum
401 2865 616 2913 possunt;
660 2860 808 2912 agitur
845 2860 962 2900 enim
1003 2860 1047 2899 in
1088 2873 1203 2900 nunc
1241 2860 1530 2913 sequentibus
1568 2858 1625 2899 de
1662 2859 1756 2899 vita

264 2923 509 2964 secundum
541 2922 664 2963 illas:
699 2924 772 2976 qui
803 2924 846 2963 in
873 2923 965 2963 vita
991 2922 1236 2963 secundum
1268 2923 1367 2963 illas
1399 2929 1515 2971 sunt,
1542 2922 1605 2962 illi
1637 2922 1756 2963 ultra

256 2986 449 3036 vadunt,
478 2993 523 3028 et
550 3000 640 3027 non
667 2986 905 3038 deficiunt;
939 2986 1017 3027 sed
1045 2987 1117 3039 qui
1148 2986 1293 3027 adhuc
1326 2987 1370 3026 in
1396 2985 1501 3027 solis
1528 2986 1753 3038 cognitio-

1723 3075 1739 3085 ἢ

2047 2657 2060 2709 ’ἵ

2054 2721 2060 2747 2
