2060 3476
312 358 396 402 374
722 360 1055 406 APOCALYPSIS
1086 362 1385 395 EXPLICATA.

375 473 397 487 “
410 472 446 504 Si
464 482 536 504 non
553 473 755 506 obediveris
771 474 850 506 voci
869 474 935 506 Dei
952 475 1003 507 tui
1019 475 1252 507 custodiendo
1269 475 1314 507 ad
1330 474 1532 506 faciendum
1549 474 1671 506 omnia
1694 484 1794 516 prae-

479 522 581 557 cepta
599 517 727 557 Ipsius,
738 542 745 549 .
761 542 768 550 .
782 543 789 550 .
804 519 991 559 .percutiet
1004 525 1039 550 te
1055 519 1216 560 Jehovah
1233 519 1352 550 furore
1369 524 1404 550 et
1417 518 1585 550 caecitate
1598 523 1634 550 et
1649 523 1794 559 stupore

479 560 608 599 cordis,
622 566 660 592 ut
671 561 720 592 sis
731 562 908 602 palpitans
926 562 962 593 in
979 563 1138 601 meridie,
1155 563 1245 594 sicut
1258 562 1407 603 palpitat
1418 571 1542 593 caecus
1558 561 1595 593 in
1606 561 1762 593 tenebris
1774 561 1793 574 '¹

478 602 613 643 (Deutr.
627 604 749 636 xxviii.
766 603 854 647 [15,]
871 603 941 648 28[,
962 603 1056 647 29]);

303 704 383 743 per
408 691 527 745 quod
550 692 688 733 etiam
710 693 992 747 intelligitur,
1013 694 1132 747 quod
1155 694 1379 734 caecitate
1394 699 1440 734 et
1458 699 1642 746 stupore
1664 693 1790 746 spiri-

303 753 414 794 tuali
441 749 752 813 percutientur
774 756 838 797 illi
869 757 942 810 qui
974 770 1064 797 non
1097 756 1314 804 obediunt
1339 757 1439 797 voci
1471 756 1654 797 Domini
1685 756 1790 796 faci-

302 816 422 858 endo
452 816 530 858 illa
561 832 675 872 quae
707 819 751 859 in
774 818 929 860 Verbo
960 826 1280 872 praeceperat:
1324 819 1521 859 caecitas
1548 818 1790 872 spiritualis

302 879 533 921 oculorum
579 886 626 922 et
672 887 831 934 stupor
870 881 1114 935 spiritualis
1160 882 1307 922 cordis
1353 887 1423 922 est
1465 881 1612 922 nullus
1653 880 1789 922 intel-

301 940 444 983 leetus,
470 943 562 983 veri
589 949 635 984 et
663 943 786 984 nulla
811 944 1025 985 voluntas
1050 944 1182 995 boni;
1219 943 1480 998 “palpitare
1505 945 1548 984 in
1575 944 1758 985 meridie
1771 943 1790 959 ”

301 1008 372 1044 est
403 1003 509 1044 talis
541 1018 641 1045 esse
671 1005 715 1044 in
745 1004 942 1046 ecclesia
972 1005 1047 1046 ubi
1078 1005 1157 1046 lux
1187 1006 1281 1046 veri
1311 1005 1446 1045 datur
1475 1019 1555 1059 per
1584 1005 1789 1046 Verbum

301 1063 404 1101 (quod
419 1065 619 1094 “meridies''
635 1066 789 1103 significet
802 1066 856 1095 ubi
871 1075 982 1095 verum
997 1071 1043 1096 est
1057 1067 1089 1096 in
1103 1067 1183 1101 luce,
1199 1067 1343 1096 videatur
1357 1075 1390 1097 n.
1406 1067 1501 1105 9642;
1525 1071 1556 1096 et
1577 1067 1608 1095 in
1624 1075 1719 1104 opere
1742 1067 1792 1096 De

304 1111 396 1140 Caelo
410 1115 442 1140 et
455 1112 593 1150 Inferna,
609 1121 640 1142 n.
658 1114 725 1150 148,
739 1121 806 1150 149,
824 1115 906 1150 151).

384 1163 599 1218 240[a].
641 1163 775 1217 Quod
798 1171 952 1206 autem
977 1165 1161 1206 “nudus
1173 1165 1192 1181 ''
1214 1165 1439 1219 significet
1462 1164 1564 1206 illos
1586 1165 1660 1218 qui
1685 1165 1789 1205 abs-

299 1239 385 1278 que
426 1225 663 1268 intellec‘tu
694 1227 786 1268 veri
827 1228 930 1281 quia
972 1227 1142 1282 absque
1172 1227 1412 1269 voluntate
1452 1227 1571 1276 boni,
1605 1233 1788 1268 constat

298 1289 436 1329 etiam
459 1303 518 1330 ex
541 1289 651 1330 locis
673 1290 718 1330 in
737 1290 891 1331 Verbo
909 1291 982 1331 ubi
1003 1290 1186 1331 “nudus
1198 1290 1218 1306 ”
1236 1297 1282 1332 et
1308 1291 1528 1332 “nuditas
1541 1290 1560 1306 ’¹
1583 1290 1787 1331 nomina-

298 1357 384 1400 tur,
413 1366 528 1406 quae
554 1352 665 1393 infra
696 1353 990 1394 adducentur.
1054 1352 1189 1407 Quod
1218 1353 1432 1395 “nudus”
1458 1359 1504 1395 et
1539 1353 1756 1394 “nuditas
1770 1352 1788 1368 ’'

297 1413 375 1455 illa
397 1414 666 1468 significent,
691 1422 761 1457 est
784 1417 886 1470 quia
907 1421 931 1437 “
945 1416 1254 1458 vestimenta''
1276 1416 1534 1470 significant
1552 1430 1657 1457 vera
1674 1430 1788 1470 quae

297 1477 583 1530 intellectum
613 1485 663 1522 et
686 1481 759 1534 qui
785 1480 955 1534 absque
981 1481 1099 1521 veris
1125 1486 1195 1522 est
1217 1480 1253 1521 is
1279 1494 1456 1534 quoque
1477 1479 1646 1533 absque
1667 1479 1787 1520 bono

297 1549 382 1592 est,
422 1556 526 1584 nam
565 1556 699 1585 omne
740 1544 908 1584 bonum
946 1543 1180 1598 spirituale
1221 1549 1509 1597 comparatur
1545 1556 1623 1596 per
1654 1556 1786 1592 vera;

296 1605 464 1646 bonum
482 1606 712 1660 spirituale
729 1607 900 1661 absque
919 1606 1005 1648 illis
1025 1621 1102 1648 seu
1121 1607 1205 1647 nisi
1222 1621 1301 1660 per
1318 1606 1394 1648 illa
1413 1620 1503 1647 non
1520 1606 1653 1646 datur
1669 1619 1679 1657 ;
1706 1605 1785 1646 bo-

296 1682 402 1710 num
426 1669 657 1723 spirituale
680 1676 750 1711 est
773 1669 987 1711 charitas.
1052 1673 1077 1690 “
1092 1669 1249 1711 Nudus
1262 1669 1281 1685 '’
1304 1676 1350 1711 et
1376 1669 1596 1710 “nuditas
1607 1668 1626 1684 '¹
1648 1669 1786 1722 signi-

295 1730 432 1773 ficant
465 1732 749 1786 deprivatum
782 1747 860 1774 seu
902 1732 1266 1786 deprivationem
1306 1733 1363 1774 ab
1398 1731 1705 1785 intelligentia
1740 1737 1785 1773 et

294 1794 353 1835 ab
393 1808 559 1846 amore,
604 1797 670 1837 ita
713 1796 771 1837 ab
811 1794 1049 1837 intellestu
1090 1795 1196 1837 boni
1241 1801 1287 1837 et
1332 1809 1358 1836 a
1393 1794 1633 1836 voluntate
1678 1793 1784 1847 ejus,

294 1859 434 1900 etiam
465 1873 525 1900 ex
551 1872 699 1908 causa,
728 1859 831 1913 quia
856 1865 1009 1900 vestes
1042 1864 1206 1912 tegunt
1233 1872 1394 1912 corpus
1425 1863 1471 1899 et
1498 1870 1679 1899 carnem
1696 1871 1706 1908 ;
1739 1863 1785 1898 et

295 1935 375 1974 per
403 1921 634 1975 “corpus’'
665 1928 712 1963 et
751 1921 1003 1962 “carnem''
1036 1921 1316 1974 significatur
1351 1921 1534 1970 bonum,
1567 1920 1672 1962 inde
1708 1933 1786 1974 per

297 1988 487 2025 “vestes
500 1984 519 1999 ”
552 1983 864 2038 significantur
894 1984 971 2025 illa
1007 1998 1120 2038 quae
1153 1989 1317 2037 tegunt
1353 1984 1535 2024 bonum.
1597 1982 1684 2023 Est
1716 1983 1784 2023 in-

294 2045 505 2088 tellectus
531 2047 624 2088 veri
656 2053 703 2088 et
735 2053 805 2088 est
838 2045 1097 2088 intellectus
1128 2046 1261 2097 boni;
1300 2044 1557 2087 intellectus
1588 2046 1681 2086 veri
1713 2052 1783 2086 est

292 2108 552 2151 intellectus
570 2109 729 2151 talium
751 2124 865 2164 quae
887 2109 990 2150 fidei
1013 2116 1133 2158 sunt,
1150 2123 1201 2150 ac
1224 2107 1484 2150 intellectus
1499 2109 1606 2150 boni
1628 2115 1698 2150 est
1715 2110 1783 2150 in-

293 2171 504 2214 tellectus
531 2173 690 2214 talium
721 2187 835 2227 quae
861 2174 1026 2214 amoris
1048 2180 1094 2214 et
1118 2173 1354 2214 charitatis
1380 2179 1498 2214 sunt.
1560 2172 1646 2213 Est
1672 2186 1783 2226 quo-

294 2251 380 2291 que
428 2236 641 2278 voluntas
681 2238 774 2278 veri
815 2243 861 2278 et
902 2236 1116 2278 voluntas
1157 2237 1289 2287 boni;
1331 2235 1544 2277 voluntas
1580 2236 1673 2276 veri
1713 2242 1783 2277 est

294 2299 414 2354 apud
451 2295 553 2340 illos
595 2300 668 2354 qui
705 2314 729 2341 e
766 2299 986 2353 spirituali
1022 2313 1164 2353 regno
1201 2299 1384 2340 Domini
1419 2305 1538 2347 sunt,
1571 2297 1783 2340 voluntas

294 2369 449 2404 autem
467 2363 574 2403 boni
596 2369 666 2403 est
688 2363 807 2416 apud
829 2362 932 2403 illos
954 2363 1027 2416 qui
1049 2376 1073 2403 e
1095 2376 1237 2415 regno
1254 2361 1440 2403 caelesti
1459 2361 1641 2402 Domini
1663 2367 1781 2402 sunt.

294 2425 356 2466 Hi
387 2427 490 2479 quia
520 2427 566 2466 in
597 2438 750 2466 amore
781 2426 825 2466 in
860 2425 1108 2466 Dominum
1134 2431 1180 2466 et
1211 2425 1315 2466 inde
1351 2426 1395 2465 in
1426 2437 1579 2465 amore
1610 2430 1781 2473 mutuo,

292 2489 367 2542 qui
392 2488 478 2529 illis
501 2494 572 2529 est
595 2488 793 2529 charitas
816 2501 924 2541 erga
946 2489 1217 2541 proximum,
1242 2501 1348 2528 vera
1369 2487 1540 2528 habent
1566 2487 1784 2540 inscripta

294 2552 503 2593 cordibus
545 2552 650 2600 suis,
678 2557 724 2592 et
762 2551 865 2592 inde
896 2551 1065 2592 faciunt
1097 2550 1200 2602 illa;
1240 2556 1286 2591 et
1323 2550 1444 2604 quod
1480 2550 1686 2603 procedit
1722 2563 1782 2590 ex

292 2615 430 2656 corde
452 2620 523 2655 est
546 2628 605 2655 ex
628 2613 867 2655 voluntate
889 2613 1022 2664 boni;
1049 2613 1193 2655 “cor’'
1216 2619 1286 2654 est
1308 2612 1520 2654 voluntas
1542 2613 1661 2654 boni.
1713 2612 1781 2653 At

291 2678 356 2719 illi
382 2678 456 2732 qui
480 2678 524 2718 in
551 2690 704 2718 amore
730 2690 838 2730 erga
870 2678 1126 2730 proximum
1149 2683 1269 2725 sunt,
1293 2677 1366 2730 qui
1392 2689 1518 2717 amor
1539 2682 1609 2716 est
1635 2675 1781 2716 chari-

292 2747 379 2789 tas,
404 2753 495 2781 non
526 2739 697 2781 habent
720 2754 826 2780 vera
856 2740 1073 2793 inscripta
1098 2740 1320 2788 cordibus,
1349 2739 1428 2779 sed
1460 2739 1702 2779 memoriae
1734 2745 1780 2779 et

291 2804 396 2844 inde
422 2803 565 2844 menti
590 2801 913 2853 intelle&uali;
947 2808 993 2843 et
1019 2802 1139 2855 quod
1165 2802 1269 2842 inde
1295 2801 1498 2855 procedit
1525 2815 1584 2842 ex
1610 2799 1779 2842 affecti-

292 2880 380 2907 one
402 2872 472 2907 est
494 2865 706 2906 voluntas
729 2866 834 2906 veri.
897 2866 970 2906 Ita
991 2865 1330 2918 distinguuntur
1351 2863 1501 2917 angeli
1523 2862 1778 2917 spirituales

292 2929 350 2969 ab
376 2928 550 2982 angelis
577 2928 860 2969 caelestibus.
919 2927 979 2968 Hi
1006 2928 1112 2968 nudi
1134 2933 1355 2981 apparent
1381 2928 1425 2967 in
1447 2926 1588 2975 caelo,
1612 2925 1676 2966 illi
1698 2939 1776 2966 au-

292 2997 388 3032 tem
413 2992 580 3032 vestiti.
643 2989 789 3032 Causa
814 2991 933 3044 quod
956 2990 1106 3044 angeli
1133 2989 1354 3031 caelestes
1381 2989 1486 3030 nudi
1511 2994 1776 3042 appareant,
