2060 3476
270 329 353 372 266
678 333 1011 367 APOCALYPSIS
1042 333 1344 367 EXPLICATA.

349 445 478 488 188.
517 444 602 486 “Et
629 445 828 486 confir-ma
845 444 1005 499 reliqua
1028 457 1134 513 quae
1155 444 1588 498 moritum.''—Quod
1617 446 1755 500 signi-

266 506 371 549 ficet
397 514 446 548 ut
469 507 549 548 illa
570 521 681 560 quae
699 513 805 548 sunt
825 507 1009 548 moralis
1031 508 1150 548 vitae
1173 507 1462 562 vz'vzflcentur,
1491 514 1673 550 constat
1695 523 1755 550 ex

267 570 599 623 significatione
638 569 983 619 “confirmare‚''
1019 571 1139 624 quod
1175 571 1234 611 sit
1270 569 1493 611 vivificare
1534 584 1612 624 per
1652 586 1755 613 vere

267 633 487 675 moralem
511 635 680 684 vitam;
713 647 818 674 nam
842 647 949 674 vera
970 647 1029 674 ex
1053 633 1208 674 Verbo
1230 632 1458 674 vivificant
1481 633 1619 683 illam,
1643 648 1756 688 quae

267 711 369 739 cum
400 696 651 738 vivificatur
683 697 822 737 etiam
859 696 1163 745 confirmatur,
1193 709 1328 736 unum
1365 697 1483 737 enim
1522 703 1629 738 tunc
1662 699 1757 751 agit

267 774 368 802 cum
401 759 646 814 spirituali:
690 760 785 800 vita
816 773 1009 813 namque
1050 758 1294 812 spiritualis
1325 765 1371 799 et
1408 759 1589 800 moralis
1621 774 1756 802 unum

267 830 410 876 agunt
450 823 569 876 apud
605 822 708 863 illos
745 823 819 876 qui
856 821 1110 875 spirituales
1148 828 1267 869 sunt,
1305 822 1421 863 sicut
1458 822 1671 864 voluntas
1711 829 1757 865 et

267 885 411 937 actim
458 885 672 927 voluntas
709 892 779 926 est
817 884 1059 939 spiritualis
1095 884 1290 925 hominis
1323 891 1369 925 et
1408 884 1500 937 ejus
1536 887 1672 935 vitae,
1710 893 1757 940 et

266 948 384 990 actio
411 955 481 990 est
509 948 691 989 moralis
722 947 949 1002 (videatur
975 961 1121 1001 supra,
1150 961 1191 987 n.
1224 946 1335 1002 182).
1399 947 1665 989 “Confirma
1685 963 1756 990 re-

269 1012 388 1066 liqua
428 1026 543 1065 quae
580 1010 835 1059 moritura‚'’
867 1010 1054 1060 dicitur3
1102 1024 1181 1063 per
1217 1010 1337 1064 quod
1374 1010 1665 1063 significatur,
1700 1025 1756 1054 ne

268 1074 449 1116 moralis
472 1075 565 1115 vita
588 1079 742 1127 pereat
766 1087 791 1113 a
813 1073 943 1113 malis
959 1079 1005 1114 et
1027 1073 1175 1124 falsis;
1209 1085 1314 1113 nam
1336 1073 1430 1114 vita
1452 1074 1634 1115 moralis
1653 1075 1755 1116 abs-

267 1152 352 1191 que
389 1137 607 1190 spirituali
645 1142 715 1177 est
753 1149 843 1176 non
880 1135 1000 1176 aliud
1037 1149 1171 1189 quam
1207 1136 1301 1176 vita
1338 1136 1568 1185 naturalis,
1606 1139 1757 1179 omnia

267 1202 386 1242 enim
409 1201 529 1241 bona
552 1213 667 1253 quae
685 1199 824 1240 homo
846 1213 905 1240 ex
925 1198 1083 1240 morali
1105 1199 1199 1240 vita
1216 1199 1385 1252 absque
1409 1194 1627 1252 spirituali
1644 1201 1754 1254 agit,

268 1277 358 1304 non
386 1270 491 1304 sunt
514 1277 573 1303 ex
597 1262 685 1303 alia
712 1263 884 1315 origine
910 1275 1045 1315 quam
1071 1275 1131 1302 ex
1157 1275 1310 1302 amore
1337 1263 1402 1302 sui
1428 1269 1474 1303 et
1498 1264 1665 1312 mundi,
1693 1265 1757 1305 ita

268 1341 326 1367 ex
354 1327 547 1380 proprio,
576 1332 622 1366 et
649 1339 708 1366 ex
732 1325 911 1379 proprio
933 1324 1042 1365 nihil
1069 1324 1188 1365 aliud
1211 1326 1399 1366 scaturit
1426 1339 1560 1379 quam
1587 1327 1755 1368 malum

269 1396 314 1430 et
346 1389 506 1430 falsum
528 1403 536 1439 ;
572 1402 677 1429 nam
704 1388 823 1442 quod
850 1388 960 1429 velit
992 1388 1144 1428 audire
1171 1388 1351 1428 moralis
1378 1388 1530 1438 homo,
1558 1396 1628 1430 est
1654 1391 1758 1444 quia

269 1454 486 1494 mentitur
512 1452 695 1501 bonum,
723 1453 947 1512 sincerum
973 1457 1019 1492 et
1042 1450 1211 1503 justum
1238 1451 1282 1491 in
1309 1457 1501 1492 externa
1527 1452 1682 1500 forma,
1707 1460 1756 1494 ut

268 1516 474 1556 obtineat
502 1514 627 1564 fines,
656 1515 729 1569 qui
762 1521 866 1555 sunt
893 1520 1079 1567 propter
1101 1527 1149 1554 se
1180 1520 1226 1554 et
1259 1514 1500 1555 mundum:
1534 1515 1637 1556 inde
1669 1522 1754 1565 est,

268 1579 386 1632 quod
420 1579 572 1618 omnia
603 1592 717 1631 quae
743 1578 861 1631 apud
893 1577 1018 1617 illum
1046 1583 1164 1625 sunt,
1194 1577 1237 1616 in
1269 1590 1317 1617 se
1350 1584 1527 1618 mortua
1559 1579 1663 1626 sint,
1692 1580 1757 1620 ita

270 1641 563 1690 “moritura,’'
590 1642 671 1681 nisi
698 1640 979 1682 vivificentur
1006 1653 1083 1693 per
1109 1653 1215 1680 vera
1242 1646 1287 1680 et
1314 1640 1447 1689 bona,
1476 1655 1590 1695 quae
1618 1641 1755 1682 effici-

267 1712 347 1746 ant
374 1711 422 1746 ut
449 1705 675 1758 aperiatur
697 1705 899 1745 internus
926 1702 1169 1756 spiritualis
1195 1702 1359 1754 homo;
1387 1717 1465 1757 per
1491 1704 1607 1745 hunc
1636 1706 1754 1746 enirn

267 1768 451 1810 abducit
480 1767 702 1808 Dominus
729 1765 849 1807 mala
875 1772 920 1807 et
946 1765 1058 1806 falsa
1085 1779 1198 1819 quae
1225 1772 1329 1806 sunt
1355 1767 1398 1806 in
1425 1767 1630 1808 naturali.

347 1836 478 1889 189.
508 1835 620 1876 “Mon
640 1835 742 1875 enim
762 1834 897 1874 inveni
914 1838 983 1874 tua
1004 1846 1128 1887 opem
1144 1834 1267 1886 plena
1284 1846 1423 1874 comm
1440 1835 1754 1888 Beo.''—Quod

267 1897 491 1951 significet
514 1897 632 1950 quod
654 1896 823 1950 alioqui
850 1909 933 1936 non
958 1895 1171 1936 Divinum
1188 1895 1250 1936 sit
1269 1894 1314 1935 in
1330 1895 1424 1936 vita
1446 1895 1619 1944 morali,
1644 1909 1753 1936 con-

268 1967 361 2002 stat
389 1975 447 2001 ex
476 1959 806 2013 significatione
835 1958 1098 2012 “operum‚”
1124 1958 1243 2012 quod
1275 1959 1364 1998 sint
1391 1957 1468 1998 illa
1493 1971 1607 2011 quae
1634 1959 1754 1999 vitae

271 2023 347 2077 (de
367 2037 454 2077 qua
473 2037 619 2076 supra,
638 2036 678 2062 n.
704 2022 815 2075 185),
833 2022 903 2062 hic
928 2022 1048 2062 vitae
1072 2021 1266 2069 moralis,
1291 2021 1392 2074 quia
1410 2020 1556 2061 deilla
1579 2021 1752 2073 agitur;

267 2101 326 2128 ex
355 2085 685 2139 significatione
715 2085 887 2138 “plena
919 2097 1071 2125 coram
1104 2083 1242 2132 Deo,”
1268 2083 1388 2137 quod
1421 2084 1479 2124 sit
1510 2084 1630 2137 quod
1663 2097 1752 2124 non

269 2150 481 2190 Divinum
513 2149 557 2189 in
589 2148 678 2188 illa.
741 2148 825 2188 Illa
862 2161 976 2200 quae
1009 2153 1112 2187 sunt
1144 2147 1263 2187 vitae
1297 2146 1492 2195 moralis,
1527 2160 1640 2200 quae
1680 2146 1751 2187 hic

266 2226 346 2266 per
379 2211 584 2265 “opera''
621 2209 944 2263 significantur,
979 2210 1187 2250 dicuntur
1226 2209 1397 2262 “plena
1434 2221 1586 2250 coram
1624 2209 1755 2250 Deo'’

267 2274 448 2329 quando
474 2288 533 2314 ex
560 2274 731 2326 origine
758 2273 976 2326 spirituali
1003 2278 1122 2320 sunt,
1151 2278 1199 2312 at
1228 2275 1356 2312 “non
1384 2272 1547 2325 plena”
1573 2272 1753 2325 quando

268 2343 494 2378 non-sunt
526 2351 584 2377 ex
616 2336 692 2376 illa
718 2336 914 2388 origine3
948 2349 1051 2375 nam
1080 2336 1174 2375 vita
1201 2334 1395 2383 moralis,
1423 2349 1536 2388 quae
1569 2341 1638 2376 est
1671 2349 1753 2376 ex-

266 2406 397 2440 terna
427 2400 522 2439 vita
561 2399 770 2446 hominis,
803 2398 876 2438 vel
913 2399 996 2439 erit
1033 2412 1092 2438 ex
1130 2398 1302 2450 origine
1334 2397 1553 2450 spirituali
1586 2397 1656 2439 vel
1694 2412 1753 2439 ex

267 2463 438 2515 origine
462 2475 551 2501 non
575 2460 820 2514 spirituali;
855 2474 944 2501 non
968 2460 1074 2500 licet
1097 2467 1146 2500 ut
1169 2461 1226 2500 sit
1249 2474 1308 2500 ex
1331 2466 1532 2513 utraque,
1558 2459 1643 2501 hoc
1667 2467 1751 2508 est,

265 2524 432 2578 aliquid
459 2524 550 2577 ejus
573 2538 632 2565 ex
655 2537 743 2564 una
765 2524 937 2577 origine
964 2529 1009 2564 et
1032 2522 1197 2576 aliquid
1221 2537 1279 2563 ex
1306 2522 1462 2571 altera,
1488 2536 1565 2563 seu
1588 2522 1753 2576 aliquid

266 2602 325 2629 ex
362 2587 490 2628 caelo
526 2593 572 2628 et
610 2586 775 2640 aliquid
813 2600 873 2627 ex
910 2586 1097 2635 inferno,
1137 2587 1239 2639 quia
1276 2585 1362 2626 hoc
1400 2585 1514 2626 soret
1551 2586 1752 2626 “servire

266 2651 440 2691 duobus
478 2650 685 2698 dominis,
727 2649 826 2690 Deo
864 2655 910 2690 et
948 2648 1235 2697 mammoni‚’'
1272 2655 1318 2689 et
1357 2654 1464 2689 tunc
1504 2648 1642 2688 homo
1682 2654 1752 2689 est

269 2714 503 2768 “tepidus,
543 2726 633 2753 non
669 2713 853 2766 frigidus
890 2726 972 2753 nec
1011 2712 1183 2752 calidus
1203 2712 1236 2762 ;’'
1277 2725 1412 2766 quare
1449 2725 1585 2764 opera
1621 2718 1751 2752 erunt

266 2777 339 2819 vel
373 2776 546 2830 “plena
577 2789 730 2817 coram
763 2775 901 2824 Deo,'’
926 2774 998 2816 vel
1031 2781 1135 2816 sunt
1162 2774 1285 2815 nulla
1311 2788 1462 2815 coram
1491 2774 1614 2814 Deo:
1647 2774 1751 2814 inde

265 2843 487 2890 est-quod
518 2849 597 2889 per
630 2841 759 2876 “non
790 2839 940 2877 inveni
979 2843 1058 2877 tua
1089 2850 1227 2890 opera
1258 2839 1394 2890 plena
1426 2849 1578 2877 coram
1611 2837 1753 2883 Deo‚''
1810 2856 1814 2860 ·

266 2898 543 2952 significetur
573 2898 692 2952 quod
732 2912 822 2939 non
855 2899 1065 2940 Divinum
1098 2901 1155 2940 sit
1196 2900 1240 2940 in
1271 2900 1367 2940 vita
1404 2898 1577 2939 morali.
1648 2897 1753 2939 Sive

266 2962 389 3003 dicas
414 2962 556 3003 vitam
588 2960 805 3003 moralem
838 2976 896 3003 ex
919 2963 1091 3015 origine
1119 2962 1350 3016 spirituali,
1379 2963 1473 3003 sive
1499 2975 1558 3002 ex
1586 2960 1753 3002 Divino
