2060 3476
313 349 396 391 244
725 345 1060 379 APOCALYPSIS
1091 346 1391 379 EXPLICATA.

311 477 487 508 vocem
511 476 686 514 meam,
713 469 763 506 et
785 459 1028 522 aperuerit
1052 459 1244 514 ostium,
1271 459 1463 507 intrabo
1493 459 1556 507 ad
1584 458 1738 515 illum,‘
1754 469 1806 508 et

310 536 498 584 cenabo
523 553 633 583 cum
658 534 737 583 illo
763 546 811 583 et
835 534 910 583 ille
938 536 1150 583 Mecum.

380 629 456 660 21.
505 612 733 666 Vincens,
753 611 882 660 dabo
907 612 951 660 ei
975 611 1147 660 sedere
1175 612 1373 659 Mecum
1398 612 1445 659 in
1471 611 1648 660 throno
1673 630 1802 668 meo,

310 688 432 737 sicut
456 698 507 736 et
532 688 642 752 Ego
666 688 772 743 vici,
798 698 848 735 et
871 688 1024 736 sedeo
1049 705 1160 735 cum
1188 688 1330 735 Patre
1355 688 1403 735 in
1427 687 1606 736 throno
1632 689 1763 753 Ejus.

380 781 455 813 22.
506 764 716 813 Habens
741 781 910 813 aurem
935 764 1102 812 audiat
1125 764 1241 827 quid
1272 764 1481 827 Spiritus
1510 764 1622 812 dicit
1650 764 1802 813 eccle-

310 841 407 889 siis.

862 982 1017 1014 EXPL
1026 982 1122 1014 JCA
1138 982 1249 1014 Tlo.

944 1087 1078 1111 VERSUS
1099 1081 1172 1113 1—6.

388 1151 510 1193 181.
548 1164 610 1191 “ft
624 1164 730 1198 Anaelo
744 1164 774 1191 ln
792 1163 933 1191 Sardibus
951 1164 1099 1192 ΕοοΙσεΙαε
1111 1165 1227 1193 scribe.-
1246 1164 1323 1192 Haeo
1337 1164 1410 1191 divit
1425 1164 1535 1191 habens
1549 1166 1662 1197 septem
1677 1164 1802 1198 oplrltue

307 1203 358 1231 Del
371 1206 402 1231 et
415 1205 528 1236 septem
544 1205 649 1231 stellas
659 1212 669 1230 :
692 1204 762 1231 ΝουΙ
776 1206 827 1231 tua
842 1211 940 1237 opera,
954 1205 1030 1237 quod
1041 1211 1143 1231 nomen
1156 1204 1266 1231 habeas
1278 1205 1354 1237 quod
1366 1204 1455 1236 ulvas,
1470 1206 1501 1231 et
1513 1206 1643 1231 mortuus
1656 1211 1697 1231 es.
1734 1204 1802 1231 Esto

306 1242 440 1275 υΙσΙΙαηε,
452 1244 483 1269 et
493 1242 631 1275 confirma
641 1243 753 1276 rellqua
763 1249 838 1275 quae
848 1242 999 1274 moritum.
1011 1249 1066 1269 non
1079 1243 1155 1269 enlm
1168 1243 1266 1269 Inveni
1278 1244 1329 1269 tua
1338 1250 1427 1275 opera
1439 1244 1526 1275 plena
1536 1249 1632 1269 comm
1643 1242 1706 1270 Deo.
1743 1243 1802 1269 Me-

306 1282 402 1306 mento
413 1280 504 1312 [qitzar
516 1281 653 1314 quomodo
666 1279 816 1312 acceperls
829 1282 860 1307 et
872 1280 1011 1311 audlerle,
1023 1281 1054 1307 et
1065 1280 1197 1312 observa,
1211 1282 1243 1307 et
1254 1280 1397 1313 resipisce
1407 1288 1418 1307 .·
1435 1281 1464 1307 sl
1476 1287 1543 1313 erqo
1556 1287 1611 1307 non
1625 1280 1800 1313 vlquaverle.

306 1318 417 1344 ventam
435 1325 526 1350 super
542 1319 572 1344 te
590 1319 728 1351 tanquam
744 1317 807 1350 fur,
824 1319 855 1344 et
872 1318 988 1345 nuclea
1005 1325 1062 1351 qua
1077 1318 1148 1344 hom
1163 1318 1275 1345 verulam
1288 1325 1378 1351 super
1391 1320 1430 1345 te.
1467 1318 1563 1345 Habes
1577 1325 1672 1351 pauca
1686 1318 1802 1345 nomina

305 1356 395 1382 etiam
410 1356 440 1382 1η
455 1355 605 1387 Sardibus,
621 1363 695 1388 quae
707 1363 762 1382 non
778 1356 1002 1388 [mutuaverunt
1017 1356 1190 1383 vestlmenta
1208 1363 1271 1387 sua,
1288 1357 1318 1383 et
1335 1356 1523 1383 ambulabunt
1541 1357 1648 1383 Mecum
1667 1357 1697 1382 in
1714 1356 1799 1387 albis,

305 1393 372 1426 quta
386 1393 467 1426 ‹11⁶an
478 1395 555 1420 sunt.
605 1393 732 1424 Vino-ons.
746 1394 774 1421 1⁶0
787 1394 930 1420 vestietur
942 1393 972 1420 Ιη
985 1393 1166 1420 vestimentls
1181 1394 1267 1424 αΙὸῘε,
1281 1395 1313 1420 et
1325 1401 1380 1420 non
1393 1394 1493 1420 delebo
1505 1401 1606 1421 nomen
1621 1394 1686 1427 ejus
1698 1401 1714 1421 a
1729 1394 1802 1420 libro

305 1430 391 1462 ultae,
411 1432 442 1458 et
459 1430 615 1464 confitebor
633 1438 734 1458 nomen
752 1431 816 1464 elus
835 1438 930 1458 coram
954 1431 1041 1458 Patre
1060 1438 1130 1463 meo,
1150 1433 1181 1458 et
1200 1439 1296 1458 coram
1315 1432 1427 1465 aunella
1446 1432 1524 1465 fJua.
1570 1432 1684 1459 Haben&
1702 1439 1801 1458 aurem

304 1469 413 1501 audlat,
429 1469 497 1502 quld
510 1468 639 1501 spiritus
654 1469 727 1496 dicit
741 1469 910 1496 eccleeile.''

352 1565 380 1589 1.
414 1557 477 1591 “Et
490 1556 614 1601 Angelo
637 1557 671 1590 Ῐη
695 1557 860 1592 Sar-dibus
883 1557 1059 1592 Ecclesiae
1074 1558 1215 1596 scribo,''
1232 1558 1397 1599 significat
1413 1559 1485 1591 illos
1499 1559 1561 1601 qui
1575 1560 1732 1590 moralem
1750 1560 1801 1590 vi-

480 1607 549 1633 tam
562 1607 680 1644 agunt,
692 1604 751 1634 sed
763 1613 830 1634 non
843 1603 1064 1644 spiritualem,
1077 1604 1158 1644 quia
1167 1604 1278 1644 parvi
1287 1605 1442 1644 pendunt
1456 1604 1654 1645 cognitiones
1664 1604 1800 1645 {biritu-

479 1647 600 1684 alium,
611 1651 642 1677 et
652 1647 729 1678 inde
742 1647 997 1688 intelligentiam
1010 1652 1041 1678 et
1050 1648 1248 1688 sapientiam
1266 1648 1316 1690 [n.
1333 1647 1438 1690 182];
1456 1647 1567 1681 “Haec
1580 1647 1663 1680 όῘσῘί
1673 1647 1802 1681 habens

480 1693 612 1734 septem
636 1690 782 1733 spiritus
806 1691 894 1728 Deis
911 1690 1073 1732 significat
1097 1692 1285 1723 Dominum
1302 1703 1344 1723 ex
1359 1703 1422 1733 quo
1438 1693 1552 1723 omnia
1569 1703 1651 1723 vera
1669 1693 1753 1723 caeli
1773 1696 1804 1723 et

479 1736 626 1767 ecclesiae
645 1735 696 1778 [n.
715 1735 794 1778 183]
807 1747 816 1774 3
843 1738 900 1769 “et
914 1738 1045 1778 septem
1062 1736 1214 1774 stellas,''
1228 1735 1391 1777 significat
1407 1748 1428 1767 a
1445 1748 1508 1778 quo
1523 1747 1632 1768 omnes
1648 1738 1801 1778 cognitio-

480 1790 538 1811 nes
553 1780 630 1811 veri
643 1784 675 1811 et
689 1780 768 1811 boni
785 1779 836 1822 [n.
858 1779 958 1822 184];
985 1779 1093 1813 “Mori
1107 1783 1166 1813 wa
1183 1780 1316 1823 opera,''
1333 1780 1495 1822 significat
1513 1781 1573 1812 illa
1589 1792 1673 1822 quae
1688 1792 1800 1812 eorum

480 1825 570 1855 vitae
583 1829 666 1856 sunt
682 1824 733 1868 [n.
755 1823 834 1867 185]
848 1836 856 1862 ;
883 1824 995 1867 “quod
1007 1834 1127 1858 nomen
1143 1825 1273 1858 habeas
1289 1825 1380 1868 quod
1397 1825 1494 1859 νίναε
1511 1828 1548 1858 et
1561 1827 1719 1859 mortuus
1733 1826 1802 1862 esf·

479 1867 646 1910 significat
669 1870 767 1910 quale
790 1869 1006 1910 cogy‘tatz'orzz‘s‚
1028 1870 1118 1911 quod
1130 1874 1254 1911 putent
1273 1880 1306 1901 se
1327 1870 1422 1901 vivos
1443 1880 1515 1907 esse,
1540 1870 1620 1912 quia
1645 1871 1801 1901 moralem

477 1917 587 1955 agunt
600 1914 720 1951 vitam,
738 1924 812 1944 cum
829 1918 941 1944 tamen
959 1914 1086 1945 mortui
1099 1918 1181 1945 sunt
1198 1914 1248 1956 [n.
1270 1913 1365 1956 186].

345 1990 376 2015 2.
410 1981 511 2017 “Esto
539 1982 709 2026 rl‘yl'lans,''
727 1983 890 2024 significat
907 1984 1067 2015 ut‘vitam
1083 1984 1147 2016 sibi
1161 1989 1350 2025 comparent
1367 1984 1417 2027 [n.
1439 1983 1534 2027 187];
1561 1987 1619 2018 “et
1639 1986 1800 2019 confirma

477 2027 610 2070 rellqua
627 2037 715 2071 quae
739 2027 934 2065 moriburaf'
951 2027 1114 2069 significat
1130 2033 1171 2059 ut
1186 2029 1245 2059 illa
1262 2039 1347 2070 quae
1360 2034 1442 2060 sunt
1456 2030 1592 2060 moralis
1608 2030 1698 2061 vitae
1713 2031 1798 2061 vivi-

464 2072 621 2114 ficentur
646 2072 697 2115 [n.
727 2071 828 2114 188];
863 2077 948 2105 “non
973 2072 1060 2105 enim
1084 2071 1201 2106 inveni
1225 2075 1285 2106 tua
1309 2082 1414 2116 opera
1434 2073 1537 2116 plena
1561 2083 1676 2106 comm
1701 2073 1800 2111 θεοί·

475 2115 638 2158 significat
653 2118 742 2158 quod
755 2117 906 2158 alioquin
924 2127 991 2148 non
1009 2117 1185 2148 Divinum
1200 2117 1245 2148 sit
1259 2117 1296 2148 in
1313 2118 1386 2148 vita
1403 2118 1526 2163 morali
1544 2118 1595 2161 [n.
1618 2117 1712 2161 189].

343 2193 375 2227 3.
409 2186 596 2219 “Memento
619 2185 724 2229 igitur·
747 2186 912 2230 quomodo
934 2186 1112 2229 acceperis
1137 2189 1173 2220 et
1193 2186 1358 2224 audieris,
1384 2190 1420 2221 et
1442 2187 1617 2225 observa,''
1634 2187 1800 2230 significat

475 2231 733 2261 recordationem
750 2231 835 2272 quid
854 2231 1025 2262 Dominus
1048 2232 1085 2262 in
1112 2232 1210 2263 Verbo
1225 2233 1322 2270 docet,
1339 2236 1371 2262 et
1387 2233 1604 2264 attentionem
1624 2232 1674 2276 [n.
1696 2233 1798 2275 190];

477 2277 533 2307 “ei
554 2274 750 2317 resipisce,''
767 2274 931 2316 significat
946 2276 993 2307 sic
1007 2276 1115 2307 vitam
1131 2277 1339 2317 spiritualem
1360 2276 1411 2319 [n.
1433 2276 1533 2319 191];
1561 2276 1616 2310 “si
1629 2287 1711 2320 erqo
1734 2287 1800 2311 non

479 2318 702 2361 rl'yl'laveris,''
727 2318 891 2360 significat
913 2320 945 2350 si
969 2330 1037 2351 non
1061 2321 1170 2351 vitam
1193 2321 1400 2362 spiritualem
1425 2326 1590 2362 compares
1616 2322 1668 2364 [n.
1697 2322 1798 2364 192];

476 2362 630 2396 “reniam
643 2373 750 2406 super
763 2366 797 2397 te
814 2366 974 2407 tanquam
989 2365 1075 2401 fur.''
1088 2364 1251 2406 significat
1267 2365 1417 2408 [mortis]
1434 2370 1559 2407 tempus
1571 2366 1798 2407 inopinatum,

476 2409 612 2449 quando
634 2408 822 2449 eripientur
843 2419 952 2440 omnes
975 2409 1174 2451 cognitiones
1197 2414 1405 2451 comparatae
1426 2421 1468 2441 ex
1493 2410 1591 2441 Verbo
1623 2421 1708 2451 quae
1731 2421 1798 2441 non

475 2452 684 2493 spiritualem
697 2452 805 2484 vitam
822 2453 957 2494 adeptae
971 2458 1052 2484 sunt
1069 2453 1121 2496 [n.
1140 2453 1239 2495 193];
1267 2456 1323 2487 “et
1337 2454 1474 2487 nescies
1486 2464 1552 2497 qua
1567 2454 1652 2487 hom
1668 2453 1798 2488 reniam

477 2505 585 2539 supet·
601 2497 662 2534 fef
676 2496 841 2538 significat
856 2497 1085 2539 ignorantiam
1104 2498 1196 2529 illius
1210 2499 1362 2540 temporis
1377 2503 1408 2529 et
1420 2503 1524 2530 status
1539 2503 1620 2530 tunc
1637 2500 1684 2540 [n.
1702 2498 1797 2542 194].

342 2575 376 2607 4.
409 2564 541 2599 “Habes
562 2576 675 2608 pauca
692 2566 828 2600 nomina
845 2566 949 2600 etiam
973 2566 1006 2601 Ῐη
1032 2567 1207 2606 sar-dibus,
1224 2578 1312 2612 quae
1331 2579 1396 2602 non
1412 2568 1675 2613 inquinaverunt
1693 2570 1798 2604 vesti-

476 2613 590 2643 menta
613 2611 707 2648 sua,''
724 2611 889 2651 significat
906 2613 978 2643 illos
993 2613 1054 2654 qui
1075 2617 1186 2654 agunt
1199 2614 1309 2644 vitam
1326 2615 1484 2645 moralem
1501 2625 1542 2645 ex
1557 2615 1688 2656 origine
1702 2616 1798 2656 spiri-

473 2655 572 2693 tuali,
591 2660 657 2696 per
679 2657 769 2696 quod
792 2655 989 2697 cognitiones
1015 2657 1090 2688 veri
1115 2662 1147 2688 et
1172 2657 1251 2688 boni
1274 2659 1440 2699 applicent
1465 2658 1578 2690 usibus
1601 2670 1680 2690 suae
1707 2660 1798 2690 vitae

477 2699 529 2742 [n.
551 2699 651 2741 195];
683 2702 740 2732 “et
753 2699 976 2733 ambulabunt
990 2700 1122 2734 Mecum
1139 2700 1173 2734 in
1189 2701 1288 2738 albis,
1305 2701 1384 2744 quia
1401 2701 1495 2745 digni
1508 2703 1618 2740 sunt,''
1635 2702 1798 2744 significat

473 2743 581 2774 vitam
598 2755 711 2775 eorum
727 2745 936 2786 spiritualem
954 2756 1038 2787 quae
1055 2746 1123 2777 illis
1130 2751 1196 2787 per
1207 2747 1405 2788 cognitiones
1420 2747 1498 2778 veri
1511 2752 1541 2778 et
1555 2747 1634 2779 boni
1647 2759 1689 2778 ex
1700 2748 1797 2779 Verbo

480 2787 533 2830 [n.
554 2787 650 2830 196].

341 2864 373 2900 5.
405 2855 597 2894 ”ὖ’Ῐηι·θηε,Ἰ
612 2856 775 2899 significat
792 2859 855 2900 qui
868 2864 1048 2900 permanet
1062 2871 1163 2901 usque
1178 2861 1227 2891 ad
1244 2865 1379 2892 mortem
1400 2861 1450 2904 [n.
1471 2861 1571 2904 197];
1598 2861 1651 2895 “ss
1670 2861 1795 2894 vestse-

472 2904 530 2935 im·
556 2901 589 2934 Ῐη
620 2902 833 2936 vestimentis
860 2903 979 2941 albis‚''
1003 2903 1167 2944 significat
1195 2905 1449 2947 intelligentiam
1472 2911 1504 2937 et
1523 2905 1723 2947 sapientiam
1750 2917 1794 2937 se-

471 2946 620 2978 cundum
643 2957 723 2978 vera
746 2952 778 2977 et
798 2958 914 2979 eorum
932 2949 1141 2989 receptionem
1162 2949 1212 2992 [n.
1235 2948 1334 2991 198];
1361 2952 1418 2982 “et
1439 2959 1505 2983 non
1529 2949 1647 2983 delebo
1672 2959 1794 2983 nomen

472 2990 548 3034 ejus
564 2999 584 3024 θ
607 2990 690 3024 ll'bro
717 2990 835 3029 νίΐαθ,”
850 2991 1012 3033 significat
1029 2994 1118 3034 quod
1134 2993 1170 3024 in
1187 2994 1273 3025 caelo
1287 2998 1390 3025 erunt
1402 2994 1483 3036 quia
1507 2994 1539 3025 ei
1559 2994 1795 3026 accommodati
