2060 3476
682 362 790 396 cAP.
814 363 881 405 11.,
905 355 1044 396 VERs.
1074 363 1244 396 1o.—N.
1273 354 1363 395 126.
1695 363 1773 407 137

275 484 455 520 mentes
495 478 615 532 apud
655 477 901 526 hominem,
943 491 1033 519 una
1068 478 1271 519 exterior
1303 483 1350 519 et
1387 476 1534 518 altera
1570 478 1770 520 interior.

275 541 403 584 Mens
423 543 625 584 exterior
641 548 830 583 vocatur
847 555 974 588 mens
993 541 1211 582 naturalis
1228 555 1238 593 ;
1269 555 1397 582 mens
1414 547 1568 582 autem
1586 542 1773 582 interior

271 611 461 646 vocatur
478 619 606 646 mens
627 605 884 659 spiritualis.
947 604 1032 646 Illa
1045 618 1196 654 mens,
1216 618 1295 646 seu
1318 604 1551 654 naturalis,
1571 605 1773 658 aperitur

271 682 350 721 per
375 670 662 722 cognitiones
688 682 835 710 rerum
861 682 976 723 quae
1002 675 1107 709 sunt
1136 669 1182 709 in
1207 668 1404 719 mundo;
1442 668 1555 709 haec
1583 666 1771 710 [¹¹autem

272 744 414 780 mem,
442 745 520 772 seu
546 732 803 786 spiritualis,
831 733 1030 786 aperitur
1061 745 1140 785 per
1165 732 1453 784 cognitiones
1481 745 1630 772 rerum
1656 746 1771 786 quae

270 800 376 835 sunt
408 795 453 835 in
484 794 627 844 caelo,
655 809 766 849 quas
791 795 928 836 docet
955 794 1173 843 Verbum,
1201 801 1248 835 et
1280 808 1340 835 ex
1367 794 1524 835 Verbo
1549 794 1768 846 ecclesia;

270 870 349 910 per
362 857 445 898 has
462 857 512 899 fit
530 857 669 899 homo
686 858 929 912 spiritualis
947 858 1054 898 dum
1069 859 1195 899 novit
1210 857 1311 899 illas
1326 864 1372 899 et
1391 859 1502 898 vivit
1521 857 1770 898 secundum

270 919 384 961 illas.
447 920 550 962 Hoc
572 921 844 976 intelligitur
865 936 945 976 per
967 922 1151 962 Domini
1172 922 1310 962 verba
1335 922 1455 975 apud
1477 921 1745 971 Johannem,

338 1034 361 1048 ⁸⁴
372 1032 450 1065 Nisi
464 1033 542 1075 quis
549 1033 870 1118 guerit(gene)ratus
883 1043 927 1065 ex
943 1043 1035 1074 aqua
1051 1038 1086 1064 et
1103 1032 1240 1073 spiritu.
1258 1042 1330 1064 non
1348 1038 1468 1074 potest
1485 1033 1622 1074 ingredi
1640 1032 1676 1064 in
1694 1043 1771 1074 reg-

446 1087 530 1109 num
583 1077 645 1109 e1”
677 1078 724 1110 iii.
744 1085 760 1117 5
788 1087 796 1115 ς

269 1200 349 1240 per
382 1185 616 1240 “aquam''
647 1185 958 1239 significantur
994 1199 1100 1226 vera
1136 1184 1253 1236 fidei,
1289 1192 1336 1227 et
1375 1199 1454 1239 per
1493 1185 1769 1240 “spiritum’'

267 1249 365 1289 Vlta
386 1248 637 1289 secundum
663 1247 742 1288 illa
764 1258 924 1295 (videatur
934 1267 1039 1296 supra,
1061 1268 1096 1288 n.
1115 1257 1188 1300 71:
1212 1259 1287 1288 etin
1300 1258 1459 1288 Dostrina
1469 1259 1580 1288 lVovae
1591 1258 1772 1296 flierosoly-

268 1321 580 1358 mae,n.2o2-2o9).
640 1308 906 1361 Perplurimi
943 1308 1079 1348 hodie
1116 1308 1310 1349 credunt
1347 1309 1469 1362 quod
1507 1308 1553 1348 in
1589 1307 1769 1349 caelum

226 1410 231 1414 ,
267 1371 445 1412 venturi
473 1371 562 1412 sint
590 1370 736 1411 solum
769 1385 847 1424 per
873 1368 1079 1411 sanetum
1106 1370 1278 1411 cultum
1305 1371 1347 1411 in
1376 1370 1573 1424 templis,
1602 1385 1769 1425 perque

268 1433 560 1475 adorationes
582 1435 629 1475 et
652 1448 836 1488 preces;
870 1434 950 1474 sed
977 1433 1040 1474 illi
1062 1448 1121 1474 ex
1144 1435 1195 1474 iis
1218 1435 1292 1488 qui
1314 1448 1405 1474 non
1428 1441 1587 1475 curant
1610 1435 1768 1487 cogni-

268 1498 418 1538 tiones
444 1498 538 1539 veri
569 1504 616 1539 et
649 1497 756 1538 boni
782 1511 842 1538 ex
865 1497 1036 1543 Verbo,
1064 1510 1115 1538 ac
1143 1496 1244 1538 illas
1270 1497 1477 1538 imbuunt
1505 1511 1595 1538 non
1622 1497 1769 1538 solum

269 1562 486 1602 memoria
517 1561 597 1602 sed
630 1562 770 1602 etiam
801 1562 909 1610 vita,
942 1567 1129 1602 manent
1162 1560 1392 1601 naturales
1424 1567 1473 1601 ut
1505 1562 1651 1614 prius;
1686 1574 1768 1602 nec

269 1624 381 1665 fiunt
407 1623 678 1678 spiritualeS,
703 1637 809 1665 nam
831 1622 1013 1666 sanctus
1036 1637 1191 1665 eorum
1213 1623 1376 1672 cultus,
1403 1625 1694 1665 adorationes
1721 1631 1768 1666 et

269 1701 426 1742 preces
462 1701 553 1728 non
590 1687 843 1741 procedunt
875 1701 935 1728 ex
966 1687 1115 1741 aliqua
1146 1688 1319 1740 origine
1351 1687 1596 1741 spirituali:
1641 1701 1768 1729 mens

269 1751 390 1791 enim
415 1763 570 1792 eorum
596 1750 840 1804 spiritualis
867 1764 958 1791 non
989 1757 1059 1791 est
1091 1757 1250 1804 aperta
1281 1764 1360 1804 per
1385 1752 1672 1804 cognitiones
1698 1766 1767 1793 re-

207 1853 210 1854 ⁷
268 1826 365 1855 rum
383 1813 682 1867 spiritualium
700 1820 746 1854 et
765 1827 844 1867 per
857 1815 999 1854 vitam
1017 1814 1265 1854 secundum
1282 1813 1397 1863 illas,
1414 1814 1493 1855 sed
1512 1821 1582 1855 est
1598 1829 1740 1856 vacua
1757 1831 1766 1866 ;

268 1883 315 1934 et
347 1876 497 1917 cultus
529 1877 780 1930 procedens
809 1890 869 1917 ex
895 1890 1040 1917 vacuo
1072 1883 1141 1918 est
1174 1877 1312 1918 modo
1343 1883 1501 1930 gestus
1534 1877 1766 1927 naturalis,

268 1940 338 1980 cui
369 1953 460 1980 non
491 1939 659 1994 aliquid
691 1939 924 1993 spirituale
955 1940 1087 1981 inest.
1150 1939 1195 1981 Si
1225 1939 1342 1981 tales
1368 1940 1517 1994 quoad
1549 1941 1767 1982 moralem

268 2009 315 2044 et
352 2002 530 2043 civilem
566 2003 709 2044 vitam
749 2003 957 2044 insinceri
997 2015 1049 2056 ac
1090 2002 1242 2056 injusti
1279 2010 1399 2052 sunt,
1438 2010 1547 2044 tunc
1585 2003 1767 2045 sancius

268 2079 423 2107 eorum
445 2065 608 2114 cultus,
632 2066 923 2107 adorationes
945 2073 992 2107 et
1020 2080 1176 2120 preces
1197 2067 1319 2107 intus
1341 2067 1386 2107 in
1408 2080 1456 2107 se
1478 2066 1650 2108 habent
1674 2067 1768 2109 tale

268 2130 389 2183 quod
414 2128 594 2183 repellit
617 2129 793 2170 caelum
819 2143 846 2170 a
871 2143 934 2177 se,
959 2129 1061 2170 loco
1084 2130 1205 2183 quod
1232 2129 1420 2170 credant
1444 2130 1563 2183 quod
1591 2144 1669 2184 per
1690 2131 1768 2172 illa

268 2193 488 2246 recipiant
511 2192 712 2234 caelum:
746 2199 817 2234 est
844 2193 962 2234 enim
990 2206 1144 2234 eorum
1171 2191 1353 2234 sanctus
1378 2192 1527 2234 cultus
1550 2195 1665 2235 sicut
1686 2208 1767 2235 vas

268 2256 313 2296 in
335 2270 424 2309 quo
450 2262 555 2296 sunt
578 2261 700 2297 tetra
725 2261 771 2297 et
798 2256 980 2296 sordida
1002 2270 1116 2310 quae
1141 2256 1448 2310 transpirant;
1481 2262 1527 2296 et
1554 2262 1624 2297 est
1651 2257 1766 2298 sicut

269 2320 411 2359 vestis
429 2318 666 2372 splendida
683 2320 802 2360 intra
816 2332 951 2372 quam
969 2325 1038 2360 est
1058 2333 1219 2372 corpus
1238 2325 1421 2360 scatens
1439 2333 1498 2360 ex
1517 2319 1738 2361 ulceribus
1755 2335 1765 2371 ;

269 2382 359 2422 vidi
397 2381 514 2423 tales
551 2382 608 2422 ad
646 2381 790 2423 multa
827 2381 967 2423 millia
1003 2380 1204 2434 dejectos
1240 2383 1285 2422 in
1321 2382 1554 2423 infernum.
1616 2382 1768 2424 Aliter

269 2458 377 2485 vero
408 2443 591 2485 sanctus
623 2444 785 2493 cultus,
810 2445 1105 2486 adorationes
1136 2451 1183 2486 et
1215 2459 1387 2498 preces,
1415 2446 1534 2499 apud
1566 2445 1667 2487 illos
1693 2449 1767 2501 qui

270 2508 313 2548 in
332 2508 667 2561 cognitionibus
685 2509 776 2548 veri
799 2514 846 2548 et
868 2508 973 2548 boni
997 2514 1101 2548 sunt
1125 2514 1171 2548 et
1194 2508 1237 2548 in
1255 2508 1351 2549 vita
1368 2509 1615 2549 secundum
1638 2509 1765 2560 illas;

269 2571 388 2624 apud
420 2570 503 2611 hos
535 2569 719 2624 placent
750 2570 828 2611 illa
860 2571 1072 2620 Domino,
1101 2584 1206 2612 narn
1238 2578 1343 2612 sunt
1375 2570 1559 2613 effeetus
1585 2573 1767 2626 spiritus

269 2647 425 2675 eorum
456 2635 500 2674 in
532 2646 733 2687 corpore,
762 2647 839 2674 seu
871 2632 1055 2675 effectus
1087 2633 1190 2675 fidei
1222 2640 1268 2675 et
1297 2635 1462 2675 amoris
1489 2649 1643 2676 eorum
1661 2650 1670 2687 ;
1704 2637 1766 2677 sic

269 2703 451 2738 tantum
487 2709 578 2737 non
615 2703 720 2737 sunt
757 2702 915 2749 gestus
947 2696 1178 2738 naturales
1215 2697 1295 2737 sed
1332 2695 1459 2738 aetus
1495 2698 1764 2751 spirituales.

270 2759 345 2800 Ex
378 2759 447 2800 his
476 2765 686 2800 constare
718 2765 873 2813 potest
899 2760 1020 2813 quod
1052 2761 1339 2813 cognitiones
1366 2761 1458 2802 veri
1490 2767 1536 2802 et
1570 2761 1675 2802 boni
1707 2775 1766 2802 ex

270 2822 426 2863 Verbo
451 2829 498 2864 et
520 2823 616 2863 vita
641 2822 889 2863 secundum
911 2822 1026 2872 illas,
1050 2822 1197 2864 solum
1222 2823 1390 2864 faciant
1418 2824 1647 2865 hominem
1675 2826 1765 2877 spi-

269 2885 505 2936 ritualem-;
538 2891 585 2926 et
612 2885 732 2939 quod
758 2886 811 2933 ei,
835 2886 908 2939 qui
934 2885 1177 2939 spiritualis
1204 2899 1282 2939 per
1306 2886 1385 2927 illa
1410 2886 1474 2935 fit,
1503 2887 1595 2927 indi
1622 2888 1764 2940 possit

269 2949 493 3002 sapientia
514 2949 722 3002 angelica
744 2962 770 2989 a
797 2948 1009 2998 Domino,
1033 2955 1080 2990 et
1104 2962 1205 2990 cum
1228 2949 1312 2990 hac
1335 2949 1527 2990 felicitas
1550 2956 1736 2990 aeterna
1755 2965 1764 3000 ;

272 3024 353 3052 nec
376 3012 644 3066 estangelis
666 3011 847 3053 aliunde
872 3011 1064 3053 felicitas
1086 3026 1221 3066 quam
1247 3027 1306 3054 ex
1330 3014 1566 3066 sapientia.
1630 3011 1763 3065 Quod
