2060 3476
348 312 431 354 618
761 321 1093 356 APOCALYPSIS
1124 324 1422 358 EXPLICATA.

348 435 469 489 quod
499 435 747 477 “obturare
773 449 926 478 aurem
953 450 1008 478 ne
1034 437 1187 479 audia't
1213 439 1487 492 sanguines”
1513 439 1571 481 sit
1597 453 1654 482 ne
1679 440 1833 482 audiat

348 498 459 538 falsa
485 512 543 539 ex
567 498 701 547 malo,
729 505 871 552 patet.
932 499 1070 554 Apud
1097 500 1335 551 Davidem,

419 587 585 619 “Perdes
609 588 795 629 loquentes
815 589 1051 628 mendacium,
1079 590 1192 622 virum
1217 591 1430 631 sanguinum
1456 597 1491 623 et
1514 591 1586 623 doli
1610 592 1836 625 abominatur

521 631 713 674 Jehovah”
730 632 874 672 (Psaltn.
892 643 924 665 v.
942 640 960 672 7
977 631 1036 675 [B.
1051 634 1098 666 A.
1112 631 1184 675 6]);

352 719 456 760 “vir
477 720 746 772 sanguinum
773 726 819 761 et
841 720 964 761 doli”
982 735 1061 774 pro
1078 721 1165 762 illis
1183 722 1256 775 qui
1277 722 1321 762 in
1335 722 1456 763 falsis
1482 737 1541 764 ex
1563 723 1685 764 malo
1702 730 1833 774 sunt;

348 795 484 835 quare
511 782 685 832 dicitur,
716 784 919 825 “Perdes
946 784 1184 838 loquentes
1210 785 1446 826 mendacia
1462 786 1496 837 ;''
1530 787 1834 828 “mendacia''

348 845 391 885 in
421 844 575 886 Verbo
601 845 858 899 significant
885 846 1010 887 falsa.
1071 847 1209 901 Apud
1235 847 1438 897 Esaiam,

417 938 438 950 ‘⁸
452 935 526 968 Fiet
542 935 686 969 relidtus
703 938 738 969 in
755 937 866 969 Zione
883 943 918 969 et
934 938 1095 969 residuus
1112 938 1148 969 in
1168 937 1423 980 Hierosolyma
1438 937 1583 972 sandius
1596 940 1730 972 dicetur
1747 939 1831 981 Ipsi,

521 981 638 1012 omnis
662 981 812 1021 scriptus
837 981 882 1012 ad
906 981 1015 1012 vitam
1040 982 1076 1013 in
1103 981 1376 1023 Hierosolyma;
1402 993 1482 1014 curn
1507 983 1632 1014 laverit
1658 983 1834 1015 Dominus

521 1030 786 1056 excrementum
807 1024 956 1056 filiarum
975 1024 1108 1063 Zionis,
1128 1031 1163 1056 et
1179 1026 1372 1066 sanguines
1392 1026 1668 1067 Hierosolymae
1684 1027 1835 1058 abluerit

522 1077 541 1098 e
566 1067 684 1099 medio
704 1067 781 1108 ejus
801 1077 865 1109 per
883 1068 1045 1109 spiritum
1069 1068 1191 1109 judicii
1216 1075 1251 1101 et
1275 1079 1338 1110 per
1357 1070 1518 1110 spiritum
1539 1069 1835 1111 expurgationis”

523 1108 617 1151 (ffliv.
634 1119 665 1150 3
681 1110 737 1151 4)·

347 1199 447 1254 quia
475 1213 553 1253 per
573 1202 597 1219 “
612 1198 981 1253 Hierosolymam
994 1199 1012 1215 ''
1034 1199 1311 1253 significatur
1336 1200 1529 1242 ecclesia
1554 1201 1703 1255 quoad
1725 1201 1833 1242 doc-

347 1263 527 1310 trinam,
553 1262 655 1303 ideo
677 1262 852 1312 dicitur,
872 1261 1022 1304 “Cum
1042 1263 1283 1317 sanguines
1306 1263 1398 1317 ejus
1421 1263 1611 1305 abluerit
1634 1278 1658 1306 e
1685 1264 1834 1306 medio

347 1324 480 1378 ejus‚''
503 1339 581 1379 per
603 1339 714 1379 quos
737 1325 838 1366 ideo
861 1325 1170 1379 significantur
1191 1326 1304 1367 salsa
1327 1326 1457 1367 mali:
1491 1341 1570 1380 per
1594 1327 1834 1381 “spiritum

341 1387 525 1441 judicii”
547 1387 824 1441 significatur
847 1388 1058 1428 Divinum
1081 1388 1278 1439 Verum;
1311 1395 1357 1430 et
1380 1390 1482 1443 quia
1505 1389 1590 1430 hoc
1614 1388 1831 1442 purificat,

346 1451 508 1491 dicitur
537 1453 653 1504 “per
678 1451 882 1504 spiritum
909 1451 1289 1505 expurgationis.”
1338 1451 1476 1506 Apud
1501 1451 1785 1501 Ezechielem,

415 1545 492 1578 “In
517 1546 574 1578 die
599 1555 668 1586 quo
693 1552 777 1577 nata
800 1556 850 1584 es,
878 1546 1066 1586 praeterivi
1091 1553 1232 1587 praeter
1255 1553 1301 1584 te,
1328 1553 1364 1580 et
1386 1547 1458 1579 vidi
1482 1553 1516 1579 te
1535 1547 1778 1579 conculcatam
1797 1547 1833 1578 in

520 1590 753 1629 sanguinibus
767 1590 836 1622 tuis
850 1599 856 1627 ;
882 1595 916 1621 et
929 1590 1000 1621 dixi
1014 1590 1087 1627 tibi,
1107 1590 1147 1622 In
1161 1591 1395 1631 sanguinibus
1412 1591 1481 1623 tuis
1495 1593 1575 1623 vive
1590 1600 1597 1628 ;
1621 1596 1656 1622 et
1669 1591 1740 1622 dixi
1757 1591 1831 1627 tibi,

522 1633 563 1664 In
578 1633 810 1673 sanguinibus
821 1633 890 1664 tuis
902 1634 992 1665 vive.
1032 1658 1127 1666 .....
1138 1633 1221 1665 Lavi
1233 1640 1267 1665 te
1276 1659 1283 1666 .
1298 1659 1304 1666 .
1320 1640 1370 1666 ‚et
1382 1634 1476 1665 ablui
1491 1634 1683 1675 sanguines
1696 1644 1717 1666 a
1730 1644 1835 1675 super

522 1683 556 1708 te
573 1682 608 1708 et
625 1676 709 1708 unxi
727 1682 761 1708 te
778 1676 887 1708 ole0’'
904 1676 988 1717 (xvi.
1007 1684 1036 1716 5,
1053 1677 1083 1715 6,
1099 1687 1132 1718 9,
1149 1685 1202 1715 22,
1219 1678 1271 1716 36,
1289 1678 1364 1718 38);

346 1772 495 1824 agitur
532 1771 670 1812 etiam
706 1770 777 1812 hic
816 1771 871 1812 de
911 1771 1245 1825 Hierosolyma,
1279 1786 1357 1826 per
1387 1786 1522 1826 quam
1558 1772 1834 1827 significatur

345 1834 538 1876 ecclesia
563 1835 712 1889 quoad
739 1833 990 1876 doctrinam
1017 1837 1136 1887 veri;
1170 1837 1361 1890 primum
1388 1837 1459 1878 hic
1492 1837 1548 1878 de
1573 1837 1696 1878 falsis
1727 1837 1833 1878 mali

345 1898 389 1938 in
416 1898 573 1952 quibus
604 1898 685 1940 fuit
717 1905 962 1952 antequam
989 1899 1246 1948 reformata,
1275 1906 1321 1940 et
1353 1899 1456 1940 dein
1489 1900 1544 1941 de
1576 1899 1669 1953 ejus
1694 1900 1831 1941 refor-

346 1962 576 2012 matione;
609 1961 719 2002 falsa
751 1962 857 2002 mali
888 1961 1198 2015 significantur
1229 1976 1308 2016 per
1332 1963 1452 2016 quod
1473 1963 1569 2003 visa
1599 1964 1656 2004 sit
1685 1966 1831 2004 “con-

345 2023 526 2065 culcata
571 2025 615 2065 in
661 2025 951 2078 sanguinibus
969 2025 1001 2075 ;'’
1051 2031 1098 2066 et
1143 2025 1402 2066 reformatio
1448 2025 1541 2078 ejus
1586 2039 1664 2079 per
1709 2026 1829 2079 quod

347 2086 546 2128 “laverit
572 2093 618 2128 et
645 2087 836 2128 abluerit
863 2088 1119 2140 sanguines,
1145 2094 1191 2129 et
1217 2089 1398 2129 unxerit
1425 2087 1526 2129 oleo
1543 2088 1577 2139 ;”
1611 2088 1833 2130 “lavare'’

344 2149 568 2202 significat
587 2150 817 2203 purificare
836 2164 913 2203 per
930 2164 1048 2198 vera,
1071 2149 1289 2191 “abluere
1312 2151 1554 2203 sanguines
1566 2150 1585 2166 ’⁹
1607 2150 1832 2204 significat
1894 2207 1897 2209 ,

344 2226 576 2253 removere
613 2212 723 2253 falsa
756 2212 874 2261 mali,
909 2219 955 2253 et
990 2216 1197 2266 “ungere
1230 2213 1364 2254 oleo'’
1397 2213 1621 2267 significat
1661 2214 1830 2257 donare

345 2275 467 2316 bono
492 2276 670 2316 amoris.
732 2275 784 2316 In
819 2275 1022 2322 Threnis,

414 2365 503 2396 “Ob
530 2370 674 2405 peccata
702 2365 954 2405 prophetarum
967 2364 985 2376 ''
1016 2364 1303 2406 Hierosolymae‚
1339 2365 1575 2406 “iniquitates
1607 2365 1830 2397 sacerdotum

519 2408 609 2448 ejus,
630 2408 889 2439 effundentium
915 2409 951 2439 in
976 2409 1094 2439 medio
1119 2408 1196 2448 ejus
1213 2409 1425 2448 sanguinem
1449 2408 1647 2449 justorum:
1672 2415 1834 2440 errarunt

517 2452 612 2483 caeci
632 2452 667 2483 in
688 2452 826 2492 plateis,
847 2451 971 2492 polluti
989 2457 1072 2483 sunt
1089 2452 1284 2492 sanguine;
1309 2462 1351 2483 ea
1375 2462 1464 2493 quae
1486 2462 1559 2483 non
1583 2458 1734 2493 possunt
1757 2458 1834 2484 tan-

518 2501 608 2536 gunt
624 2495 847 2527 vestimentis
865 2495 938 2526 suis
951 2494 969 2506 ’'
986 2495 1045 2535 (iv.
1066 2503 1115 2534 13,
1136 2495 1208 2535 14);

343 2597 424 2637 per
453 2582 736 2636 “prophetas
765 2582 1143 2635 Hierosolymae”
1168 2582 1477 2636 significantur
1501 2582 1565 2624 illi
1595 2584 1668 2637 qui
1693 2583 1830 2625 doce-

343 2647 457 2687 bunt
483 2659 590 2687 vera
621 2644 869 2693 doetrinae,
897 2651 944 2686 et
976 2659 1055 2699 per
1088 2645 1418 2687 “sacerdotes’'
1449 2646 1523 2699 qui
1553 2646 1721 2687 ducent
1753 2660 1832 2700 per

343 2723 450 2750 vera
467 2708 524 2749 ad
546 2708 714 2749 bonum
733 2722 742 2758 ;
774 2707 846 2748 hic
870 2709 914 2748 in
937 2708 1163 2762 opposito,
1183 2709 1285 2762 quia
1302 2709 1464 2749 dicitur
1484 2707 1594 2749 “Ob
1611 2709 1831 2762 peccata‘'

343 2771 547 2812 illorum:
581 2785 659 2824 per
686 2770 949 2812 “effundere
976 2772 1242 2824 sanguinem
1268 2771 1521 2824 justorum’'
1552 2771 1832 2824 significatur

342 2833 577 2875 falsificare
595 2848 700 2875 vera
718 2840 763 2875 et
783 2834 1037 2875 adulterare
1060 2834 1204 2875 bona:
1237 2848 1374 2888 quare
1391 2835 1552 2875 dicitur
1573 2838 1597 2855 ‘⁴
1611 2834 1829 2876 Eri-arunt

343 2898 465 2938 caeci
483 2898 527 2937 in
545 2896 721 2950 plateis,
741 2896 903 2950 polluti
926 2903 1031 2938 sunt
1055 2897 1289 2950 sanguine,
1310 2911 1364 2937 ea
1389 2911 1502 2950 quae
1525 2910 1614 2938 non
1638 2904 1826 2950 possunt

343 2965 539 3013 tangunt
561 2960 845 3000 vestimentis
874 2960 962 3000 suis
980 2959 1015 3011 ;'’
1049 2963 1232 3001 “errare
1256 2960 1377 3000 caeci
1403 2961 1447 3000 in
1469 2959 1632 3015 plateis
1643 2959 1662 2975 '’
1688 2960 1824 3013 signi-
