2060 3476
278 311 335 358 24
687 312 1020 365 APOCALYPSIS
1051 313 1349 347 EXPLICATA.

275 424 428 478 gelum
455 425 600 475 datur,
627 439 760 480 quam
786 426 902 468 affici
928 441 1034 468 vero
1066 428 1167 481 quia
1192 433 1261 468 est
1286 440 1453 476 verum,
1481 427 1690 480 quoniam
1715 427 1759 467 iu

264 488 351 528 <illa
375 487 610 529 affeetione
635 495 705 530 est
731 489 904 530 caelum
930 497 977 531 et
1008 490 1242 531 beatitudo
1270 489 1355 531 illis
1387 500 1543 538 (videatur
1556 501 1588 530 in
1603 501 1762 530 Doarina

273 556 383 585 Novae
397 556 639 594 Hierosolymae.
655 565 685 585 n.
702 565 770 593 232,
786 556 854 594 236,
871 559 945 594 238;
975 561 1006 585 et
1021 558 1071 586 De
1085 558 1175 587 Caelo
1189 561 1220 586 et
1232 558 1369 596 Inferna,
1383 566 1414 586 n.
1430 557 1596 596 395—414)'.
1658 546 1760 588 Sive

275 607 555 650 affeCHonem
582 610 674 650 veri
705 610 840 659 dicas,
868 611 961 651 sive
986 610 1228 663 jucundum
1250 611 1355 658 veri,
1378 610 1495 651 idern
1522 617 1617 651 est:
1656 624 1759 651 nam

275 669 450 712 affeetio
467 673 636 726 absque
649 671 846 725 jucundo
868 686 957 713 non
980 673 1122 714 datur.
1179 673 1280 714 Hoc
1299 679 1368 713 est
1386 673 1504 726 quod
1523 686 1599 726 per
1618 677 1642 693 ‘⁴
1655 687 1758 726 gra-

276 734 416 775 tiam’'
438 735 482 775 in
504 736 651 788 specie
673 735 938 789 intelligitur
960 736 1003 776 in
1026 735 1180 776 Verbo
1199 734 1336 776 :—Ut
1353 735 1471 788 apud
1485 735 1750 785 Johannem,

343 831 366 845 ⁰‘
378 830 422 863 Et
438 830 595 862 Verbum
613 830 705 862 Caro
721 829 853 862 fad'tum
872 837 936 868 est,
956 837 991 862 et
1007 831 1178 862 habitavit
1201 831 1238 862 in
1255 831 1369 868 nobis,
1389 836 1424 862 et
1441 831 1593 862 vidimus
1609 831 1758 873 gloriam

450 873 577 915 Ipsius,
604 880 643 905 ut
669 874 818 915 gloriam
845 874 1028 914 Unigeniti
1052 884 1074 906 a
1103 874 1216 912 Patre.
1244 875 1370 915 plenus
1393 875 1508 914 gratia
1529 881 1565 906 et
1587 875 1758 907 veritate:

454 943 461 949 .
477 942 484 949 .
498 942 506 950 .
520 928 580 950 .ex
603 918 822 958 plenitudine
842 917 958 958 Ipsius
977 928 1043 949 nos
1060 928 1186 949 omnes
1204 918 1402 958 recepimus
1419 918 1569 958 gratiam
1595 928 1660 958 pro
1679 928 1759 958 gra-

448 961 517 999 tia;
542 962 625 1002 quia
653 961 725 992 Lex
753 971 817 1002 per
842 961 969 992 Mosen
994 961 1077 992 data
1100 968 1165 999 est,
1192 962 1308 1002 gratia
1335 967 1370 993 et
1393 961 1524 993 veritas
1552 971 1615 1002 per
1637 961 1759 1004 Jesum

449 1004 630 1037 Christum
647 1003 742 1036 faeta
757 1010 812 1036 est
824 1004 842 1017 ”
859 1005 894 1045 (i.
911 1003 998 1044 (¹114,
1019 1005 1069 1042 16,
1088 1005 1141 1044 17)
1155 1014 1162 1043 ;

275 1092 377 1146 quia
397 1092 543 1145 gratia
565 1097 633 1132 est
656 1089 830 1131 affeetio
852 1097 897 1131 et
920 1090 1162 1143 jucundum
1185 1091 1289 1139 veri,
1309 1090 1411 1132 ideo
1433 1091 1593 1132 dicitur
1617 1095 1641 1111 “
1657 1105 1758 1145 gra-

275 1156 339 1196 tia
372 1162 417 1196 et
443 1154 645 1195 veritas.''
706 1153 767 1194 Et
799 1153 916 1206 apud
946 1152 1125 1201 Lucam,
1154 1159 1393 1207 postquam
1426 1153 1645 1194 Dominus
1676 1168 1759 1194 ex·

264 1216 429 1270 >plicuit
466 1216 777 1270 propheticum
820 1216 981 1257 Esaiae
1017 1216 1060 1256 in
1093 1229 1329 1270 synagoga
1359 1217 1415 1257 de
1452 1215 1509 1257 Se
1547 1216 1665 1270 Ipso,
1698 1217 1760 1257 ita

276 1280 486 1320 Divinum
508 1279 693 1329 Verum,

343 1377 365 1389 ‘¹
378 1375 601 1459 Mirab)antur
618 1385 744 1407 omnes
761 1385 867 1416 super
881 1375 998 1407 verbis
1015 1375 1150 1416 gratiae
1168 1375 1381 1408 exeuntibus
1398 1386 1443 1408 ex
1458 1386 1519 1408 ore
1538 1376 1654 1417 Ipsius
1665 1375 1683 1388 ’'
1697 1376 1758 1418 (iv.

450 1427 490 1450 22
517 1428 524 1457 ;

272 1503 438 1544 Divina
455 1516 573 1551 vera,
592 1516 705 1556 quae
724 1502 943 1543 Dominus
961 1502 1152 1551 locutus,
1171 1502 1381 1543 dicuntur
1399 1503 1571 1544 “verba
1587 1503 1761 1556 gratiae

272 1566 489 1607 exeuntia
520 1579 578 1606 ex
611 1579 687 1606 ore
724 1565 906 1618 Ipsius,”
937 1566 1039 1619 quia
1069 1571 1271 1619 accepta,
1305 1572 1437 1618 grata
1471 1571 1519 1606 et
1550 1565 1759 1619 jucunda.

276 1629 327 1671 In
353 1641 518 1681 genere
545 1628 706 1668 Divina
731 1628 877 1681 gratia
902 1635 972 1669 est
1003 1641 1137 1669 omne
1167 1628 1211 1669 id
1243 1628 1362 1682 quod
1388 1629 1581 1669 donatur
1605 1643 1632 1670 a
1663 1629 1759 1670 Do-

275 1693 421 1742 mino;
454 1698 499 1732 et
531 1691 633 1744 quia
659 1704 792 1731 omne
823 1691 867 1731 id
899 1705 946 1731 se
973 1691 1106 1731 refert
1138 1691 1195 1732 ad
1226 1690 1359 1732 fidem
1391 1697 1437 1732 et
1468 1704 1681 1741 amorem,
1710 1697 1756 1732 et

275 1754 385 1795 fides
407 1761 476 1795 est
499 1752 674 1794 affeetio
689 1754 780 1794 veri
802 1767 859 1794 ex
876 1754 1010 1802 bono,
1026 1754 1127 1806 ideo
1149 1753 1224 1794 illa
1245 1767 1323 1808 per
1337 1754 1546 1795 Divinam
1568 1755 1760 1807 gratiam
1808 1756 1810 1759 '

274 1818 317 1858 in
340 1818 488 1871 specie
513 1816 808 1869 intelligitur3
842 1830 946 1858 nam
973 1817 1128 1858 donari
1154 1816 1240 1858 fide
1266 1823 1311 1858 et
1337 1830 1502 1866 amore,
1526 1823 1602 1858 aut
1628 1817 1760 1858 affec-

275 1882 398 1922 tione
415 1881 506 1921 veri
523 1894 581 1921 ex
603 1880 737 1928 bono,
753 1886 822 1920 est
841 1880 997 1921 donari
1015 1879 1156 1928 caelo,
1172 1880 1234 1921 ita
1251 1880 1530 1921 beatitudine
1547 1886 1744 1921 aeterna.

354 1956 443 2002 23.
482 1948 571 1988 “ab
600 1948 688 2000 Ipso
716 1947 787 2001 qui
808 1951 876 1988 est
900 1951 945 1988 et
970 1947 1042 2000 qm'
1067 1947 1146 1988 fuit
1171 1951 1215 1988 ot
1235 1947 1306 2001 qui
1331 1946 1760 2000 venturus.'¹—Quod

275 2010 495 2064 significet
521 2009 576 2050 ab
597 2009 702 2062 Ipso
723 2008 802 2062 qui
817 2015 884 2049 est
909 2023 1031 2049 omne
1060 2008 1104 2049 in
1134 2009 1332 2050 omnibus
1361 2009 1472 2049 caeli
1495 2015 1538 2050 et
1565 2009 1764 2050 ecclesiae

274 2074 329 2115 ab
354 2080 527 2114 aeterno
556 2073 604 2113 in
634 2078 870 2119 aeternum,
898 2078 1079 2113 constat
1106 2085 1164 2112 ex
1191 2071 1519 2124 significatione
1547 2073 1658 2126 “qui
1689 2079 1759 2114 est

274 2143 321 2178 et
347 2137 419 2190 qui
450 2136 530 2177 fuit
561 2141 607 2176 et
636 2135 709 2188 qui
734 2134 985 2183 venturus,’'
1011 2134 1131 2188 quod
1161 2135 1218 2175 sit
1244 2135 1301 2175 ab
1326 2141 1511 2176 aeterno
1541 2135 1586 2176 in
1612 2141 1759 2176 aeter-

275 2213 394 2248 num,
414 2205 459 2240 et
477 2212 652 2252 quoque
670 2198 789 2251 quod
811 2199 867 2238 sit
885 2211 1018 2238 omne
1035 2198 1079 2237 in
1097 2197 1301 2238 omnibus
1319 2197 1430 2239 caeli
1451 2204 1497 2239 et
1515 2193 1758 2240 eeclesiae:

275 2262 394 2315 quod
417 2262 473 2302 sit
504 2261 561 2301 ab
592 2266 778 2301 aeterno
808 2260 851 2300 in
877 2266 1123 2309 aeternum,
1151 2266 1220 2300 est
1251 2260 1352 2313 quia
1377 2261 1526 2301 omnia
1556 2252 1762 2314 tempora

275 2326 318 2365 in
340 2324 608 2372 Verbo-non
631 2321 884 2375 significant
906 2329 1125 2376 tempora,
1145 2323 1224 2363 sed
1246 2329 1392 2363 status
1413 2324 1532 2364 vitae
1555 2332 1605 2371 (ut
1619 2338 1762 2364 constare

275 2392 379 2425 potest
393 2396 432 2415 ex
453 2386 512 2415 illis
529 2394 611 2423 quae
626 2385 676 2413 De
690 2385 849 2422 Tempore
864 2384 896 2413 in
912 2384 1019 2419 Caelo,
1035 2384 1066 2413 in
1088 2394 1183 2422 opere
1198 2386 1249 2414 De
1267 2386 1356 2414 Caelo
1370 2388 1401 2414 et
1413 2385 1550 2424 Inserno,
1565 2394 1596 2414 n.
1614 2385 1761 2422 162—169,

276 2443 362 2473 dicsta
375 2448 406 2472 et
420 2447 545 2472 ostensa
558 2441 668 2479 suno:
712 2437 757 2471 et
789 2432 890 2484 quia
921 2432 1070 2472 omnia
1100 2437 1306 2484 tempora
1336 2431 1589 2484 significant
1615 2437 1761 2471 status

276 2497 410 2544 vitae,
437 2495 539 2536 ideo
564 2494 653 2542 illa,
677 2507 777 2535 cum
809 2495 956 2547 agitur
981 2494 1037 2534 de
1056 2486 1275 2542 Domino,
1303 2493 1558 2547 significant
1588 2499 1759 2534 statum

278 2557 524 2607 infinitum;
561 2563 607 2598 et
634 2563 778 2597 status
803 2556 999 2597 infinitus
1025 2557 1171 2610 quoad
1198 2563 1375 2610 tempus
1401 2563 1470 2598 est
1497 2563 1758 2597 aeternum:

277 2621 396 2674 quod
423 2620 573 2661 omnia
598 2626 804 2673 tempora
826 2619 1265 2672 comprehendantur
1286 2633 1365 2673 per
1388 2623 1413 2640 “
1430 2620 1502 2673 qui
1525 2625 1593 2660 est
1619 2625 1665 2660 et
1688 2619 1761 2672 qui

278 2684 356 2724 fuit
393 2689 439 2723 et
476 2684 548 2736 qui
578 2675 829 2731 venturu'5‚''
861 2688 1000 2736 patet.
1062 2682 1190 2723 Plura
1221 2682 1276 2722 de
1307 2688 1506 2731 aeterno,
1540 2681 1659 2736 quod
1691 2687 1760 2722 est

279 2746 414 2786 solius
446 2745 642 2793 Domini,
675 2745 761 2785 dici
792 2751 1011 2798 possunt;
1058 2745 1137 2785 sed
1167 2743 1244 2785 illa
1275 2758 1366 2785 non
1397 2745 1706 2798 intelligentur
1735 2758 1762 2784 a

279 2807 471 2849 naturali
491 2807 686 2856 homine,
707 2806 827 2860 cujus
845 2808 1144 2860 cogitationes
1166 2808 1401 2860 praecipue
1423 2799 1634 2848 fundatae
1656 2813 1760 2847 sunt

280 2883 411 2922 super
437 2876 654 2923 tempore,
682 2871 841 2923 spatio,
866 2877 911 2910 et
934 2870 1134 2918 materia,
1157 2883 1257 2910 cum
1284 2876 1437 2911 tamen
1463 2875 1694 2910 aeternum
1716 2869 1760 2909 in

281 2945 328 2972 se
360 2930 468 2972 talia
499 2945 588 2972 non
620 2932 834 2984 includit;
881 2946 1015 2986 quare
1051 2933 1086 2973 si
1122 2932 1258 2974 homo
1289 2926 1442 2986 posset
1474 2932 1674 2985 cogitare
1705 2931 1761 2972 de
