2060 3476
761 386 867 420 cAP.
890 387 954 428 v.,⁷
973 387 1112 419 VERS.
1134 378 1282 418 6.—N.
1309 379 1401 430 3184
1743 375 1823 430 563

333 500 471 542 Porro
487 501 590 555 quia
609 504 635 522 ‘⁸
647 514 814 542 cornua
824 500 845 517 '⁹
862 497 1179 554 significabant
1197 510 1304 541 vera
1321 514 1380 541 ex
1398 500 1533 549 bono,
1553 499 1655 540 ideo
1672 499 1825 548 etiam,

333 577 434 605 cum
460 564 746 618 ungebantur
770 576 917 618 rege5‚
945 563 1083 605 fiebat
1110 563 1196 604 hoc
1223 576 1302 617 per
1327 562 1477 604 oleum
1504 574 1564 604 ex·
1590 575 1754 603 cornu:

572 652 677 694 Quod
693 653 743 684 ita
757 650 887 684 unditus
904 653 950 684 sit
969 652 1096 690 David,
1117 653 1278 684 videatur
1297 661 1311 683 1
1334 653 1427 684 Sam.
1441 652 1512 685 xvi.
1530 660 1558 690 1,
1575 660 1614 691 13
1629 661 1636 689 ;

574 696 618 728 Et
634 697 728 738 quod
745 696 795 728 ita
811 696 967 734 Salomo,
990 705 1006 727 1
1024 697 1106 738 Reg.
1120 696 1142 729 i.
1160 704 1223 737 39;

336 781 362 798 “
374 778 523 820 oleum
535 778 556 793 '’
570 777 855 832 significabat
873 779 1042 820 bonum
1057 779 1236 820 amoris.
1298 777 1374 819 Ex
1391 778 1477 819 hac
1497 777 1830 831 significatione

333 854 563 890 cornuum,
577 854 711 895 quam
723 842 895 896 antiqui
908 848 1146 891 noverunt,
1161 848 1396 895 receptum
1410 841 1491 882 fuit
1505 841 1651 882 facere
1663 854 1831 881 cornua

331 904 634 957 germinantia
660 910 706 945 et
732 904 1005 958 fragrantia;
1038 905 1143 946 inde
1169 919 1262 946 vox
1292 903 1642 957 “cornucopia.''
1664 908 1673 914 '

411 973 537 1019 317.
576 964 655 1006 “Et
681 966 822 1006 oculos
850 965 1241 1019 septem.''——Quod
1272 965 1499 1019 significet
1522 971 1566 1006 et
1590 965 1662 1005 cui
1689 965 1831 1005 omni-

332 1026 527 1076 scientia,
552 1033 736 1068 constat
758 1042 818 1068 ex
841 1027 1174 1081 significatione
1199 1027 1469 1068 “oculorum
1493 1026 1711 1080 septem,”
1729 1039 1831 1067 cum

333 1090 388 1130 de
421 1089 632 1139 Domino,
661 1090 781 1144 quod
814 1091 904 1132 sint
937 1091 1280 1141 omniscientia3
1323 1104 1402 1144 per
1436 1089 1663 1131 “oculos'’
1695 1090 1830 1138 enim,

333 1165 434 1193 cum
457 1153 513 1194 de
535 1152 732 1203 homine,
753 1153 1033 1207 significatur
1055 1151 1344 1204 intellectum
1377 1167 1513 1207 quare
1536 1166 1638 1194 cum
1656 1153 1713 1194 de
1736 1152 1832 1192 Do-

334 1216 470 1265 mino,
509 1215 788 1269 significatur
824 1217 1153 1258 omniscientia.
1231 1215 1366 1270 Quod
1408 1215 1604 1264 “oculi,”
1637 1229 1738 1256 cum
1776 1215 1834 1256 de

333 1279 530 1328 homine,
554 1278 812 1332 significent
839 1278 1139 1328 intellefflmm,
1164 1286 1210 1321 et
1237 1293 1339 1320 cum
1361 1279 1417 1320 de
1445 1279 1657 1328 Domino,
1682 1279 1833 1333 provi-

333 1342 551 1392 dentiam,
573 1349 621 1383 ut
644 1348 690 1384 et
714 1342 925 1384 Divinam
950 1342 1231 1397 Sapientiam
1252 1348 1298 1384 et
1322 1342 1699 1396 Intelligentiam‚
1719 1355 1834 1396 quae

333 1411 404 1446 est
431 1399 996 1455 omniscientia‚'videatur
1022 1420 1156 1460 supra
1185 1404 1246 1459 (n.
1277 1405 1402 1459 152):
1441 1410 1658 1459 “septem
1684 1404 1834 1446 oculi”

334 1467 556 1516 dicuntur,
577 1469 679 1522 quia
704 1468 952 1522 “septem''
973 1468 1232 1522 significant
1256 1469 1421 1518 omnia,
1446 1475 1492 1509 et
1516 1469 1836 1522 praedicantur

334 1530 390 1571 de
417 1529 576 1572 saneto
606 1530 675 1586 (ut
704 1531 872 1586 supra).

414 1595 544 1648 318·
583 1599 608 1618 ‘¹
625 1595 702 1641 Oui
726 1599 824 1636 sunt
849 1600 1003 1649 septem
1032 1595 1198 1649 spir-iius
1227 1595 1304 1636 001·
1327 1595 1471 1637 omissi
1498 1596 1538 1636 in
1567 1608 1722 1636 omnem
1751 1600 1837 1637 tet·-

335 1654 661 1708 ram.”—Quod
690 1655 913 1709 significet
934 1656 1038 1697 inde
1057 1657 1202 1697 omnis
1221 1656 1451 1709 sapientia
1471 1662 1514 1696 et
1532 1655 1836 1709 intelligentia

335 1717 380 1756 in
411 1716 524 1756 caelo
559 1723 601 1758 et
637 1716 682 1757 in
718 1717 907 1767 ecclesia,
941 1724 1126 1759 constat
1158 1732 1217 1759 ex
1249 1717 1583 1771 significatione
1619 1722 1835 1771 “septem

335 1780 572 1833 spirituum
599 1779 724 1829 Dei,”
746 1780 868 1834 quod
892 1782 950 1822 sit
975 1781 1189 1822 Divinum
1212 1781 1384 1822 Verum
1407 1781 1659 1834 procedens
1685 1795 1712 1821 a
1739 1781 1835 1822 Do-

336 1843 458 1883 mino
489 1841 566 1896 (de
591 1857 679 1897 qua
708 1854 856 1897 supra,
886 1857 927 1884 n.
961 1843 1086 1898 183);
1120 1850 1166 1884 et
1193 1844 1297 1898 quia
1328 1843 1587 1896 significant
1621 1844 1834 1884 Divinum

338 1905 507 1947 Verum
546 1906 797 1960 procedens
833 1921 860 1947 a
899 1907 1112 1956 Domino,
1147 1908 1287 1948 etiam
1325 1906 1583 1960 significant
1623 1907 1835 1948 Divinam

336 1967 615 2022 Sapientiam
633 1983 711 2010 seu
729 1970 1095 2011 omniscientiam
1113 1985 1122 2021 ;
1150 1976 1196 2011 et
1215 1985 1274 2011 ex
1293 1970 1625 2023 significatione
1647 1971 1836 2012 “emissi

336 2032 379 2071 in
402 2044 584 2072 omnem
607 2032 813 2081 terram,''
837 2033 957 2087 quod
985 2034 1042 2074 sit
1066 2033 1185 2074 unde
1208 2034 1354 2073 omnis
1377 2034 1602 2086 sapientia
1625 2039 1672 2074 et
1698 2033 1836 2074 intel-

337 2094 526 2147 ligentia
556 2096 600 2135 in
632 2095 760 2136 caelo
787 2101 833 2136 et
866 2097 909 2136 in
937 2095 1158 2146 ecclesia;
1197 2110 1275 2149 per
1304 2097 1493 2137 “emitti
1509 2096 1528 2111 ''
1557 2095 1838 2149 significatur

336 2158 671 2207 communicari,
696 2164 743 2199 et
771 2172 850 2212 per
874 2162 1095 2200 “omnem
1119 2158 1318 2200 terram‘'
1340 2158 1622 2212 significatur
1643 2158 1838 2200 ecclesia

336 2226 431 2260 tam
457 2220 502 2260 in
528 2220 665 2262 caelis
687 2235 822 2275 quam
848 2222 892 2262 in
919 2222 1050 2262 terris
1080 2221 1307 2276 (videatur
1329 2235 1476 2275 supra,
1501 2235 1543 2262 n.
1569 2221 1698 2275 304):
1732 2222 1837 2263 inde

337 2289 467 2336 patet
490 2296 568 2324 cur
589 2283 752 2325 dicitur
769 2285 889 2338 quod
914 2291 1092 2338 septem
1115 2285 1232 2326 oculi
1257 2284 1382 2338 Agni
1401 2283 1598 2326 1¹1fuerint
1621 2288 1837 2338 “septem

337 2345 518 2398 spiritus
542 2345 627 2387 Dei
644 2348 795 2387 emissi
818 2348 863 2388 in
886 2361 1068 2389 omnem
1087 2347 1295 2396 terram‚”
1315 2362 1393 2401 per
1414 2351 1631 2401 “septem
1649 2347 1838 2389 oculos'’

337 2408 457 2448 enim
471 2408 749 2461 significatur
763 2411 1082 2451 omniscientia
1095 2425 1210 2464 quae
1227 2411 1426 2451 Domino
1445 2425 1504 2452 ex
1525 2411 1690 2451 Divino
1710 2410 1838 2451 Bono

337 2484 416 2524 per
449 2471 660 2512 Divinum
692 2472 879 2513 Verum.
961 2472 1096 2526 Quod
1128 2474 1233 2514 inde
1265 2474 1323 2514 sit
1356 2474 1502 2514 omnis
1535 2475 1759 2527 sapientia
1791 2481 1837 2514 et

337 2533 660 2587 intelligentia,
688 2541 758 2576 est
785 2536 888 2589 quia
919 2535 1058 2576 homo
1090 2549 1182 2577 non
1216 2543 1372 2590 potest
1399 2536 1656 2590 intelligere
1682 2549 1837 2577 verum

338 2603 384 2638 et
417 2610 574 2650 sapere
606 2597 775 2638 bonum
806 2612 833 2639 a
864 2612 912 2639 se
944 2599 1024 2640 sed
1057 2613 1083 2640 a
1117 2599 1328 2649 Domino,
1357 2606 1404 2641 et
1436 2601 1582 2641 omnis
1615 2599 1838 2653 sapientia

338 2666 385 2701 et
411 2659 718 2713 intelligentia
739 2667 809 2702 est
832 2662 925 2702 veri
950 2675 1009 2702 ex
1035 2662 1169 2703 bono.
1233 2662 1330 2703 Nisi
1353 2663 1576 2716 sapientia
1598 2668 1644 2703 et
1667 2660 1838 2701 intelli·

339 2722 496 2775 gentia
512 2736 572 2763 ex
595 2722 673 2763 illo
695 2722 890 2765 formata
907 2724 980 2773 sit,
1001 2738 1091 2765 non
1109 2731 1179 2765 est
1199 2725 1423 2778 sapientia
1445 2731 1492 2766 et
1514 2723 1836 2776 intelligentia,

340 2784 419 2825 sed
446 2790 516 2825 est
543 2784 739 2826 stultitia
765 2791 811 2826 et
838 2786 1026 2835 insania,
1051 2800 1165 2840 quae
1190 2793 1411 2840 apparent
1435 2799 1588 2828 coram
1614 2785 1765 2826 insciis
1791 2791 1838 2825 et

341 2859 493 2901 coram
525 2846 656 2887 malis
687 2848 803 2888 sicut
842 2849 1066 2902 sapientia
1101 2855 1148 2890 et
1185 2849 1506 2903 intelligentia,
1540 2863 1599 2889 ex
1631 2861 1686 2888 eo
1717 2846 1838 2900 quod

341 2907 462 2962 loqui
493 2914 540 2949 et
571 2909 827 2950 ratiocinari
863 2911 1039 2964 possint
1072 2925 1131 2952 ex
1163 2912 1392 2952 memoria.
1455 2911 1685 2964 Proprium
1717 2909 1837 2950 enim

341 2970 535 3011 hominis
553 2984 643 3011 non
666 2977 735 3012 est
759 2972 842 3012 nisi
859 2986 992 3026 quarn
1013 2972 1180 3013 malum
1203 2979 1249 3014 et
1272 2973 1432 3014 falsum
1451 2987 1460 3023 ;
1494 2973 1720 3027 proprium
1743 2970 1837 3024 ejus

339 3032 643 3074 voluntarium
666 3040 736 3075 est
761 3033 943 3084 malum,
964 3041 1010 3075 et
1034 3036 1260 3089 proprium
1283 3035 1374 3088 ejus
1397 3032 1707 3076 intellectuale
1731 3033 1837 3074 inde
