2060 3476
299 337 356 379 80
714 345 1047 379 APOCALYPSIS
1078 345 1376 378 EXPLICATA.

366 460 388 474 ‘⁸
402 458 498 491 Sicut
516 459 640 491 Moses
657 459 825 491 exaltavit
838 465 1040 500 serpentem
1058 459 1094 490 in
1111 459 1264 498 deserto,
1281 459 1330 491 ita
1346 464 1487 500 oportet
1499 457 1647 490 exaltari
1661 457 1788 490 Filium

473 503 641 541 hominis,
661 509 699 534 ut
717 504 834 534 omnis
852 504 910 544 qui
927 504 1039 535 credit
1062 503 1098 534 in
1118 503 1240 544 Ipsum
1258 513 1331 534 non
1355 508 1487 544 pereat,
1507 502 1571 534 sed
1594 502 1724 534 habeat
1739 502 1789 534 vi-

473 553 546 578 tam
563 547 775 579 aeternam”
791 547 853 587 (iii.
873 556 923 586 14,
943 547 1017 587 15).-

296 655 374 695 per
408 641 736 695 “serpentem'’
773 640 1051 695 significatur
1086 641 1130 683 id
1166 641 1286 696 quod
1318 647 1388 683 est
1426 640 1635 682 ultimum
1666 640 1788 681 vitae

295 704 413 758 apud
450 704 694 753 hominem,
728 710 774 745 et
806 710 994 745 vocatur
1026 704 1233 746 sensuale
1269 710 1526 754 externum,
1560 703 1680 757 quod
1716 709 1786 744 est

296 767 527 818 naturale;
555 768 640 808 hoc
664 767 886 815 ultimum,
906 768 1009 822 quia
1030 768 1075 808 in
1099 767 1295 809 Domino
1317 773 1413 808 erat
1438 767 1665 815 Divinum,
1685 766 1787 807 ideo

295 844 480 884 serpens
511 831 625 871 aeris
657 830 775 883 apud
808 829 923 871 filios
956 830 1148 880 Israelis,
1182 831 1299 884 apud
1332 843 1444 884 quos
1476 829 1626 870 omnia
1657 835 1786 870 erant

295 894 695 946 repraesentativa,
722 891 865 934 faetus
891 899 976 942 est,
1004 899 1051 934 et
1083 893 1368 947 significabat
1394 891 1514 946 quod
1546 892 1581 932 si
1613 892 1786 945 aspice-

295 962 395 997 rent
427 957 471 997 in
505 956 717 997 Divinum
754 956 1014 997 Humanum
1047 957 1243 1005 Domini,
1271 957 1551 1006 reviverent3
1585 954 1670 995 hoc
1700 961 1784 1003 est,

295 1019 330 1059 si
362 1019 599 1059 crederent
632 1019 675 1059 in
711 1019 878 1072 Ipsum,
906 1020 1048 1060 vitam
1075 1026 1307 1061 aeternam
1335 1018 1571 1067 haberent,
1599 1024 1648 1058 ut
1675 1031 1786 1071 quo-

295 1095 380 1135 que
405 1081 508 1135 Ipse
533 1081 753 1122 Dominus
776 1082 925 1123 docet.
979 1092 1263 1131 (Quod“videre''
1277 1093 1309 1122 in
1323 1101 1418 1121 sensu
1431 1091 1582 1130 spirituali
1596 1091 1635 1120 sit
1649 1092 1786 1125 credere.

294 1148 437 1177 videatur
446 1148 539 1177 etiam
555 1157 660 1186 supra,
684 1157 717 1178 n.
732 1148 797 1190 37,
810 1138 882 1184 68;
906 1154 937 1179 et
952 1149 1040 1187 quod
1052 1152 1068 1163 ‘¹
1079 1158 1207 1187 serpens
1217 1148 1233 1158 ''
1245 1148 1282 1178 sit
1297 1148 1442 1177 sensuale
1454 1152 1628 1181 externum,
1639 1146 1727 1183 quod
1741 1151 1788 1175 est

294 1197 440 1225 ultimum
462 1197 543 1225 vitae
564 1197 709 1232 hominis,
726 1198 757 1226 in
772 1198 912 1227 Arcanis
938 1197 1133 1232 Caelestibus,
1149 1206 1180 1228 n.
1198 1204 1264 1234 195,
1283 1197 1350 1234 196,
1367 1205 1434 1233 197,
1450 1196 1539 1233 6398.
1555 1195 1644 1232 6949,
1662 1194 1785 1231 10313.)

296 1243 429 1296 Quod
459 1244 605 1286 “aes’'
637 1252 683 1286 et
719 1245 954 1287 “serrum''
985 1246 1029 1286 in
1061 1244 1385 1293 Verboetiam
1417 1242 1672 1296 significent
1704 1242 1785 1282 du-

294 1320 391 1348 rum

620 1374 684 1415 (Ut
700 1375 800 1408 Esai.
821 1375 934 1408 xlviii.
951 1384 993 1415 4;
1018 1375 1114 1407 Dan.
1131 1374 1190 1407 vii.
1210 1383 1270 1415 19;
1294 1379 1329 1406 et
1345 1373 1453 1414 alibi),

295 1469 521 1511 videbitur
546 1470 590 1511 in
617 1471 921 1524 sequentibus.

375 1542 459 1587 71.
499 1534 577 1574 “Et
593 1547 666 1575 vox
678 1534 807 1587 [psius
824 1539 1016 1589 tanquam
1036 1547 1110 1575 vox
1122 1547 1320 1588 aquarum
1334 1531 1785 1585 multarum-''—Quod

296 1594 519 1648 significet
544 1595 757 1636 Divinum
794 1596 955 1637 Verum
985 1596 1030 1637 z'n
1055 1595 1238 1644 ultimis,
1266 1601 1447 1636 constat
1475 1608 1534 1635 ex
1561 1592 1785 1647 significa-

297 1658 420 1699 tione
456 1658 656 1707 “vocis,''
688 1672 788 1699 cum
826 1673 852 1700 a
889 1658 1100 1707 Domino,
1129 1658 1247 1712 quod
1281 1658 1337 1698 sit
1371 1657 1583 1697 Divinum
1615 1655 1786 1697 Verum

296 1729 350 1765 (de
365 1738 429 1765 qua
442 1737 472 1758 n.
490 1738 558 1766 219,
575 1738 642 1763 220,
659 1729 748 1767 3563,
764 1730 853 1767 6971,
871 1731 958 1767 8813,
976 1731 1071 1767 8914;
1095 1734 1125 1758 et
1139 1738 1245 1767 supra,
1271 1738 1303 1758 n.
1326 1723 1390 1770 55)
1408 1731 1417 1767 3
1460 1723 1506 1758 et
1533 1731 1592 1758 CX
1615 1715 1785 1770 Signifi-

295 1781 475 1821 catione
505 1781 798 1834 “aquarum,'’
820 1782 940 1835 quod
967 1782 1056 1822 sint
1083 1794 1189 1821 vera
1213 1780 1328 1829 fidei,
1353 1786 1399 1821 et
1426 1793 1602 1834 quoque
1628 1780 1784 1833 cogni-

296 1844 443 1884 tiones
468 1844 560 1884 veri
588 1854 643 1891 (de
658 1863 766 1892 quan.
784 1863 872 1891 2702,
889 1857 977 1892 3058,
994 1855 1082 1892 5668,
1099 1855 1187 1892 8568,
1205 1854 1344 1894 10238);
1388 1849 1434 1884 et
1461 1843 1563 1897 quia
1589 1843 1785 1896 cogniti·

295 1919 405 1946 ones
436 1907 528 1947 veri
567 1912 670 1947 sunt
708 1907 751 1946 in
789 1906 973 1955 ultimis,
1008 1906 1110 1947 ideo
1146 1920 1224 1960 per
1263 1906 1611 1947 “vocem-sicut
1651 1904 1783 1959 [vox]

295 1982 510 2022 aquarum
534 1969 816 2018 multarum,’'
839 1971 941 2023 quia
963 1969 1019 2010 de
1044 1969 1254 2018 Domino,
1274 1968 1550 2022 significatur
1573 1968 1785 2009 Divinum

297 2031 467 2072 Verum
491 2033 533 2072 in
557 2032 738 2072 ultimis.
796 2042 907 2079 (Quod
922 2043 1116 2080 cognitiones
1131 2047 1162 2071 et
1176 2042 1346 2072 scientifica
1359 2042 1419 2071 sint
1434 2042 1552 2071 externi
1567 2050 1622 2070 seu
1637 2041 1786 2071 naturalis

295 2094 439 2128 hominis,
455 2095 530 2131 quia
544 2095 575 2123 in
590 2095 660 2123 luce
676 2095 795 2128 mundi,
812 2095 855 2123 ita
869 2094 900 2123 in
916 2094 1041 2127 ultimis,
1057 2094 1200 2122 videatur
1214 2102 1244 2123 n.
1261 2100 1356 2130 5212:
1380 2097 1410 2122 et
1431 2093 1463 2121 in
1477 2102 1592 2130 genere
1614 2093 1654 2121 de
1675 2093 1733 2121 illis
1754 2093 1785 2122 in

297 2150 455 2179 Dollrina
470 2151 580 2179 Novae
594 2151 840 2188 Hierosolymae,
857 2159 887 2180 n.
904 2150 970 2188 51).
1033 2138 1260 2191 QUOniam
1292 2138 1491 2179 nondum
1524 2144 1682 2179 notum
1714 2144 1784 2179 eSt

296 2201 415 2255 quod
441 2201 698 2255 “aquae'’in
722 2201 877 2242 Verbo
900 2201 1154 2255 significent
1177 2215 1282 2242 vera
1304 2200 1406 2242 fidei
1429 2207 1475 2242 et
1498 2202 1784 2254 cognitiones

295 2265 401 2313 veri,
430 2278 488 2305 ex
515 2278 650 2305 causa
675 2265 877 2306 fortassis
909 2266 1011 2318 quia
1036 2270 1261 2306 remotum
1292 2270 1494 2318 apparet,
1521 2264 1624 2304 ideo
1650 2263 1784 2304 velim

296 2328 448 2381 paucis
471 2327 541 2368 hic
566 2328 807 2369 ostendere
833 2328 952 2382 quod
976 2342 1053 2381 per
1078 2327 1285 2382 “aquas'’
1307 2328 1351 2368 in
1374 2326 1528 2368 Verbo
1551 2326 1627 2368 illa
1649 2327 1784 2368 intel-

298 2389 521 2442 ligantur3
555 2391 674 2444 quod
707 2392 845 2431 etiam
877 2404 1112 2431 necessum
1144 2397 1229 2439 est,
1257 2391 1359 2444 quia
1389 2390 1557 2444 absque
1589 2391 1784 2443 cogniti-

297 2466 383 2493 one
408 2453 512 2506 quid
543 2457 721 2506 “aquae
734 2453 752 2469 '¹
779 2453 1049 2507 significant,
1078 2467 1168 2494 non
1195 2454 1294 2494 sciri
1326 2459 1489 2506 potest
1513 2453 1618 2506 quid
1646 2454 1784 2506 signi,-

297 2514 401 2555 ficat
427 2515 699 2569 Baptismus,
720 2529 802 2557 nec
825 2516 929 2569 quid
953 2515 1205 2557 lavationes
1227 2517 1271 2556 in
1294 2515 1501 2556 Ecclesia
1520 2515 1782 2569 Israelitica,

297 2591 483 2631 quarum
511 2580 682 2619 mentio
710 2580 848 2619 toties
874 2578 937 2619 fit.
1002 2578 1202 2632 “Aquae
1214 2578 1233 2594 '’
1256 2578 1512 2632 significant
1539 2592 1644 2620 vera
1666 2578 1782 2626 fidei,

297 2641 399 2694 quia
427 2642 591 2694 “panis
604 2641 622 2655 ’'
649 2641 872 2694 significat
899 2642 1067 2682 bonum
1093 2642 1270 2682 amoris.
1333 2641 1466 2694 Quod
1496 2645 1674 2695 “aquae
1687 2641 1706 2656 '¹
1737 2648 1783 2682 et

300 2704 466 2756 “panis
479 2703 498 2718 '’
524 2703 601 2744 illa
627 2703 895 2757 significent,
924 2711 994 2745 est
1020 2706 1122 2758 quia
1147 2704 1224 2745 illa
1255 2718 1369 2758 quae
1395 2711 1499 2745 sunt
1520 2705 1783 2745 'nutritionis

298 2768 540 2821 spiritualis
558 2770 872 2822 exprimuntur
889 2771 933 2810 in
951 2783 1083 2810 sensu
1106 2769 1286 2811 litterae
1309 2784 1387 2824 per
1409 2770 1520 2811 talia
1541 2783 1654 2823 quae
1678 2775 1782 2809 sunt

298 2827 555 2872 nu‘tritionis
588 2832 831 2883 naturalis;
874 2846 1015 2886 aquae
1047 2833 1166 2873 enim
1198 2839 1244 2873 et
1281 2834 1422 2886 panis,
1456 2846 1536 2886 per
1565 2845 1678 2886 quae
1715 2832 1782 2872 in-

298 2893 519 2946 telligitur
545 2895 690 2935 omnis
721 2901 855 2948 potus
887 2901 933 2936 et
965 2896 1110 2936 omnis
1142 2896 1265 2936 cibus
1296 2897 1340 2936 in
1371 2909 1551 2950 genere,
1579 2895 1781 2935 nutriunt

298 2969 473 3010 corpuS‚
502 2970 553 2998 ac
579 2971 685 2998 vera
716 2957 818 2999 fidei
849 2964 896 2999 et
928 2958 1095 2999 bonum
1128 2960 1291 3000 amoris
1323 2959 1525 2999 nutriunt
1557 2958 1779 3008 animam3
