<?xml version="1.0" encoding="UTF-8"?>
<!DOCTYPE html PUBLIC "-//W3C//DTD XHTML 1.0 Transitional//EN"
    "http://www.w3.org/TR/xhtml1/DTD/xhtml1-transitional.dtd">
<html xmlns="http://www.w3.org/1999/xhtml" xml:lang="en" lang="en">
 <head>
  <title>
</title>
<meta http-equiv="Content-Type" content="text/html;charset=utf-8" />
  <meta name='ocr-system' content='tesseract 3.04.00' />
  <meta name='ocr-capabilities' content='ocr_page ocr_carea ocr_par ocr_line ocrx_word'/>
</head>
<body>
  <div class='ocr_page' id='page_1' title='image "apocalypsisexpli01sweduoft_0059.png"; bbox 0 0 2060 3476; ppageno 0'>
   <div class='ocr_carea' id='block_1_1' title="bbox 710 363 1781 410">
    <p class='ocr_par' dir='ltr' id='par_1_1' title="bbox 710 363 1781 410">
     <span class='ocr_line' id='line_1_1' title="bbox 710 363 1781 410; baseline -0.005 -10"><span class='ocrx_word' id='word_1_1' title='bbox 710 363 715 366; x_wconf 85' lang='lat'>&#39;</span> <span class='ocrx_word' id='word_1_2' title='bbox 735 367 842 400; x_wconf 86' lang='lat' dir='ltr'>CAP.</span> <span class='ocrx_word' id='word_1_3' title='bbox 866 366 911 407; x_wconf 89' lang='lat'><strong>1.‚</strong></span> <span class='ocrx_word' id='word_1_4' title='bbox 936 365 1074 398; x_wconf 82' lang='lat' dir='ltr'>VERS.</span> <span class='ocrx_word' id='word_1_5' title='bbox 1097 365 1244 410; x_wconf 87' lang='lat' dir='ltr'><strong>9.—N.</strong></span> <span class='ocrx_word' id='word_1_6' title='bbox 1271 365 1334 409; x_wconf 85' lang='lat'><strong>50.</strong></span> <span class='ocrx_word' id='word_1_7' title='bbox 1732 365 1781 410; x_wconf 85' lang='lat'><strong>53</strong></span> 
     </span>
    </p>
   </div>
   <div class='ocr_carea' id='block_1_2' title="bbox 284 477 1784 1867">
    <p class='ocr_par' dir='ltr' id='par_1_2' title="bbox 284 477 1784 1867">
     <span class='ocr_line' id='line_1_2' title="bbox 284 477 1783 531; baseline -0.004 -8"><span class='ocrx_word' id='word_1_8' title='bbox 284 480 451 523; x_wconf 68' lang='lat' dir='ltr'><strong>factum</strong></span> <span class='ocrx_word' id='word_1_9' title='bbox 484 487 568 529; x_wconf 88' lang='lat' dir='ltr'><strong>est,</strong></span> <span class='ocrx_word' id='word_1_10' title='bbox 597 480 670 521; x_wconf 91' lang='lat' dir='ltr'><strong>vel</strong></span> <span class='ocrx_word' id='word_1_11' title='bbox 702 494 727 521; x_wconf 90' lang='lat' dir='ltr'><strong>a</strong></span> <span class='ocrx_word' id='word_1_12' title='bbox 759 480 848 521; x_wconf 91' lang='lat' dir='ltr'><strong>situ</strong></span> <span class='ocrx_word' id='word_1_13' title='bbox 879 480 923 520; x_wconf 92' lang='lat' dir='ltr'><strong>in</strong></span> <span class='ocrx_word' id='word_1_14' title='bbox 956 479 1087 520; x_wconf 87' lang='lat' dir='ltr'><strong>terris</strong></span> <span class='ocrx_word' id='word_1_15' title='bbox 1118 484 1197 519; x_wconf 86' lang='lat' dir='ltr'><strong>aut</strong></span> <span class='ocrx_word' id='word_1_16' title='bbox 1223 477 1358 531; x_wconf 87' lang='lat' dir='ltr'><strong>juxta</strong></span> <span class='ocrx_word' id='word_1_17' title='bbox 1390 483 1534 518; x_wconf 88' lang='lat' dir='ltr'><strong>terras</strong></span> <span class='ocrx_word' id='word_1_18' title='bbox 1565 491 1643 531; x_wconf 90' lang='lat' dir='ltr'><strong>per</strong></span> <span class='ocrx_word' id='word_1_19' title='bbox 1673 491 1783 531; x_wconf 90' lang='lat' dir='ltr'><strong>quas</strong></span> 
     </span>
     <span class='ocr_line' id='line_1_3' title="bbox 284 541 1783 599; baseline -0.004 -12"><span class='ocrx_word' id='word_1_20' title='bbox 284 546 546 599; x_wconf 91' lang='lat' dir='ltr'><strong>religiosum</strong></span> <span class='ocrx_word' id='word_1_21' title='bbox 577 543 1064 598; x_wconf 89' lang='lat' dir='ltr'><strong>gentis-significatur:</strong></span> <span class='ocrx_word' id='word_1_22' title='bbox 1108 542 1230 597; x_wconf 91' lang='lat' dir='ltr'><strong>quod</strong></span> <span class='ocrx_word' id='word_1_23' title='bbox 1269 542 1526 583; x_wconf 83' lang='lat' dir='ltr'><strong>“Patmos’&#39;</strong></span> <span class='ocrx_word' id='word_1_24' title='bbox 1557 541 1783 595; x_wconf 87' lang='lat' dir='ltr'><strong>significet</strong></span> 
     </span>
     <span class='ocr_line' id='line_1_4' title="bbox 284 605 1781 660; baseline -0.003 -10"><span class='ocrx_word' id='word_1_25' title='bbox 284 609 625 658; x_wconf 87' lang='lat' dir='ltr'><strong>revelationem,</strong></span> <span class='ocrx_word' id='word_1_26' title='bbox 654 614 725 649; x_wconf 92' lang='lat' dir='ltr'><strong>est</strong></span> <span class='ocrx_word' id='word_1_27' title='bbox 751 621 777 648; x_wconf 84' lang='lat' dir='ltr'><strong>a</strong></span> <span class='ocrx_word' id='word_1_28' title='bbox 803 606 1099 655; x_wconf 85' lang='lat' dir='ltr'><strong>memorabili,</strong></span> <span class='ocrx_word' id='word_1_29' title='bbox 1127 620 1182 647; x_wconf 92' lang='lat' dir='ltr'><strong>eo</strong></span> <span class='ocrx_word' id='word_1_30' title='bbox 1214 606 1334 660; x_wconf 94' lang='lat' dir='ltr'><strong>quod</strong></span> <span class='ocrx_word' id='word_1_31' title='bbox 1361 606 1420 646; x_wconf 91' lang='lat' dir='ltr'><strong>ibi</strong></span> <span class='ocrx_word' id='word_1_32' title='bbox 1451 605 1674 646; x_wconf 85' lang='lat' dir='ltr'><strong>revelatio</strong></span> <span class='ocrx_word' id='word_1_33' title='bbox 1703 605 1781 658; x_wconf 91' lang='lat' dir='ltr'><strong>Jo-</strong></span> 
     </span>
     <span class='ocr_line' id='line_1_5' title="bbox 284 668 1781 725; baseline -0.003 -11"><span class='ocrx_word' id='word_1_34' title='bbox 284 674 422 714; x_wconf 89' lang='lat' dir='ltr'><strong>hanni</strong></span> <span class='ocrx_word' id='word_1_35' title='bbox 454 671 573 722; x_wconf 69' lang='lat' dir='ltr'><strong>facta</strong></span> <span class='ocrx_word' id='word_1_36' title='bbox 609 673 680 713; x_wconf 90' lang='lat' dir='ltr'><strong>sit.</strong></span> <span class='ocrx_word' id='word_1_37' title='bbox 754 670 889 725; x_wconf 83' lang='lat' dir='ltr'><strong>Quod</strong></span> <span class='ocrx_word' id='word_1_38' title='bbox 927 670 1146 712; x_wconf 86' lang='lat' dir='ltr'><strong>revelatio</strong></span> <span class='ocrx_word' id='word_1_39' title='bbox 1183 668 1302 711; x_wconf 66' lang='lat' dir='ltr'><strong>faeta</strong></span> <span class='ocrx_word' id='word_1_40' title='bbox 1339 671 1398 710; x_wconf 89' lang='lat' dir='ltr'><strong>sit</strong></span> <span class='ocrx_word' id='word_1_41' title='bbox 1435 670 1479 710; x_wconf 92' lang='lat' dir='ltr'><strong>in</strong></span> <span class='ocrx_word' id='word_1_42' title='bbox 1517 669 1676 718; x_wconf 88' lang='lat' dir='ltr'><strong>insula,</strong></span> <span class='ocrx_word' id='word_1_43' title='bbox 1710 675 1781 709; x_wconf 81' lang='lat' dir='ltr'><strong>est</strong></span> 
     </span>
     <span class='ocr_line' id='line_1_6' title="bbox 285 733 1782 790; baseline -0.003 -13"><span class='ocrx_word' id='word_1_44' title='bbox 285 750 421 778; x_wconf 89' lang='lat' dir='ltr'><strong>causa</strong></span> <span class='ocrx_word' id='word_1_45' title='bbox 457 737 559 790; x_wconf 88' lang='lat' dir='ltr'><strong>quia</strong></span> <span class='ocrx_word' id='word_1_46' title='bbox 598 735 810 776; x_wconf 87' lang='lat' dir='ltr'><strong>“insula&#39;&#39;</strong></span> <span class='ocrx_word' id='word_1_47' title='bbox 847 733 1074 788; x_wconf 91' lang='lat' dir='ltr'><strong>significat</strong></span> <span class='ocrx_word' id='word_1_48' title='bbox 1111 740 1300 787; x_wconf 88' lang='lat' dir='ltr'><strong>gentem</strong></span> <span class='ocrx_word' id='word_1_49' title='bbox 1342 740 1569 774; x_wconf 91' lang='lat' dir='ltr'><strong>remotam</strong></span> <span class='ocrx_word' id='word_1_50' title='bbox 1611 747 1637 773; x_wconf 95' lang='lat' dir='ltr'><strong>a</strong></span> <span class='ocrx_word' id='word_1_51' title='bbox 1670 746 1782 773; x_wconf 88' lang='lat' dir='ltr'><strong>vero</strong></span> 
     </span>
     <span class='ocr_line' id='line_1_7' title="bbox 285 796 1782 854; baseline -0.003 -13"><span class='ocrx_word' id='word_1_52' title='bbox 285 800 424 848; x_wconf 89' lang='lat' dir='ltr'><strong>cultu,</strong></span> <span class='ocrx_word' id='word_1_53' title='bbox 445 800 524 841; x_wconf 91' lang='lat' dir='ltr'><strong>sed</strong></span> <span class='ocrx_word' id='word_1_54' title='bbox 543 814 683 854; x_wconf 90' lang='lat' dir='ltr'><strong>usque</strong></span> <span class='ocrx_word' id='word_1_55' title='bbox 705 798 1043 840; x_wconf 84' lang='lat' dir='ltr'><strong>desiderantem</strong></span> <span class='ocrx_word' id='word_1_56' title='bbox 1060 798 1300 848; x_wconf 89' lang='lat' dir='ltr'><strong>illustrari;</strong></span> <span class='ocrx_word' id='word_1_57' title='bbox 1328 797 1415 838; x_wconf 93' lang='lat' dir='ltr'><strong>hoc</strong></span> <span class='ocrx_word' id='word_1_58' title='bbox 1440 811 1519 850; x_wconf 90' lang='lat' dir='ltr'><strong>per</strong></span> <span class='ocrx_word' id='word_1_59' title='bbox 1543 796 1782 838; x_wconf 82' lang='lat' dir='ltr'><strong>“insulas‘’</strong></span> 
     </span>
     <span class='ocr_line' id='line_1_8' title="bbox 286 861 1782 917; baseline -0.003 -12"><span class='ocrx_word' id='word_1_60' title='bbox 286 865 330 904; x_wconf 92' lang='lat' dir='ltr'><strong>in</strong></span> <span class='ocrx_word' id='word_1_61' title='bbox 363 863 519 905; x_wconf 90' lang='lat' dir='ltr'><strong>Verbo</strong></span> <span class='ocrx_word' id='word_1_62' title='bbox 551 862 844 917; x_wconf 89' lang='lat' dir='ltr'><strong>significatur,</strong></span> <span class='ocrx_word' id='word_1_63' title='bbox 868 869 917 903; x_wconf 92' lang='lat' dir='ltr'><strong>ut</strong></span> <span class='ocrx_word' id='word_1_64' title='bbox 949 877 976 903; x_wconf 89' lang='lat' dir='ltr'><strong>a</strong></span> <span class='ocrx_word' id='word_1_65' title='bbox 1007 862 1302 916; x_wconf 86' lang='lat' dir='ltr'><strong>sequentibus</strong></span> <span class='ocrx_word' id='word_1_66' title='bbox 1333 861 1523 915; x_wconf 90' lang='lat' dir='ltr'><strong>patebit.</strong></span> <span class='ocrx_word' id='word_1_67' title='bbox 1586 861 1782 901; x_wconf 90' lang='lat' dir='ltr'><strong>Primum</strong></span> 
     </span>
     <span class='ocr_line' id='line_1_9' title="bbox 287 922 1779 980; baseline -0.003 -12"><span class='ocrx_word' id='word_1_68' title='bbox 287 927 345 968; x_wconf 93' lang='lat' dir='ltr'><strong>de</strong></span> <span class='ocrx_word' id='word_1_69' title='bbox 377 941 446 976; x_wconf 91' lang='lat' dir='ltr'><strong>eo,</strong></span> <span class='ocrx_word' id='word_1_70' title='bbox 480 927 601 980; x_wconf 93' lang='lat' dir='ltr'><strong>quod</strong></span> <span class='ocrx_word' id='word_1_71' title='bbox 638 927 822 967; x_wconf 90' lang='lat' dir='ltr'><strong>nomina</strong></span> <span class='ocrx_word' id='word_1_72' title='bbox 858 925 1062 967; x_wconf 90' lang='lat' dir='ltr'><strong>locorum</strong></span> <span class='ocrx_word' id='word_1_73' title='bbox 1098 926 1143 966; x_wconf 91' lang='lat' dir='ltr'><strong>in</strong></span> <span class='ocrx_word' id='word_1_74' title='bbox 1175 924 1332 966; x_wconf 89' lang='lat' dir='ltr'><strong>Verbo</strong></span> <span class='ocrx_word' id='word_1_75' title='bbox 1364 922 1657 978; x_wconf 73' lang='lat' dir='ltr'><strong>[¹¹significent</strong></span> <span class='ocrx_word' id='word_1_76' title='bbox 1693 938 1779 972; x_wconf 89' lang='lat' dir='ltr'><strong>res,</strong></span> 
     </span>
     <span class='ocr_line' id='line_1_10' title="bbox 284 987 1782 1044; baseline -0.002 -13"><span class='ocrx_word' id='word_1_77' title='bbox 284 990 451 1044; x_wconf 91' lang='lat' dir='ltr'><strong>aliquid</strong></span> <span class='ocrx_word' id='word_1_78' title='bbox 488 990 675 1031; x_wconf 92' lang='lat' dir='ltr'><strong>dicetur.</strong></span> <span class='ocrx_word' id='word_1_79' title='bbox 749 988 922 1031; x_wconf 85' lang='lat' dir='ltr'><strong>Omnes</strong></span> <span class='ocrx_word' id='word_1_80' title='bbox 959 989 1016 1030; x_wconf 94' lang='lat' dir='ltr'><strong>de</strong></span> <span class='ocrx_word' id='word_1_81' title='bbox 1047 989 1206 1043; x_wconf 90' lang='lat' dir='ltr'><strong>quibus</strong></span> <span class='ocrx_word' id='word_1_82' title='bbox 1243 994 1290 1029; x_wconf 93' lang='lat' dir='ltr'><strong>et</strong></span> <span class='ocrx_word' id='word_1_83' title='bbox 1322 1003 1401 1042; x_wconf 88' lang='lat' dir='ltr'><strong>per</strong></span> <span class='ocrx_word' id='word_1_84' title='bbox 1432 1002 1545 1042; x_wconf 90' lang='lat' dir='ltr'><strong>quos</strong></span> <span class='ocrx_word' id='word_1_85' title='bbox 1577 987 1782 1028; x_wconf 84' lang='lat' dir='ltr'><strong>Verbum</strong></span> 
     </span>
     <span class='ocr_line' id='line_1_11' title="bbox 285 1051 1780 1107; baseline -0.001 -13"><span class='ocrx_word' id='word_1_86' title='bbox 285 1053 658 1106; x_wconf 86' lang='lat' dir='ltr'><strong>conscriberetur,</strong></span> <span class='ocrx_word' id='word_1_87' title='bbox 691 1051 895 1107; x_wconf 72' lang='lat' dir='ltr'><strong>perduffi</strong></span> <span class='ocrx_word' id='word_1_88' title='bbox 927 1059 1032 1094; x_wconf 86' lang='lat' dir='ltr'><strong>sunt</strong></span> <span class='ocrx_word' id='word_1_89' title='bbox 1069 1052 1127 1093; x_wconf 91' lang='lat' dir='ltr'><strong>ad</strong></span> <span class='ocrx_word' id='word_1_90' title='bbox 1163 1052 1264 1093; x_wconf 93' lang='lat' dir='ltr'><strong>loca</strong></span> <span class='ocrx_word' id='word_1_91' title='bbox 1300 1066 1415 1106; x_wconf 88' lang='lat' dir='ltr'><strong>quae</strong></span> <span class='ocrx_word' id='word_1_92' title='bbox 1446 1051 1780 1105; x_wconf 88' lang='lat' dir='ltr'><strong>significabant,</strong></span> 
     </span>
     <span class='ocr_line' id='line_1_12' title="bbox 285 1115 1782 1169; baseline -0.001 -12"><span class='ocrx_word' id='word_1_93' title='bbox 285 1117 344 1157; x_wconf 95' lang='lat' dir='ltr'><strong>ob</strong></span> <span class='ocrx_word' id='word_1_94' title='bbox 374 1129 557 1157; x_wconf 87' lang='lat' dir='ltr'><strong>causam</strong></span> <span class='ocrx_word' id='word_1_95' title='bbox 593 1122 642 1157; x_wconf 88' lang='lat' dir='ltr'><strong>ut</strong></span> <span class='ocrx_word' id='word_1_96' title='bbox 679 1117 830 1157; x_wconf 91' lang='lat' dir='ltr'><strong>omnia</strong></span> <span class='ocrx_word' id='word_1_97' title='bbox 866 1115 1167 1169; x_wconf 88' lang='lat' dir='ltr'><strong>significativa</strong></span> <span class='ocrx_word' id='word_1_98' title='bbox 1202 1122 1356 1156; x_wconf 91' lang='lat' dir='ltr'><strong>essent</strong></span> <span class='ocrx_word' id='word_1_99' title='bbox 1393 1128 1540 1156; x_wconf 89' lang='lat' dir='ltr'><strong>rerum</strong></span> <span class='ocrx_word' id='word_1_100' title='bbox 1572 1115 1782 1168; x_wconf 87' lang='lat' dir='ltr'><strong>spiritua-</strong></span> 
     </span>
     <span class='ocr_line' id='line_1_13' title="bbox 285 1178 1783 1232; baseline -0.001 -12"><span class='ocrx_word' id='word_1_101' title='bbox 285 1180 392 1220; x_wconf 90' lang='lat' dir='ltr'><strong>lium</strong></span> <span class='ocrx_word' id='word_1_102' title='bbox 410 1194 419 1230; x_wconf 92' lang='lat'>;</span> <span class='ocrx_word' id='word_1_103' title='bbox 452 1181 591 1220; x_wconf 91' lang='lat' dir='ltr'><strong>immo</strong></span> <span class='ocrx_word' id='word_1_104' title='bbox 617 1179 721 1232; x_wconf 92' lang='lat' dir='ltr'><strong>Ipse</strong></span> <span class='ocrx_word' id='word_1_105' title='bbox 753 1179 975 1219; x_wconf 91' lang='lat' dir='ltr'><strong>Dominus</strong></span> <span class='ocrx_word' id='word_1_106' title='bbox 1006 1179 1063 1219; x_wconf 91' lang='lat' dir='ltr'><strong>ad</strong></span> <span class='ocrx_word' id='word_1_107' title='bbox 1095 1178 1257 1219; x_wconf 87' lang='lat' dir='ltr'><strong>similia</strong></span> <span class='ocrx_word' id='word_1_108' title='bbox 1283 1178 1342 1219; x_wconf 94' lang='lat' dir='ltr'><strong>ob</strong></span> <span class='ocrx_word' id='word_1_109' title='bbox 1373 1178 1567 1219; x_wconf 90' lang='lat' dir='ltr'><strong>eandem</strong></span> <span class='ocrx_word' id='word_1_110' title='bbox 1600 1191 1783 1218; x_wconf 88' lang='lat' dir='ltr'><strong>causam</strong></span> 
     </span>
     <span class='ocr_line' id='line_1_14' title="bbox 284 1240 1782 1296; baseline -0.001 -13"><span class='ocrx_word' id='word_1_111' title='bbox 284 1243 379 1292; x_wconf 89' lang='lat' dir='ltr'><strong>ivit,</strong></span> <span class='ocrx_word' id='word_1_112' title='bbox 408 1249 456 1283; x_wconf 91' lang='lat' dir='ltr'><strong>ut</strong></span> <span class='ocrx_word' id='word_1_113' title='bbox 483 1241 602 1296; x_wconf 92' lang='lat' dir='ltr'><strong>quod</strong></span> <span class='ocrx_word' id='word_1_114' title='bbox 625 1243 669 1282; x_wconf 92' lang='lat' dir='ltr'><strong>in</strong></span> <span class='ocrx_word' id='word_1_115' title='bbox 693 1241 958 1289; x_wconf 87' lang='lat' dir='ltr'><strong>Galilaeam,</strong></span> <span class='ocrx_word' id='word_1_116' title='bbox 983 1242 1040 1282; x_wconf 88' lang='lat' dir='ltr'><strong>ad</strong></span> <span class='ocrx_word' id='word_1_117' title='bbox 1062 1241 1234 1294; x_wconf 93' lang='lat' dir='ltr'><strong>Tyrum</strong></span> <span class='ocrx_word' id='word_1_118' title='bbox 1257 1247 1303 1282; x_wconf 90' lang='lat' dir='ltr'><strong>et</strong></span> <span class='ocrx_word' id='word_1_119' title='bbox 1327 1240 1557 1291; x_wconf 86' lang='lat' dir='ltr'><strong>Sidonem,</strong></span> <span class='ocrx_word' id='word_1_120' title='bbox 1586 1242 1643 1282; x_wconf 91' lang='lat' dir='ltr'><strong>ad</strong></span> <span class='ocrx_word' id='word_1_121' title='bbox 1671 1241 1782 1282; x_wconf 91' lang='lat' dir='ltr'><strong>Hie—</strong></span> 
     </span>
     <span class='ocr_line' id='line_1_15' title="bbox 286 1304 1782 1359; baseline 0 -14"><span class='ocrx_word' id='word_1_122' title='bbox 286 1304 579 1357; x_wconf 90' lang='lat' dir='ltr'><strong>rosolymam,</strong></span> <span class='ocrx_word' id='word_1_123' title='bbox 607 1304 883 1346; x_wconf 91' lang='lat' dir='ltr'><strong>in·Montem</strong></span> <span class='ocrx_word' id='word_1_124' title='bbox 907 1304 1139 1346; x_wconf 87' lang='lat' dir='ltr'><strong>Olivarum</strong></span> <span class='ocrx_word' id='word_1_125' title='bbox 1165 1305 1238 1353; x_wconf 90' lang='lat' dir='ltr'><strong>ibi,</strong></span> <span class='ocrx_word' id='word_1_126' title='bbox 1263 1311 1310 1346; x_wconf 90' lang='lat' dir='ltr'><strong>et</strong></span> <span class='ocrx_word' id='word_1_127' title='bbox 1333 1319 1511 1359; x_wconf 90' lang='lat' dir='ltr'><strong>quoque</strong></span> <span class='ocrx_word' id='word_1_128' title='bbox 1534 1304 1654 1358; x_wconf 92' lang='lat' dir='ltr'><strong>quod</strong></span> <span class='ocrx_word' id='word_1_129' title='bbox 1680 1318 1782 1346; x_wconf 93' lang='lat' dir='ltr'><strong>cum</strong></span> 
     </span>
     <span class='ocr_line' id='line_1_16' title="bbox 285 1366 1783 1422; baseline -0.001 -13"><span class='ocrx_word' id='word_1_130' title='bbox 285 1368 430 1409; x_wconf 87' lang='lat' dir='ltr'><strong>infans</strong></span> <span class='ocrx_word' id='word_1_131' title='bbox 452 1366 693 1422; x_wconf 67' lang='lat' dir='ltr'><strong>perductus</strong></span> <span class='ocrx_word' id='word_1_132' title='bbox 715 1369 774 1409; x_wconf 91' lang='lat' dir='ltr'><strong>sit</strong></span> <span class='ocrx_word' id='word_1_133' title='bbox 800 1369 845 1409; x_wconf 92' lang='lat' dir='ltr'><strong>in</strong></span> <span class='ocrx_word' id='word_1_134' title='bbox 867 1368 1151 1422; x_wconf 88' lang='lat' dir='ltr'><strong>Aegyptum.</strong></span> <span class='ocrx_word' id='word_1_135' title='bbox 1203 1367 1338 1421; x_wconf 79' lang='lat' dir='ltr'><strong>Quod</strong></span> <span class='ocrx_word' id='word_1_136' title='bbox 1360 1368 1505 1409; x_wconf 90' lang='lat' dir='ltr'><strong>simile</strong></span> <span class='ocrx_word' id='word_1_137' title='bbox 1527 1368 1658 1409; x_wconf 86' lang='lat' dir='ltr'><strong>fuerit</strong></span> <span class='ocrx_word' id='word_1_138' title='bbox 1681 1381 1783 1409; x_wconf 89' lang='lat' dir='ltr'><strong>cum</strong></span> 
     </span>
     <span class='ocr_line' id='line_1_17' title="bbox 285 1431 1784 1486; baseline 0 -14"><span class='ocrx_word' id='word_1_139' title='bbox 285 1431 534 1485; x_wconf 91' lang='lat' dir='ltr'><strong>prophetis,</strong></span> <span class='ocrx_word' id='word_1_140' title='bbox 562 1438 609 1473; x_wconf 89' lang='lat' dir='ltr'><strong>et</strong></span> <span class='ocrx_word' id='word_1_141' title='bbox 636 1445 738 1473; x_wconf 91' lang='lat' dir='ltr'><strong>cum</strong></span> <span class='ocrx_word' id='word_1_142' title='bbox 764 1432 964 1485; x_wconf 92' lang='lat' dir='ltr'><strong>pluribus</strong></span> <span class='ocrx_word' id='word_1_143' title='bbox 990 1433 1064 1486; x_wconf 92' lang='lat' dir='ltr'><strong>qui</strong></span> <span class='ocrx_word' id='word_1_144' title='bbox 1095 1432 1140 1472; x_wconf 92' lang='lat' dir='ltr'><strong>in</strong></span> <span class='ocrx_word' id='word_1_145' title='bbox 1158 1431 1324 1472; x_wconf 89' lang='lat' dir='ltr'><strong>·Verbo</strong></span> <span class='ocrx_word' id='word_1_146' title='bbox 1353 1431 1587 1472; x_wconf 89' lang='lat' dir='ltr'><strong>Historico</strong></span> <span class='ocrx_word' id='word_1_147' title='bbox 1613 1445 1784 1472; x_wconf 91' lang='lat' dir='ltr'><strong>memo-</strong></span> 
     </span>
     <span class='ocr_line' id='line_1_18' title="bbox 285 1494 1782 1550; baseline -0.001 -13"><span class='ocrx_word' id='word_1_148' title='bbox 285 1502 454 1545; x_wconf 86' lang='lat' dir='ltr'><strong>rantur,</strong></span> <span class='ocrx_word' id='word_1_149' title='bbox 479 1495 633 1537; x_wconf 86' lang='lat' dir='ltr'><strong>multis</strong></span> <span class='ocrx_word' id='word_1_150' title='bbox 655 1496 836 1537; x_wconf 88' lang='lat' dir='ltr'><strong>ostendi</strong></span> <span class='ocrx_word' id='word_1_151' title='bbox 862 1502 1030 1550; x_wconf 88' lang='lat' dir='ltr'><strong>potest.</strong></span> <span class='ocrx_word' id='word_1_152' title='bbox 1093 1495 1204 1536; x_wconf 91' lang='lat' dir='ltr'><strong>Ideo</strong></span> <span class='ocrx_word' id='word_1_153' title='bbox 1226 1496 1365 1536; x_wconf 88' lang='lat' dir='ltr'><strong>etiam</strong></span> <span class='ocrx_word' id='word_1_154' title='bbox 1384 1495 1617 1549; x_wconf 92' lang='lat' dir='ltr'><strong>Johannes</strong></span> <span class='ocrx_word' id='word_1_155' title='bbox 1635 1494 1782 1548; x_wconf 86' lang='lat' dir='ltr'><strong>jussus</strong></span> 
     </span>
     <span class='ocr_line' id='line_1_19' title="bbox 286 1557 1783 1613; baseline 0 -13"><span class='ocrx_word' id='word_1_156' title='bbox 286 1565 356 1601; x_wconf 89' lang='lat' dir='ltr'><strong>est</strong></span> <span class='ocrx_word' id='word_1_157' title='bbox 378 1560 423 1600; x_wconf 91' lang='lat' dir='ltr'><strong>in</strong></span> <span class='ocrx_word' id='word_1_158' title='bbox 448 1559 640 1600; x_wconf 90' lang='lat' dir='ltr'><strong>insulam</strong></span> <span class='ocrx_word' id='word_1_159' title='bbox 663 1559 847 1600; x_wconf 89' lang='lat' dir='ltr'><strong>Patmos</strong></span> <span class='ocrx_word' id='word_1_160' title='bbox 870 1573 918 1600; x_wconf 87' lang='lat' dir='ltr'><strong>se</strong></span> <span class='ocrx_word' id='word_1_161' title='bbox 940 1559 1154 1608; x_wconf 89' lang='lat' dir='ltr'><strong>conferre,</strong></span> <span class='ocrx_word' id='word_1_162' title='bbox 1179 1565 1228 1600; x_wconf 91' lang='lat' dir='ltr'><strong>ut</strong></span> <span class='ocrx_word' id='word_1_163' title='bbox 1255 1559 1314 1599; x_wconf 93' lang='lat' dir='ltr'><strong>ibi</strong></span> <span class='ocrx_word' id='word_1_164' title='bbox 1336 1557 1646 1600; x_wconf 86' lang='lat' dir='ltr'><strong>revelarentur</strong></span> <span class='ocrx_word' id='word_1_165' title='bbox 1667 1573 1783 1613; x_wconf 92' lang='lat' dir='ltr'><strong>quae</strong></span> 
     </span>
     <span class='ocr_line' id='line_1_20' title="bbox 286 1621 1782 1676; baseline -0.001 -13"><span class='ocrx_word' id='word_1_166' title='bbox 286 1622 434 1664; x_wconf 90' lang='lat' dir='ltr'><strong>futura</strong></span> <span class='ocrx_word' id='word_1_167' title='bbox 457 1629 561 1663; x_wconf 91' lang='lat' dir='ltr'><strong>sunt</strong></span> <span class='ocrx_word' id='word_1_168' title='bbox 585 1623 628 1663; x_wconf 92' lang='lat' dir='ltr'><strong>in</strong></span> <span class='ocrx_word' id='word_1_169' title='bbox 651 1622 738 1663; x_wconf 89' lang='lat' dir='ltr'><strong>fine</strong></span> <span class='ocrx_word' id='word_1_170' title='bbox 760 1622 992 1671; x_wconf 89' lang='lat' dir='ltr'><strong>ecclesiae,</strong></span> <span class='ocrx_word' id='word_1_171' title='bbox 1012 1623 1115 1676; x_wconf 90' lang='lat' dir='ltr'><strong>quia</strong></span> <span class='ocrx_word' id='word_1_172' title='bbox 1135 1621 1319 1662; x_wconf 89' lang='lat' dir='ltr'><strong>“insula</strong></span> <span class='ocrx_word' id='word_1_173' title='bbox 1329 1621 1349 1636; x_wconf 93' lang='lat'>”</span> <span class='ocrx_word' id='word_1_174' title='bbox 1367 1621 1652 1675; x_wconf 88' lang='lat' dir='ltr'><strong>significabat</strong></span> <span class='ocrx_word' id='word_1_175' title='bbox 1669 1636 1782 1675; x_wconf 90' lang='lat' dir='ltr'><strong>gen-</strong></span> 
     </span>
     <span class='ocr_line' id='line_1_21' title="bbox 286 1684 1783 1739; baseline -0.001 -13"><span class='ocrx_word' id='word_1_176' title='bbox 286 1692 382 1726; x_wconf 92' lang='lat' dir='ltr'><strong>tem</strong></span> <span class='ocrx_word' id='word_1_177' title='bbox 404 1692 694 1739; x_wconf 88' lang='lat' dir='ltr'><strong>accepturam</strong></span> <span class='ocrx_word' id='word_1_178' title='bbox 716 1700 823 1726; x_wconf 88' lang='lat' dir='ltr'><strong>vera</strong></span> <span class='ocrx_word' id='word_1_179' title='bbox 844 1684 1089 1727; x_wconf 69' lang='lat' dir='ltr'><strong>doctrinae.</strong></span> <span class='ocrx_word' id='word_1_180' title='bbox 1151 1685 1238 1726; x_wconf 90' lang='lat' dir='ltr'><strong>Est</strong></span> <span class='ocrx_word' id='word_1_181' title='bbox 1260 1699 1438 1739; x_wconf 91' lang='lat' dir='ltr'><strong>quoque</strong></span> <span class='ocrx_word' id='word_1_182' title='bbox 1463 1684 1542 1726; x_wconf 91' lang='lat' dir='ltr'><strong>illa</strong></span> <span class='ocrx_word' id='word_1_183' title='bbox 1567 1685 1713 1726; x_wconf 86' lang='lat' dir='ltr'><strong>insula</strong></span> <span class='ocrx_word' id='word_1_184' title='bbox 1738 1686 1783 1726; x_wconf 90' lang='lat' dir='ltr'><strong>in</strong></span> 
     </span>
     <span class='ocr_line' id='line_1_22' title="bbox 288 1747 1783 1803; baseline 0 -14"><span class='ocrx_word' id='word_1_185' title='bbox 288 1747 614 1802; x_wconf 86' lang='lat' dir='ltr'><strong>Archipelag0‚</strong></span> <span class='ocrx_word' id='word_1_186' title='bbox 630 1749 704 1789; x_wconf 92' lang='lat' dir='ltr'><strong>ubi</strong></span> <span class='ocrx_word' id='word_1_187' title='bbox 722 1748 870 1802; x_wconf 91' lang='lat' dir='ltr'><strong>plures</strong></span> <span class='ocrx_word' id='word_1_188' title='bbox 888 1748 1003 1789; x_wconf 90' lang='lat' dir='ltr'><strong>aliae</strong></span> <span class='ocrx_word' id='word_1_189' title='bbox 1020 1747 1192 1789; x_wconf 90' lang='lat' dir='ltr'><strong>insulae</strong></span> <span class='ocrx_word' id='word_1_190' title='bbox 1209 1763 1219 1799; x_wconf 89' lang='lat'><strong>;</strong></span> <span class='ocrx_word' id='word_1_191' title='bbox 1243 1748 1347 1789; x_wconf 92' lang='lat' dir='ltr'><strong>inde</strong></span> <span class='ocrx_word' id='word_1_192' title='bbox 1365 1762 1542 1802; x_wconf 91' lang='lat' dir='ltr'><strong>quoque</strong></span> <span class='ocrx_word' id='word_1_193' title='bbox 1560 1754 1645 1797; x_wconf 91' lang='lat' dir='ltr'><strong>est,</strong></span> <span class='ocrx_word' id='word_1_194' title='bbox 1662 1749 1783 1803; x_wconf 89' lang='lat' dir='ltr'><strong>quod</strong></span> 
     </span>
     <span class='ocr_line' id='line_1_23' title="bbox 287 1811 1760 1867; baseline -0.001 -14"><span class='ocrx_word' id='word_1_195' title='bbox 287 1826 366 1867; x_wconf 88' lang='lat' dir='ltr'><strong>per</strong></span> <span class='ocrx_word' id='word_1_196' title='bbox 391 1815 416 1832; x_wconf 91' lang='lat'>“</span> <span class='ocrx_word' id='word_1_197' title='bbox 430 1811 666 1853; x_wconf 88' lang='lat' dir='ltr'><strong>Graeciam</strong></span> <span class='ocrx_word' id='word_1_198' title='bbox 677 1812 697 1826; x_wconf 93' lang='lat'><strong>&#39;&#39;</strong></span> <span class='ocrx_word' id='word_1_199' title='bbox 718 1812 763 1852; x_wconf 93' lang='lat' dir='ltr'><strong>in</strong></span> <span class='ocrx_word' id='word_1_200' title='bbox 786 1811 942 1852; x_wconf 93' lang='lat' dir='ltr'><strong>Verbo</strong></span> <span class='ocrx_word' id='word_1_201' title='bbox 964 1812 1103 1852; x_wconf 89' lang='lat' dir='ltr'><strong>etiam</strong></span> <span class='ocrx_word' id='word_1_202' title='bbox 1124 1811 1435 1865; x_wconf 89' lang='lat' dir='ltr'><strong>significentur</strong></span> <span class='ocrx_word' id='word_1_203' title='bbox 1455 1817 1619 1865; x_wconf 88' lang='lat' dir='ltr'><strong>gentes</strong></span> <span class='ocrx_word' id='word_1_204' title='bbox 1642 1811 1760 1852; x_wconf 90' lang='lat' dir='ltr'><strong>tales</strong></span> 
     </span>
    </p>
   </div>
   <div class='ocr_carea' id='block_1_3' title="bbox 353 1907 1781 1993">
    <p class='ocr_par' dir='ltr' id='par_1_3' title="bbox 353 1907 1781 1993">
     <span class='ocr_line' id='line_1_24' title="bbox 353 1907 1781 1950; baseline 0.001 -11"><span class='ocrx_word' id='word_1_205' title='bbox 353 1907 418 1948; x_wconf 91' lang='lat' dir='ltr'><strong>(Ut</strong></span> <span class='ocrx_word' id='word_1_206' title='bbox 434 1908 528 1948; x_wconf 87' lang='lat' dir='ltr'><strong>apud</strong></span> <span class='ocrx_word' id='word_1_207' title='bbox 540 1907 733 1946; x_wconf 85' lang='lat' dir='ltr'><strong>Danielem,</strong></span> <span class='ocrx_word' id='word_1_208' title='bbox 750 1918 825 1948; x_wconf 88' lang='lat' dir='ltr'><strong>cap.</strong></span> <span class='ocrx_word' id='word_1_209' title='bbox 839 1908 910 1940; x_wconf 88' lang='lat' dir='ltr'><strong>viii.</strong></span> <span class='ocrx_word' id='word_1_210' title='bbox 928 1916 967 1939; x_wconf 91' lang='lat'><strong>21</strong></span> <span class='ocrx_word' id='word_1_211' title='bbox 983 1917 990 1946; x_wconf 93' lang='lat'>;</span> <span class='ocrx_word' id='word_1_212' title='bbox 1015 1917 1091 1948; x_wconf 92' lang='lat' dir='ltr'><strong>cap.</strong></span> <span class='ocrx_word' id='word_1_213' title='bbox 1107 1918 1142 1940; x_wconf 76' lang='lat' dir='ltr'><strong>x,</strong></span> <span class='ocrx_word' id='word_1_214' title='bbox 1159 1916 1222 1946; x_wconf 87' lang='lat' dir='ltr'><strong>2o;</strong></span> <span class='ocrx_word' id='word_1_215' title='bbox 1246 1917 1323 1948; x_wconf 87' lang='lat' dir='ltr'><strong>cap.</strong></span> <span class='ocrx_word' id='word_1_216' title='bbox 1341 1908 1387 1940; x_wconf 87' lang='lat' dir='ltr'><strong>xi.</strong></span> <span class='ocrx_word' id='word_1_217' title='bbox 1404 1915 1443 1940; x_wconf 87' lang='lat'><strong>2:</strong></span> <span class='ocrx_word' id='word_1_218' title='bbox 1473 1907 1556 1950; x_wconf 79' lang='lat' dir='ltr'><em>Joh.</em></span> <span class='ocrx_word' id='word_1_219' title='bbox 1572 1908 1632 1940; x_wconf 89' lang='lat' dir='ltr'><strong>xii.</strong></span> <span class='ocrx_word' id='word_1_220' title='bbox 1650 1916 1702 1946; x_wconf 91' lang='lat'><strong>20,</strong></span> <span class='ocrx_word' id='word_1_221' title='bbox 1721 1916 1758 1939; x_wconf 90' lang='lat'><strong>21</strong></span> <span class='ocrx_word' id='word_1_222' title='bbox 1773 1919 1781 1941; x_wconf 90' lang='lat'><strong>:</strong></span> 
     </span>
     <span class='ocr_line' id='line_1_25' title="bbox 462 1951 850 1993; baseline 0.003 -10"><span class='ocrx_word' id='word_1_223' title='bbox 462 1952 575 1983; x_wconf 84' lang='lat' dir='ltr'><strong>Marc.</strong></span> <span class='ocrx_word' id='word_1_224' title='bbox 596 1951 654 1984; x_wconf 89' lang='lat' dir='ltr'><strong>vii.</strong></span> <span class='ocrx_word' id='word_1_225' title='bbox 675 1952 728 1990; x_wconf 88' lang='lat'><strong>26,</strong></span> <span class='ocrx_word' id='word_1_226' title='bbox 748 1951 850 1993; x_wconf 83' lang='lat' dir='ltr'><strong>seq.).</strong></span> 
     </span>
    </p>
   </div>
   <div class='ocr_carea' id='block_1_4' title="bbox 287 2027 1783 2265">
    <p class='ocr_par' dir='ltr' id='par_1_4' title="bbox 287 2027 1783 2265">
     <span class='ocr_line' id='line_1_26' title="bbox 287 2027 1782 2077; baseline 0.001 -9"><span class='ocrx_word' id='word_1_227' title='bbox 287 2039 400 2077; x_wconf 89' lang='lat' dir='ltr'><strong>(Quod</strong></span> <span class='ocrx_word' id='word_1_228' title='bbox 417 2039 526 2069; x_wconf 87' lang='lat' dir='ltr'><strong>omnia</strong></span> <span class='ocrx_word' id='word_1_229' title='bbox 538 2039 669 2068; x_wconf 87' lang='lat' dir='ltr'><strong>nomina</strong></span> <span class='ocrx_word' id='word_1_230' title='bbox 685 2039 829 2069; x_wconf 88' lang='lat' dir='ltr'><strong>locomm</strong></span> <span class='ocrx_word' id='word_1_231' title='bbox 843 2039 876 2068; x_wconf 90' lang='lat' dir='ltr'><strong>in</strong></span> <span class='ocrx_word' id='word_1_232' title='bbox 890 2040 998 2069; x_wconf 87' lang='lat' dir='ltr'><strong>Verbo</strong></span> <span class='ocrx_word' id='word_1_233' title='bbox 1012 2039 1188 2077; x_wconf 86' lang='lat' dir='ltr'><strong>significent</strong></span> <span class='ocrx_word' id='word_1_234' title='bbox 1202 2048 1260 2074; x_wconf 87' lang='lat' dir='ltr'><strong>res,</strong></span> <span class='ocrx_word' id='word_1_235' title='bbox 1276 2040 1421 2069; x_wconf 80' lang='lat' dir='ltr'><strong>videatur</strong></span> <span class='ocrx_word' id='word_1_236' title='bbox 1434 2027 1465 2069; x_wconf 84' lang='lat' dir='ltr'><strong>n.</strong></span> <span class='ocrx_word' id='word_1_237' title='bbox 1483 2048 1571 2077; x_wconf 86' lang='lat'><strong>1224,</strong></span> <span class='ocrx_word' id='word_1_238' title='bbox 1589 2040 1677 2077; x_wconf 86' lang='lat'><strong>1264,</strong></span> <span class='ocrx_word' id='word_1_239' title='bbox 1695 2040 1782 2076; x_wconf 89' lang='lat'><strong>1876,</strong></span> 
     </span>
     <span class='ocr_line' id='line_1_27' title="bbox 289 2084 1783 2139; baseline 0.001 -15"><span class='ocrx_word' id='word_1_240' title='bbox 289 2097 375 2130; x_wconf 80' lang='lat'><strong>1888,</strong></span> <span class='ocrx_word' id='word_1_241' title='bbox 390 2103 480 2132; x_wconf 84' lang='lat'>4310·</span> <span class='ocrx_word' id='word_1_242' title='bbox 495 2104 585 2132; x_wconf 79' lang='lat'><strong>4442,</strong></span> <span class='ocrx_word' id='word_1_243' title='bbox 603 2093 727 2133; x_wconf 87' lang='lat'><strong>10329.)</strong></span> <span class='ocrx_word' id='word_1_244' title='bbox 788 2084 921 2138; x_wconf 84' lang='lat' dir='ltr'><strong>Quod</strong></span> <span class='ocrx_word' id='word_1_245' title='bbox 942 2085 1184 2126; x_wconf 86' lang='lat' dir='ltr'><strong>“insulae&#39;’</strong></span> <span class='ocrx_word' id='word_1_246' title='bbox 1207 2084 1463 2138; x_wconf 87' lang='lat' dir='ltr'><strong>significent</strong></span> <span class='ocrx_word' id='word_1_247' title='bbox 1486 2092 1650 2139; x_wconf 90' lang='lat' dir='ltr'><strong>gentes</strong></span> <span class='ocrx_word' id='word_1_248' title='bbox 1667 2099 1783 2139; x_wconf 90' lang='lat' dir='ltr'><strong>quae</strong></span> 
     </span>
     <span class='ocr_line' id='line_1_28' title="bbox 287 2147 1782 2202; baseline -0.001 -13"><span class='ocrx_word' id='word_1_249' title='bbox 287 2161 553 2189; x_wconf 88' lang='lat' dir='ltr'><strong>accessurae</strong></span> <span class='ocrx_word' id='word_1_250' title='bbox 580 2148 638 2188; x_wconf 89' lang='lat' dir='ltr'><strong>ad</strong></span> <span class='ocrx_word' id='word_1_251' title='bbox 669 2161 824 2189; x_wconf 88' lang='lat' dir='ltr'><strong>verum</strong></span> <span class='ocrx_word' id='word_1_252' title='bbox 855 2148 1028 2189; x_wconf 91' lang='lat' dir='ltr'><strong>cultum</strong></span> <span class='ocrx_word' id='word_1_253' title='bbox 1060 2147 1160 2197; x_wconf 90' lang='lat' dir='ltr'><strong>Dei,</strong></span> <span class='ocrx_word' id='word_1_254' title='bbox 1187 2154 1373 2190; x_wconf 85' lang='lat' dir='ltr'><strong>constat</strong></span> <span class='ocrx_word' id='word_1_255' title='bbox 1399 2162 1459 2190; x_wconf 85' lang='lat' dir='ltr'><strong>ex</strong></span> <span class='ocrx_word' id='word_1_256' title='bbox 1488 2148 1782 2202; x_wconf 89' lang='lat' dir='ltr'><strong>sequentibus</strong></span> 
     </span>
     <span class='ocr_line' id='line_1_29' title="bbox 289 2210 1695 2265; baseline 0.001 -14"><span class='ocrx_word' id='word_1_257' title='bbox 289 2211 360 2251; x_wconf 87' lang='lat' dir='ltr'><strong>his</strong></span> <span class='ocrx_word' id='word_1_258' title='bbox 387 2210 497 2251; x_wconf 89' lang='lat' dir='ltr'><strong>locis</strong></span> <span class='ocrx_word' id='word_1_259' title='bbox 513 2210 723 2265; x_wconf 90' lang='lat' dir='ltr'><strong>:—Apud</strong></span> <span class='ocrx_word' id='word_1_260' title='bbox 747 2211 951 2261; x_wconf 84' lang='lat' dir='ltr'><strong>Esaiam,</strong></span> <span class='ocrx_word' id='word_1_261' title='bbox 1692 2212 1695 2213; x_wconf 45' lang='lat'><em>⁷</em></span> 
     </span>
    </p>
   </div>
   <div class='ocr_carea' id='block_1_5' title="bbox 358 2298 1783 2384">
    <p class='ocr_par' dir='ltr' id='par_1_5' title="bbox 358 2298 1783 2384">
     <span class='ocr_line' id='line_1_30' title="bbox 358 2298 1783 2384; baseline 0.003 -54"><span class='ocrx_word' id='word_1_262' title='bbox 358 2301 382 2315; x_wconf 80' lang='lat'><strong>‘⁸</strong></span> <span class='ocrx_word' id='word_1_263' title='bbox 393 2299 435 2331; x_wconf 91' lang='lat' dir='ltr'><strong>In</strong></span> <span class='ocrx_word' id='word_1_264' title='bbox 454 2299 556 2374; x_wconf 73' lang='lat' dir='ltr'><strong>Uritln</strong></span> <span class='ocrx_word' id='word_1_265' title='bbox 572 2299 747 2383; x_wconf 51' lang='lat' dir='ltr'>¹2⁰(nofate</span> <span class='ocrx_word' id='word_1_266' title='bbox 759 2299 945 2384; x_wconf 47' lang='lat' dir='ltr'><strong>jehovam,</strong></span> <span class='ocrx_word' id='word_1_267' title='bbox 962 2300 998 2331; x_wconf 91' lang='lat' dir='ltr'><strong>in</strong></span> <span class='ocrx_word' id='word_1_268' title='bbox 1016 2299 1142 2332; x_wconf 87' lang='lat' dir='ltr'><strong>insulis</strong></span> <span class='ocrx_word' id='word_1_269' title='bbox 1156 2300 1263 2332; x_wconf 89' lang='lat' dir='ltr'><strong>maris</strong></span> <span class='ocrx_word' id='word_1_270' title='bbox 1281 2310 1414 2333; x_wconf 88' lang='lat' dir='ltr'><strong>nomen</strong></span> <span class='ocrx_word' id='word_1_271' title='bbox 1433 2298 1625 2344; x_wconf 88' lang='lat' dir='ltr'><strong>[Jehovae]</strong></span> <span class='ocrx_word' id='word_1_272' title='bbox 1645 2301 1712 2334; x_wconf 92' lang='lat' dir='ltr'><strong>Dei</strong></span> <span class='ocrx_word' id='word_1_273' title='bbox 1730 2301 1783 2334; x_wconf 89' lang='lat' dir='ltr'><strong>Is-</strong></span> 
     </span>
     <span class='ocr_line' id='line_1_31' title="bbox 461 2352 820 2382; baseline -0.003 -7"><span class='ocrx_word' id='word_1_274' title='bbox 461 2353 522 2375; x_wconf 83' lang='lat' dir='ltr'><strong>tae</strong></span> <span class='ocrx_word' id='word_1_275' title='bbox 538 2353 568 2375; x_wconf 82' lang='lat' dir='ltr'><strong>is</strong></span> <span class='ocrx_word' id='word_1_276' title='bbox 627 2353 723 2375; x_wconf 63' lang='grc' dir='ltr'><strong>ων.</strong></span> <span class='ocrx_word' id='word_1_277' title='bbox 745 2352 784 2382; x_wconf 88' lang='lat'><strong>15</strong></span> <span class='ocrx_word' id='word_1_278' title='bbox 812 2352 820 2382; x_wconf 86' lang='lat'>;</span> 
     </span>
    </p>
   </div>
   <div class='ocr_carea' id='block_1_6' title="bbox 288 2420 641 2474">
    <p class='ocr_par' dir='ltr' id='par_1_6' title="bbox 288 2420 641 2474">
     <span class='ocr_line' id='line_1_32' title="bbox 288 2420 641 2474; baseline -0.003 -12"><span class='ocrx_word' id='word_1_279' title='bbox 288 2420 408 2474; x_wconf 84' lang='lat' dir='ltr'><strong>apud</strong></span> <span class='ocrx_word' id='word_1_280' title='bbox 433 2420 641 2470; x_wconf 89' lang='lat' dir='ltr'><strong>eundem,</strong></span> 
     </span>
    </p>
   </div>
   <div class='ocr_carea' id='block_1_7' title="bbox 357 2508 1782 2726">
    <p class='ocr_par' dir='ltr' id='par_1_7' title="bbox 357 2508 1782 2726">
     <span class='ocr_line' id='line_1_33' title="bbox 357 2508 1782 2552; baseline 0.002 -12"><span class='ocrx_word' id='word_1_281' title='bbox 357 2508 474 2541; x_wconf 84' lang='lat' dir='ltr'><strong>“Non</strong></span> <span class='ocrx_word' id='word_1_282' title='bbox 498 2509 712 2550; x_wconf 87' lang='lat' dir='ltr'><strong>exstinguet,</strong></span> <span class='ocrx_word' id='word_1_283' title='bbox 732 2520 847 2551; x_wconf 89' lang='lat' dir='ltr'><strong>neque</strong></span> <span class='ocrx_word' id='word_1_284' title='bbox 870 2509 1084 2551; x_wconf 84' lang='lat' dir='ltr'><strong>confringet,</strong></span> <span class='ocrx_word' id='word_1_285' title='bbox 1103 2510 1218 2543; x_wconf 90' lang='lat' dir='ltr'><strong>donec</strong></span> <span class='ocrx_word' id='word_1_286' title='bbox 1241 2516 1353 2551; x_wconf 84' lang='lat' dir='ltr'><strong>ponat</strong></span> <span class='ocrx_word' id='word_1_287' title='bbox 1375 2511 1412 2542; x_wconf 85' lang='lat' dir='ltr'><strong>in</strong></span> <span class='ocrx_word' id='word_1_288' title='bbox 1434 2516 1530 2543; x_wconf 88' lang='lat' dir='ltr'><strong>terra</strong></span> <span class='ocrx_word' id='word_1_289' title='bbox 1543 2510 1727 2552; x_wconf 82' lang='lat' dir='ltr'><strong>judicium,</strong></span> <span class='ocrx_word' id='word_1_290' title='bbox 1746 2516 1782 2543; x_wconf 85' lang='lat' dir='ltr'><strong>et</strong></span> 
     </span>
     <span class='ocr_line' id='line_1_34' title="bbox 462 2553 1780 2597; baseline 0.002 -13"><span class='ocrx_word' id='word_1_291' title='bbox 462 2553 500 2584; x_wconf 88' lang='lat' dir='ltr'><strong>in</strong></span> <span class='ocrx_word' id='word_1_292' title='bbox 517 2553 597 2594; x_wconf 79' lang='lat' dir='ltr'><strong>lege</strong></span> <span class='ocrx_word' id='word_1_293' title='bbox 614 2553 733 2594; x_wconf 89' lang='lat' dir='ltr'><strong>Ipsius</strong></span> <span class='ocrx_word' id='word_1_294' title='bbox 749 2554 888 2586; x_wconf 87' lang='lat' dir='ltr'><strong>insulae</strong></span> <span class='ocrx_word' id='word_1_295' title='bbox 911 2561 1068 2594; x_wconf 88' lang='lat' dir='ltr'><strong>sperent.</strong></span> <span class='ocrx_word' id='word_1_296' title='bbox 1122 2579 1240 2587; x_wconf 92' lang='grc'><strong>......</strong></span> <span class='ocrx_word' id='word_1_297' title='bbox 1248 2554 1401 2587; x_wconf 88' lang='lat' dir='ltr'><strong>Cantate</strong></span> <span class='ocrx_word' id='word_1_298' title='bbox 1424 2554 1585 2597; x_wconf 88' lang='lat' dir='ltr'><strong>Jehovae</strong></span> <span class='ocrx_word' id='word_1_299' title='bbox 1602 2556 1780 2587; x_wconf 90' lang='lat' dir='ltr'><strong>canticum</strong></span> 
     </span>
     <span class='ocr_line' id='line_1_35' title="bbox 463 2597 1776 2638; baseline 0.002 -10"><span class='ocrx_word' id='word_1_300' title='bbox 463 2606 610 2635; x_wconf 88' lang='lat' dir='ltr'><strong>novum,</strong></span> <span class='ocrx_word' id='word_1_301' title='bbox 635 2597 759 2629; x_wconf 89' lang='lat' dir='ltr'><strong>laudes</strong></span> <span class='ocrx_word' id='word_1_302' title='bbox 785 2597 902 2638; x_wconf 88' lang='lat' dir='ltr'><strong>Ipsius</strong></span> <span class='ocrx_word' id='word_1_303' title='bbox 918 2599 1163 2630; x_wconf 79' lang='lat' dir='ltr'><strong>extremitates</strong></span> <span class='ocrx_word' id='word_1_304' title='bbox 1180 2605 1307 2636; x_wconf 88' lang='lat' dir='ltr'><strong>terrae,</strong></span> <span class='ocrx_word' id='word_1_305' title='bbox 1327 2599 1587 2630; x_wconf 87' lang='lat' dir='ltr'><strong>descendentes</strong></span> <span class='ocrx_word' id='word_1_306' title='bbox 1603 2609 1712 2637; x_wconf 86' lang='lat' dir='ltr'><strong>mare,</strong></span> <span class='ocrx_word' id='word_1_307' title='bbox 1723 2623 1732 2631; x_wconf 92' lang='lat'><strong>.</strong></span> <span class='ocrx_word' id='word_1_308' title='bbox 1745 2624 1753 2631; x_wconf 91' lang='lat'><strong><em>.</em></strong></span> <span class='ocrx_word' id='word_1_309' title='bbox 1766 2623 1776 2631; x_wconf 84' lang='lat'><strong>.</strong></span> 
     </span>
     <span class='ocr_line' id='line_1_36' title="bbox 462 2640 1782 2684; baseline 0.002 -13"><span class='ocrx_word' id='word_1_310' title='bbox 462 2640 602 2672; x_wconf 87' lang='lat' dir='ltr'><strong>insulae</strong></span> <span class='ocrx_word' id='word_1_311' title='bbox 617 2646 653 2672; x_wconf 90' lang='lat' dir='ltr'><strong>et</strong></span> <span class='ocrx_word' id='word_1_312' title='bbox 674 2641 893 2673; x_wconf 89' lang='lat' dir='ltr'><strong>habitatores</strong></span> <span class='ocrx_word' id='word_1_313' title='bbox 909 2641 1049 2673; x_wconf 86' lang='lat' dir='ltr'><strong>illarum</strong></span> <span class='ocrx_word' id='word_1_314' title='bbox 1064 2651 1088 2679; x_wconf 69' lang='grc' dir='ltr'><strong>ς.</strong></span> <span class='ocrx_word' id='word_1_315' title='bbox 1102 2666 1111 2674; x_wconf 92' lang='grc'><strong>.</strong></span> <span class='ocrx_word' id='word_1_316' title='bbox 1123 2648 1276 2683; x_wconf 77' lang='lat' dir='ltr'><strong>,ponent</strong></span> <span class='ocrx_word' id='word_1_317' title='bbox 1291 2642 1451 2684; x_wconf 88' lang='lat' dir='ltr'><strong>Jehovae</strong></span> <span class='ocrx_word' id='word_1_318' title='bbox 1467 2643 1630 2683; x_wconf 90' lang='lat' dir='ltr'><strong>gloriam,</strong></span> <span class='ocrx_word' id='word_1_319' title='bbox 1650 2649 1686 2674; x_wconf 90' lang='lat' dir='ltr'><strong>et</strong></span> <span class='ocrx_word' id='word_1_320' title='bbox 1709 2643 1782 2674; x_wconf 88' lang='lat' dir='ltr'><strong>lau-</strong></span> 
     </span>
     <span class='ocr_line' id='line_1_37' title="bbox 461 2684 1504 2726; baseline 0.002 -11"><span class='ocrx_word' id='word_1_321' title='bbox 461 2684 544 2716; x_wconf 88' lang='lat' dir='ltr'><strong>dem</strong></span> <span class='ocrx_word' id='word_1_322' title='bbox 563 2684 680 2725; x_wconf 89' lang='lat' dir='ltr'><strong>Ipsius</strong></span> <span class='ocrx_word' id='word_1_323' title='bbox 697 2685 734 2716; x_wconf 80' lang='lat' dir='ltr'><strong>ln</strong></span> <span class='ocrx_word' id='word_1_324' title='bbox 750 2685 877 2716; x_wconf 90' lang='lat' dir='ltr'><strong>insulis</strong></span> <span class='ocrx_word' id='word_1_325' title='bbox 893 2685 1188 2717; x_wconf 87' lang='lat' dir='ltr'><strong>annuntiabunt&#39;’</strong></span> <span class='ocrx_word' id='word_1_326' title='bbox 1205 2685 1292 2726; x_wconf 85' lang='lat' dir='ltr'><strong>(xlii.</strong></span> <span class='ocrx_word' id='word_1_327' title='bbox 1307 2694 1340 2725; x_wconf 89' lang='lat'><strong>4,</strong></span> <span class='ocrx_word' id='word_1_328' title='bbox 1359 2694 1410 2725; x_wconf 93' lang='lat'><strong>10,</strong></span> <span class='ocrx_word' id='word_1_329' title='bbox 1429 2686 1482 2726; x_wconf 88' lang='lat'><strong>12)</strong></span> <span class='ocrx_word' id='word_1_330' title='bbox 1497 2696 1504 2725; x_wconf 85' lang='lat'>;</span> 
     </span>
    </p>
   </div>
   <div class='ocr_carea' id='block_1_8' title="bbox 288 2761 1781 2982">
    <p class='ocr_par' dir='ltr' id='par_1_8' title="bbox 288 2761 1781 2982">
     <span class='ocr_line' id='line_1_38' title="bbox 288 2761 642 2816; baseline 0 -14"><span class='ocrx_word' id='word_1_331' title='bbox 288 2761 407 2816; x_wconf 86' lang='lat' dir='ltr'><strong>apud</strong></span> <span class='ocrx_word' id='word_1_332' title='bbox 433 2761 642 2811; x_wconf 91' lang='lat' dir='ltr'><strong>eundem,</strong></span> 
     </span>
     <span class='ocr_line' id='line_1_39' title="bbox 357 2828 1781 2895; baseline 0.001 -13"><span class='ocrx_word' id='word_1_333' title='bbox 357 2853 379 2866; x_wconf 83' lang='lat'><strong>⁰⁴</strong></span> <span class='ocrx_word' id='word_1_334' title='bbox 392 2851 577 2883; x_wconf 87' lang='lat' dir='ltr'><strong>Attendite</strong></span> <span class='ocrx_word' id='word_1_335' title='bbox 593 2851 730 2883; x_wconf 87' lang='lat' dir='ltr'><strong>insulae</strong></span> <span class='ocrx_word' id='word_1_336' title='bbox 747 2852 792 2884; x_wconf 90' lang='lat' dir='ltr'><strong>ad</strong></span> <span class='ocrx_word' id='word_1_337' title='bbox 810 2851 882 2891; x_wconf 85' lang='lat' dir='ltr'><strong>Me,</strong></span> <span class='ocrx_word' id='word_1_338' title='bbox 901 2859 937 2884; x_wconf 93' lang='lat' dir='ltr'><strong>et</strong></span> <span class='ocrx_word' id='word_1_339' title='bbox 959 2853 1156 2885; x_wconf 83' lang='lat' dir='ltr'><strong>auscultate</strong></span> <span class='ocrx_word' id='word_1_340' title='bbox 1180 2828 1302 2894; x_wconf 85' lang='lat' dir='ltr'><strong>populi</strong></span> <span class='ocrx_word' id='word_1_341' title='bbox 1327 2863 1346 2885; x_wconf 90' lang='lat' dir='ltr'><strong>e</strong></span> <span class='ocrx_word' id='word_1_342' title='bbox 1370 2853 1566 2895; x_wconf 87' lang='lat' dir='ltr'><strong>longinquo</strong></span> <span class='ocrx_word' id='word_1_343' title='bbox 1576 2853 1595 2866; x_wconf 74' lang='lat'><strong>’⁹</strong></span> <span class='ocrx_word' id='word_1_344' title='bbox 1611 2852 1709 2894; x_wconf 70' lang='lat' dir='ltr'><strong>(xliX.</strong></span> <span class='ocrx_word' id='word_1_345' title='bbox 1730 2853 1781 2893; x_wconf 78' lang='lat' dir='ltr'><strong>x);</strong></span> 
     </span>
     <span class='ocr_line' id='line_1_40' title="bbox 289 2929 641 2982; baseline -0.003 -13"><span class='ocrx_word' id='word_1_346' title='bbox 289 2929 407 2982; x_wconf 83' lang='lat' dir='ltr'><strong>apud</strong></span> <span class='ocrx_word' id='word_1_347' title='bbox 433 2929 641 2977; x_wconf 91' lang='lat' dir='ltr'><strong>eundem,</strong></span> 
     </span>
    </p>
   </div>
   <div class='ocr_carea' id='block_1_9' title="bbox 378 3016 1707 3060">
    <p class='ocr_par' dir='ltr' id='par_1_9' title="bbox 378 3016 1707 3060">
     <span class='ocr_line' id='line_1_41' title="bbox 378 3016 1707 3060; baseline 0.002 -12"><span class='ocrx_word' id='word_1_348' title='bbox 378 3019 400 3032; x_wconf 83' lang='lat'><strong>‘¹</strong></span> <span class='ocrx_word' id='word_1_349' title='bbox 413 3016 454 3049; x_wconf 92' lang='lat' dir='ltr'><strong>In</strong></span> <span class='ocrx_word' id='word_1_350' title='bbox 474 3016 533 3049; x_wconf 89' lang='lat' dir='ltr'><strong>Me</strong></span> <span class='ocrx_word' id='word_1_351' title='bbox 551 3017 687 3049; x_wconf 76' lang='lat' dir='ltr'><strong>insulae</strong></span> <span class='ocrx_word' id='word_1_352' title='bbox 704 3019 908 3059; x_wconf 88' lang='lat' dir='ltr'><strong>sperabunt,</strong></span> <span class='ocrx_word' id='word_1_353' title='bbox 929 3026 963 3050; x_wconf 87' lang='lat' dir='ltr'><strong>et</strong></span> <span class='ocrx_word' id='word_1_354' title='bbox 980 3029 1086 3060; x_wconf 88' lang='lat' dir='ltr'><strong>super</strong></span> <span class='ocrx_word' id='word_1_355' title='bbox 1102 3019 1246 3051; x_wconf 86' lang='lat' dir='ltr'><strong>brachio</strong></span> <span class='ocrx_word' id='word_1_356' title='bbox 1265 3029 1345 3051; x_wconf 90' lang='lat' dir='ltr'><strong>meo</strong></span> <span class='ocrx_word' id='word_1_357' title='bbox 1363 3019 1542 3051; x_wconf 87' lang='lat' dir='ltr'><strong>confident</strong></span> <span class='ocrx_word' id='word_1_358' title='bbox 1553 3018 1571 3031; x_wconf 86' lang='lat'><strong>&#39;&#39;</strong></span> <span class='ocrx_word' id='word_1_359' title='bbox 1588 3018 1636 3059; x_wconf 87' lang='lat' dir='ltr'><strong>(li.</strong></span> <span class='ocrx_word' id='word_1_360' title='bbox 1655 3018 1707 3059; x_wconf 85' lang='lat'><strong>5);</strong></span> 
     </span>
    </p>
   </div>
  </div>
 </body>
</html>
