2060 3476
275 368 354 411 142
686 366 1020 401 APOCALYPSIS
1051 368 1351 403 EXPLICATA.

265 480 385 535 quod
411 487 566 522 tamen
591 494 682 522 non
709 481 797 522 duo
823 487 928 522 sunt
955 481 1035 523 sed
1061 495 1148 523 una
1175 482 1384 532 Persona,
1412 496 1462 524 ac
1490 496 1625 525 unum
1651 483 1758 526 faci-

266 550 347 585 unt
379 545 494 585 sicut
526 545 675 585 anima
706 551 753 586 et
791 557 967 598 corpus.
1028 545 1231 587 Locutus
1268 560 1365 587 sum
1398 547 1626 600 quondam
1658 561 1759 589 cum

266 609 506 662 spiritibus,
530 609 602 662 qui
625 608 731 648 dum
749 609 960 649 vixerunt
985 609 1029 649 in
1052 609 1235 659 mundo,
1259 609 1436 651 fuerunt
1459 624 1518 651 ex
1542 609 1760 663 religione

266 671 524 722 Pontificia;
558 678 603 712 et
626 672 823 725 quaesivi
847 684 951 712 num
978 672 1021 712 in
1048 666 1217 714 mundo
1243 686 1432 727 usquam
1455 674 1758 726 cogitaverint

265 735 321 776 de
348 735 513 776 Divino
537 735 730 775 Domini.
793 735 1018 776 Dixerunt
1044 735 1165 789 quod
1188 736 1491 789 cogitaverint
1516 736 1694 790 quoties
1716 737 1759 778 in
1802 767 1805 773 ‚

265 797 470 839 doctrina
501 811 602 838 cum
634 799 730 838 visu
762 804 930 846 essent,
956 804 1003 839 et
1035 799 1155 852 quod
1189 805 1297 839 tunc
1329 800 1601 852 agnoverint
1635 799 1760 841 Divi-

266 875 370 902 num
405 861 549 914 Ipsius
582 874 660 914 par
695 861 861 901 Divino
894 861 1064 912 Patris;
1103 868 1150 902 at
1183 874 1283 902 cum
1317 869 1451 903 extra
1492 860 1760 912 doctrinam,

265 923 385 977 quod
412 923 558 964 solum
583 924 639 964 de
666 923 880 964 Humano
907 923 1051 977 Ipsius
1077 930 1123 965 et
1157 938 1247 965 non
1279 924 1336 965 de
1369 924 1547 966 Divino.
1609 923 1760 978 Quae-

265 988 478 1029 rebantur
503 1002 580 1029 cur
606 988 762 1028 dicunt
789 988 909 1041 quod
937 994 1158 1041 potestas,
1187 1002 1301 1042 quae
1326 988 1407 1030 fuit
1443 988 1659 1030 Humano
1685 989 1760 1043 Ip-

265 1052 368 1098 sius,
397 1051 504 1091 data
542 1051 600 1091 sit
633 1051 673 1091 ei
706 1064 731 1090 a
765 1050 899 1091 Patre
919 1056 1096 1097 ·et‚non
1123 1064 1148 1091 a
1173 1050 1231 1092 Se
1264 1051 1384 1104 Ipso,
1412 1052 1514 1105 quia
1547 1051 1760 1092 Divinum

266 1113 409 1167 Ipsius
435 1119 722 1166 agnoverunt
755 1126 834 1167 par
860 1113 1027 1154 Divino
1059 1113 1228 1154 Patris:
1264 1120 1372 1155 tunc
1405 1120 1665 1156 averterunt
1697 1128 1759 1164 se,

267 1176 374 1217 nihil
400 1177 742 1230 respondentes.
803 1175 893 1217 Sed
927 1175 1095 1217 dictum
1121 1176 1207 1217 illis
1233 1183 1302 1218 est
1328 1177 1447 1230 quod
1474 1190 1608 1218 causa
1632 1178 1762 1220 fuerit

265 1241 367 1294 quia
384 1239 711 1280 transtulerunt
734 1240 776 1279 in
800 1252 847 1280 se
866 1252 1045 1280 omnem
1070 1239 1280 1280 Divinam
1305 1240 1447 1293 Ipsius
1465 1247 1759 1294 potestatem,

265 1303 385 1357 quod
417 1317 507 1344 non
544 1303 799 1356 potuissent
831 1303 913 1343 nisi
949 1303 1292 1356 separavissent.
1369 1302 1503 1356 Quod
1541 1304 1762 1345 Dominus

265 1366 382 1419 apud
403 1366 487 1406 hos
509 1364 698 1418 rejectus
721 1366 777 1406 sit
795 1366 980 1419 quisque
1003 1372 1156 1419 potest
1179 1379 1237 1406 ex
1261 1380 1315 1407 eo
1337 1366 1620 1415 concludere,
1640 1368 1760 1421 quod

265 1443 345 1482 pro
383 1429 581 1470 Domino
617 1428 771 1470 colant
811 1429 989 1482 Papam,
1029 1435 1075 1469 et
1112 1429 1231 1482 quod
1271 1429 1440 1470 nullam
1481 1436 1760 1483 potestatem

267 1493 464 1534 Domino
481 1492 671 1546 amplius
690 1493 902 1533 tribuant.
953 1491 1039 1532 Hic
1058 1493 1195 1533 etiam
1214 1492 1375 1533 referre
1392 1492 1526 1533 velim
1545 1506 1759 1546 magnum

264 1555 528 1596 scandalum
561 1555 761 1595 auditum
791 1569 817 1595 a
850 1555 969 1608 Papa
1000 1555 1073 1608 qui
1104 1561 1294 1596 vocatus
1327 1553 1598 1596 Benedictus
1630 1555 1760 1597 XIV.

266 1618 397 1659 Dixit
429 1625 584 1672 aperte
616 1619 735 1672 quod
773 1618 1027 1666 crediderit,
1061 1631 1160 1658 cum
1197 1618 1241 1658 in
1279 1618 1447 1658 mundo
1478 1618 1608 1667 vixit,
1641 1619 1761 1672 quod

267 1682 464 1723 Domino
482 1682 605 1722 nulla
627 1688 833 1735 potestas
851 1682 922 1730 sit,
941 1682 1044 1735 quia
1062 1694 1242 1722 omnem
1261 1680 1494 1722 transtulit
1512 1682 1555 1722 in
1579 1682 1760 1724 Petrum

265 1751 310 1786 et
343 1745 445 1786 inde
477 1745 521 1785 in
553 1744 646 1797 ejus
677 1758 986 1794 successores;
1019 1743 1192 1784 addens
1224 1744 1343 1797 quod
1375 1744 1614 1786 crediderit
1640 1746 1760 1799 quod

264 1805 407 1848 sancti
433 1821 585 1848 eorum
613 1806 711 1860 plus
743 1807 987 1860 potestatis
1014 1806 1212 1847 habeant
1238 1819 1371 1860 quam
1399 1806 1632 1856 Dominus,
1659 1808 1762 1861 quia

264 1871 326 1912 illi
353 1885 378 1912 a
408 1871 507 1912 Deo
540 1871 672 1911 Patre
697 1870 819 1911 illam
845 1871 1071 1921 retinent;
1105 1876 1151 1910 at
1178 1870 1298 1923 quod
1332 1869 1552 1910 Dominus
1578 1883 1759 1912 omnem

265 1934 358 1976 Sibi
393 1935 668 1977 abdicaverit
701 1940 746 1975 et
778 1933 954 1974 dederit
987 1933 1302 1984 Pontificibus;
1347 1933 1427 1974 sed
1464 1934 1584 1986 quod
1621 1947 1759 1987 usque

265 1997 480 2038 colendus
503 1997 575 2045 sit,
599 1997 700 2050 quia
723 1996 891 2050 absque
917 2010 972 2036 eo
998 2009 1087 2036 non
1111 1993 1266 2036 sancte
1288 1994 1450 2036 colitur
1475 1995 1607 2048 Papa.
1668 1994 1760 2042 Sed

265 2060 313 2108 is,
348 2060 448 2113 quia
486 2059 698 2100 Divinum
730 2060 811 2100 sibi
849 2059 1077 2111 arrogavit
1109 2059 1245 2099 etiam
1278 2064 1381 2111 post
1413 2064 1620 2108 mortem,
1654 2065 1759 2112 post

265 2122 435 2176 aliquot
462 2123 556 2163 dies
582 2123 626 2162 in
652 2122 871 2163 infernum
899 2120 1126 2174 conjectus
1153 2127 1236 2162 est.

350 2194 471 2238 115.
514 2184 646 2238 Quod
666 2185 884 2225 Dominus
903 2184 1023 2225 dicat
1042 2184 1097 2224 ad
1114 2183 1345 2236 Angelum
1363 2182 1490 2236 hujus
1509 2183 1757 2232 Ecclesiae,

268 2247 408 2300 “Ego
440 2261 535 2288 sum
569 2248 738 2288 Primus
770 2254 815 2288 et
848 2247 1063 2296 Ultimus,
1091 2247 1163 2300 qui
1195 2247 1274 2287 fuit
1307 2253 1507 2287 mortuus
1539 2252 1585 2287 et
1611 2246 1759 2295 vivit‚''

266 2317 335 2352 est
361 2311 462 2364 quia
488 2311 558 2351 hic
585 2311 734 2364 agitur
759 2310 815 2351 de
842 2310 927 2351 illis
953 2311 1070 2351 intra
1093 2309 1329 2350 ecclesiam
1356 2310 1429 2362 qui
1454 2309 1498 2349 in
1524 2307 1760 2351 affeffione

265 2375 357 2415 veri
383 2373 598 2427 spirituali
626 2380 754 2421 sunt;
788 2374 861 2427 qui
888 2379 992 2413 sunt
1019 2373 1091 2426 qui
1117 2373 1343 2426 inquirunt
1370 2385 1476 2412 vera
1501 2385 1559 2412 ex
1587 2371 1758 2421 Verbo,

267 2443 312 2478 et
340 2450 439 2477 cum
465 2437 699 2477 inveniunt
726 2436 815 2484 illa,
839 2437 1040 2489 gaudent
1068 2436 1217 2484 corde,
1242 2435 1386 2476 solum
1411 2449 1470 2475 ex
1498 2448 1632 2475 causa
1658 2435 1761 2489 quia

267 2514 372 2540 vera
394 2505 496 2540 sunt
516 2514 525 2550 ;
558 2506 604 2540 et
628 2499 756 2539 simul
779 2500 940 2540 dicitur
964 2499 1034 2539 hic
1058 2498 1114 2539 de
1136 2497 1222 2538 illis
1245 2498 1318 2551 qui
1344 2499 1387 2538 in
1410 2496 1646 2538 affectione
1667 2498 1760 2538 veri

269 2576 390 2604 mere
422 2562 613 2603 naturali
645 2569 762 2611 sunt,
796 2563 869 2616 qui
901 2568 1005 2602 sunt
1037 2562 1110 2614 qui
1142 2574 1232 2601 non
1266 2561 1492 2614 inquirunt
1524 2574 1643 2609 vera,
1676 2573 1759 2602 nec

269 2626 470 2679 gaudent
497 2625 582 2665 illis
605 2626 706 2678 quia
727 2639 832 2666 vera
854 2631 971 2673 sunt,
996 2624 1075 2665 sed
1101 2624 1245 2665 solum
1268 2625 1558 2677 acquiescunt
1584 2625 1627 2664 in
1651 2624 1759 2664 doc-

268 2688 501 2730 trinalibus
528 2702 632 2728 suae
659 2688 890 2737 ecclesiae,
915 2694 960 2728 et
987 2700 1076 2727 non
1103 2693 1260 2727 curant
1288 2687 1323 2726 si
1348 2686 1425 2727 illa
1450 2692 1526 2727 aut
1552 2700 1657 2727 vera
1682 2692 1760 2727 aut
1834 2729 1841 2734 ,

268 2751 379 2793 falsa
404 2752 517 2791 sint:
551 2751 661 2791 haec
690 2751 866 2791 discunt
899 2751 1113 2791 memoria
1144 2756 1290 2798 tenus,
1318 2756 1363 2790 et
1391 2763 1566 2803 quoque
1598 2748 1759 2790 confir-

269 2820 394 2856 mant
432 2828 490 2854 ex
522 2813 663 2854 Verbi
700 2827 833 2854 sensu
871 2813 1076 2863 litterae;
1121 2819 1167 2853 et
1205 2813 1290 2853 hoc
1328 2813 1495 2853 faciunt
1526 2811 1670 2852 solum
1702 2811 1760 2851 ad

269 2877 580 2931 aucupandum
617 2876 795 2925 famam,
834 2876 1028 2916 honores
1066 2881 1142 2916 aut
1180 2874 1376 2925 lucrum3
1420 2875 1464 2915 hi
1501 2880 1605 2915 sunt
1642 2874 1759 2926 apud

269 2954 381 2994 quos
414 2940 633 2980 Dominus
665 2945 734 2980 est
768 2938 1045 2987 ‘imortuus,'’
1070 2938 1155 2978 hoc
1188 2943 1272 2987 est,
1303 2936 1504 2990 rejectus.
1564 2934 1762 2977 Affectio

270 3004 362 3044 veri
389 3002 643 3057 spiritualiS,
667 3016 780 3056 quae
806 3007 875 3042 est
901 3015 1051 3042 amare
1070 3003 1229 3041 'verum
1257 3001 1358 3054 quia
1384 3006 1453 3041 est
1478 3011 1645 3049 verum,
1669 3010 1759 3040 non
