2060 3476
303 343 330 384 6
337 357 389 398 14
720 355 1051 389 APOCALYPSIS
1080 356 1380 388 EXPLICATA.

302 465 348 506 in
377 465 652 519 particulari.
712 477 791 515 (Sed
807 474 900 506 [¹]hoc
920 477 1032 506 melius
1051 482 1196 507 constare
1214 481 1319 515 potest
1337 485 1376 505 ex
1395 476 1454 505 illis
1473 484 1556 512 quae
1575 475 1607 504 in
1626 484 1722 513 opere
1746 475 1791 504 De

306 524 398 553 Caelo
409 527 440 552 et
454 524 581 562 Inferno
593 524 624 552 in
636 524 840 562 sequentibus
851 525 988 554 articulis
999 529 1125 554 ostensa
1135 529 1224 554 sunt:
1247 533 1372 561 nempe,
1385 523 1483 560 Quod
1499 523 1649 552 Divinum
1663 522 1792 551 Domini

301 567 394 597 faciat
409 568 553 603 Caelum,
568 577 600 598 n.
615 577 712 605 7-12:
735 570 834 606 Quod
849 570 1000 599 Divinum
1017 570 1146 598 Domini
1162 570 1194 598 in
1209 569 1308 599 Caelo
1322 569 1361 598 sit
1375 569 1477 597 Amor
1491 568 1523 596 in
1539 568 1648 605 Ipsum
1663 572 1694 596 et
1709 567 1793 596 Cha-

302 613 375 642 ritas
389 622 464 650 erga
480 613 673 648 Proximum,
688 623 719 644 n.
738 622 851 652 13-19:
876 614 973 651 Quod
987 614 1061 643 inde
1076 619 1178 643 totum
1194 614 1328 644 Caelum
1343 614 1375 641 in
1390 617 1458 642 toto
1472 617 1504 641 et
1524 612 1557 641 in
1577 617 1666 650 parte
1681 612 1792 641 referat

302 666 402 686 unum
420 658 604 692 Hominem,
621 667 651 688 n.
668 666 785 696 59—77:
809 659 906 696 Quod
927 659 988 688 hoc
1003 659 1041 687 sit
1055 668 1094 688 ex
1110 658 1226 687 Divino
1244 659 1398 687 Humano
1421 657 1561 691 Domini,
1577 666 1608 686 n.
1623 658 1738 693 78—87:
1762 661 1792 685 et

301 711 396 739 porro
411 711 449 731 ex
465 703 523 732 illis
538 711 620 740 quae
643 703 692 732 De
714 704 788 733 Sole
803 704 834 732 in
850 704 958 738 Caelo,
975 708 1006 732 et
1028 704 1077 732 De
1099 704 1186 732 Luce
1201 708 1232 731 et
1247 703 1361 732 Calore
1375 702 1465 737 inde:
1488 706 1518 731 et
1533 700 1630 738 Quod
1645 701 1741 731 Calor
1754 701 1792 730 sit

303 747 455 776 Divinum
467 748 603 782 Bonum,
611 752 643 777 et
654 748 724 777 Lux
736 748 886 777 Divinum
895 749 1025 783 Verum,
1034 753 1205 785 utrumque
1214 748 1389 785 procedens
1397 756 1417 776 a
1427 747 1578 780 Domino,
1586 755 1617 776 n.
1629 747 1790 783 116—140.)

302 794 378 834 Ex
404 794 490 835 illis
515 795 722 836 omnibus
745 795 1030 849 aliquatenus
1052 794 1375 848 comprehendi
1400 800 1554 847 potest
1580 793 1697 834 unde
1718 799 1789 834 est

302 857 421 910 quod
448 857 660 898 Divinum
687 858 937 911 procedens
963 857 1246 911 intelligatur
1271 871 1348 910 per
1372 860 1591 898 “carnem
1615 860 1663 896 et
1687 869 1788 896 san-

302 920 524 972 guinem,'’
538 934 701 974 nempe
719 921 930 961 Divinum
950 920 1125 961 Bonum
1143 934 1222 974 per
1237 924 1263 941 ‘⁴
1277 919 1497 968 carnem,”
1512 925 1558 960 et
1577 920 1788 960 Divinum

302 983 473 1024 Verum
499 997 578 1037 per
603 983 945 1037 “sanguinem'’
1004 982 1118 1024 Sunt
1141 984 1280 1024 etiam
1303 983 1391 1023 duo
1414 983 1531 1036 apud
1558 983 1789 1023 hominem

301 1060 415 1100 quae
440 1046 610 1087 faciunt
637 1046 730 1099 ejus
755 1047 898 1087 vitam
923 1045 1217 1100 spiritualem,
1244 1058 1408 1102 nempe
1433 1045 1600 1086 bonum
1626 1045 1789 1086 amoris

301 1116 348 1150 et
362 1122 515 1150 verum
534 1108 647 1150 fidei.
686 1108 916 1150 Voluntas
930 1115 1000 1150 est
1015 1108 1351 1162 receptaculum
1369 1108 1474 1149 boni
1492 1108 1655 1149 amoris
1669 1107 1787 1161 apud

302 1185 419 1221 eum,
448 1178 495 1213 et
527 1169 786 1212 intellectus
811 1178 882 1213 est
908 1171 1244 1225 receptaculum
1269 1172 1361 1212 veri
1391 1170 1493 1212 fidei
1523 1170 1641 1224 apud
1673 1183 1787 1211 eum.

301 1234 468 1276 Omnia
493 1248 608 1288 quae
640 1235 806 1275 mentis
837 1240 956 1283 sunt,
984 1234 1070 1275 hoc
1103 1240 1187 1283 est,
1216 1248 1329 1288 quae
1360 1234 1610 1275 voluntatis
1642 1239 1688 1274 et
1720 1234 1787 1275 in-

300 1295 526 1346 telleerus,
569 1297 1019 1350 correspondentiam
1063 1297 1233 1338 habent
1277 1310 1379 1338 cum
1423 1296 1630 1337 omnibus
1673 1310 1788 1349 quae

301 1361 500 1414 corporis
517 1375 526 1411 ;
553 1367 828 1414 quapropter
846 1367 1085 1402 moventur
1101 1361 1213 1402 haec
1232 1361 1289 1401 ad
1312 1366 1470 1401 nutum
1487 1359 1617 1401 illius.
1678 1359 1788 1401 Cor-

301 1423 625 1477 respondentia
646 1423 896 1465 voluntatis
921 1430 992 1465 est
1018 1425 1062 1464 in
1087 1437 1254 1477 genere
1276 1437 1378 1464 cum
1400 1436 1548 1471 carne,
1572 1428 1618 1464 et
1640 1435 1788 1464 corre-

301 1487 575 1539 spondentia
610 1485 868 1528 intellectus
900 1493 970 1528 est
1001 1500 1102 1527 cum
1134 1487 1365 1539 sanguine.
1426 1485 1537 1526 Inde
1569 1491 1638 1526 est
1670 1485 1788 1540 quod

302 1550 528 1602 proprium
560 1549 863 1590 voluntarium
901 1549 1094 1590 hominis
1128 1550 1172 1589 in
1204 1548 1358 1590 Verbo
1395 1547 1676 1601 intelligatur
1712 1561 1790 1601 per

304 1612 565 1662 “carnem,'‘
591 1618 638 1654 et
664 1613 890 1666 proprium
916 1611 1225 1654 intellectuale
1251 1626 1329 1666 per
1353 1612 1657 1665 “sanguinem
1674 1610 1709 1651 :”
1740 1617 1788 1652 ut

301 1676 420 1730 apud
445 1675 739 1726 Matthaeum,

366 1771 581 1857 Jesus(diifit
605 1772 753 1857 S)imoni,
776 1772 954 1810 “Beatus,
976 1772 1060 1814 quia
1079 1782 1162 1804 caro
1182 1778 1217 1804 et
1236 1771 1384 1812 sanguis
1404 1780 1478 1803 non
1498 1770 1672 1803 revelavit
1695 1769 1790 1802 tibi''

489 1826 560 1848 xvi.
578 1823 616 1855 17
634 1841 640 1848 .

304 1902 431 1944 Haec
464 1902 606 1944 allata
637 1910 742 1944 sunt
774 1909 822 1944 ut
854 1904 1021 1944 sciatur
1046 1902 1165 1956 quod
1197 1903 1241 1943 in
1271 1901 1426 1943 Verbo
1457 1900 1710 1942 voluntaria
1740 1905 1788 1940 et

301 1965 640 2016 intellectualia,
680 1967 743 2008 ita
780 1966 1040 2020 spiritualia,
1078 1965 1392 2018 intelligantur
1426 1978 1504 2018 per
1537 1962 1789 2004 “carnem''

302 2036 349 2070 et
384 2029 719 2082 “sanguinem''
750 2029 823 2070 ubi
860 2029 916 2070 de
953 2028 1150 2077 homine,
1184 2034 1230 2069 et
1266 2027 1386 2081 quod
1425 2026 1587 2066 Divina
1624 2025 1696 2065 ubi
1732 2025 1787 2065 de

302 2093 513 2134 Domino.
575 2092 665 2133 Sed
691 2092 803 2133 haec
827 2093 916 2133 sint
943 2105 1023 2145 pro
1049 2091 1135 2132 illis
1157 2103 1343 2144 quorum
1366 2102 1493 2130 mens
1519 2094 1672 2142 potest
1695 2087 1786 2128 ele-

301 2157 395 2198 vari
421 2169 554 2209 supra
579 2154 807 2196 naturales
832 2155 956 2195 ideas
983 2161 1028 2195 et
1054 2153 1205 2194 videre
1231 2166 1402 2194 causaS.

385 2226 466 2281 [e.]
510 2226 613 2267 Hoc
644 2226 783 2266 etiam
814 2232 884 2266 est
914 2225 1034 2279 quod
1064 2223 1343 2278 significatur
1372 2236 1451 2276 per
1481 2222 1788 2275 “sanguinem

303 2294 348 2329 et
375 2301 535 2342 aquam
549 2287 568 2302 ”
591 2301 704 2341 quae
727 2288 868 2328 exivit
890 2301 949 2328 ex
972 2284 1153 2340 pectore
1177 2285 1372 2334 Domini,
1397 2284 1452 2325 de
1475 2297 1563 2338 quo
1585 2284 1649 2324 ita
1670 2282 1788 2336 apud

302 2350 569 2400 Jolzannem,

372 2445 394 2459 ‘⁴
405 2443 561 2486 Quidam
579 2453 623 2475 ex
639 2443 826 2475 militibus.
842 2468 849 2475 .
863 2468 870 2475 .
885 2443 992 2475 ‚latus
1011 2442 1130 2483 Ipsius
1147 2441 1250 2480 fodit,
1270 2447 1306 2473 et
1322 2441 1445 2473 statim
1462 2440 1573 2472 exivit
1589 2439 1737 2480 sanguis
1754 2444 1789 2471 et

475 2497 589 2529 aqua:
614 2493 649 2518 et
668 2487 728 2528 qui
748 2487 838 2518 vidit
857 2492 1017 2524 testatur,
1040 2492 1077 2518 et
1100 2486 1241 2517 firmum
1262 2491 1316 2517 est
1336 2484 1582 2517 testimonium
1602 2483 1679 2524 ejus
1696 2492 1704 2521 ;
1728 2483 1789 2514 ille

475 2530 543 2563 scit
559 2541 598 2563 se
614 2541 700 2562 vera
715 2531 834 2562 dicere
853 2536 892 2561 ut
908 2535 944 2561 et
960 2540 1025 2561 vos
1043 2529 1196 2561 credatis
1208 2528 1225 2541 ”
1242 2528 1326 2569 (xiX.
1342 2537 1394 2567 34,
1410 2529 1483 2568 35):

301 2615 414 2657 haec
437 2614 554 2657 sacta
576 2622 680 2657 sunt
702 2622 750 2656 ut
773 2614 1078 2668 significarent
1097 2605 1458 2666 conjunc-‘tionem
1482 2611 1664 2652 Domini
1685 2623 1787 2651 cum

302 2674 500 2720 humano
526 2692 693 2732 genere
719 2692 797 2732 per
824 2678 1035 2718 Divinum
1063 2677 1233 2718 Verum
1262 2675 1511 2729 procedens
1538 2689 1597 2715 ex
1623 2674 1787 2715 Divino

304 2741 432 2782 Bono
464 2741 647 2782 Amoris
680 2741 849 2794 Ipsius;
885 2739 1109 2794 “pectus’'
1140 2738 1364 2792 significat
1399 2738 1608 2778 Divinum
1641 2735 1786 2776 Amo-

302 2818 423 2854 rem;
459 2804 678 2857 “sanguis
701 2809 746 2844 et
764 2817 879 2856 aqua
890 2803 908 2818 ”
926 2802 1183 2855 significant
1206 2801 1419 2841 Divinum
1438 2799 1606 2840 Verum
1629 2811 1786 2852 proce-

302 2867 427 2916 dens,
447 2871 472 2887 “
485 2867 667 2919 sanguis
679 2866 698 2882 ’²
713 2866 925 2906 Divinum
941 2866 1110 2906 Verum
1125 2864 1244 2919 quod
1262 2877 1343 2917 pro
1357 2862 1573 2916 spirituali
1588 2861 1784 2909 homine,

302 2935 349 2970 et
370 2929 552 2982 “aqua’'
571 2929 783 2969 Divinum
806 2928 977 2969 Verum
999 2928 1118 2981 quod
1140 2941 1220 2980 pro
1243 2925 1460 2966 naturali:
1494 2925 1645 2965 omnia
1666 2924 1786 2964 enim

303 3005 416 3049 quae
453 2992 508 3033 de
546 2992 759 3033 Passione
798 2991 980 3032 Domini
1017 2991 1060 3030 in
1099 2989 1253 3031 Verbo
1291 2993 1610 3036 memorantur,
1649 2986 1783 3027 etiam

2053 2370 2060 2393 .-

2048 2585 2060 2655 ’Ξ
