2060 3476
663 362 786 395 -CAR
810 363 896 403 111.,
921 362 1060 395 VERS.
1089 362 1231 395 1.—N.
1261 355 1351 407 184.
1679 362 1760 408 255

247 476 493 531 ·Quoniam
526 477 739 534 Divinum
771 477 1038 531 procedenS‚
1071 476 1192 531 quod
1224 482 1295 518 est
1327 476 1542 518 Divinum
1574 475 1762 526 Verum,

264 541 408 583 influit
433 541 553 595 apud
584 541 789 582 homines
816 547 911 582 tam
942 541 1205 581 immediate
1237 553 1371 594 quam
1402 540 1540 581 etiam
1567 540 1765 581 mediate

265 619 344 659 per
374 605 565 659 angelos
596 610 643 646 et
680 604 874 658 spiritus,
907 604 1010 645 ideo
1048 604 1270 647 creditum
1307 609 1377 644 est
1411 602 1532 657 quod
1574 602 1765 656 Spiritus

267 667 460 710 Sanetus
492 669 550 710 sit
577 668 713 710 tertia
745 668 943 708 Persona
973 665 1190 708 distincta
1221 681 1247 707 a
1278 666 1452 707 duabus
1483 680 1599 720 quae
1631 666 1766 707 Pater

266 738 313 773 et
346 732 485 773 Filius
510 738 758 783 vocantur;
791 730 872 772 sed
900 744 1159 772 asseverare
1191 743 1375 784 possum
1401 730 1523 783 quod
1554 742 1690 770 nemo
1720 729 1764 769 in

266 795 394 837 caelo
420 796 535 837 sciat
560 795 681 836 aliud
710 792 927 836 sanctum
953 794 1168 835 Divinum
1194 806 1329 847 quarn
1356 793 1571 834 Divinum
1594 792 1765 833 Verum

266 860 520 912 procedens
551 873 578 900 a
603 858 831 909 Domino;
863 863 910 899 et
941 858 1045 912 quia
1071 857 1285 898 Divinum
1312 856 1485 898 Verum
1518 856 1767 897 communi-

266 928 394 963 catur
424 922 680 963 hominibus
712 922 851 963 etiam
883 921 1082 962 mediate
1114 934 1192 974 per
1223 919 1430 974 angelos,
1465 920 1568 962 ideo
1601 920 1763 960 dicitur

266 986 384 1039 apud
412 985 650 1035 Davidem,

350 1079 548 1122 “Jehovah
566 1079 681 1112 Deus.
694 1104 703 1113 .
716 1104 724 1112 .
740 1079 839 1112 ‚fecit
855 1079 1006 1120 angelos
1018 1086 1109 1111 ‘suos
1126 1078 1274 1120 spiritus
1285 1077 1303 1091 ’¹
1320 1077 1469 1119 (Psalm.
1483 1077 1550 1110 civ.
1567 1074 1635 1120 [1,]
1645 1076 1690 1117 4).

268 1168 397 1210 Haec
429 1182 547 1210 nunc
573 1168 715 1210 allata
739 1175 845 1210 sunt
872 1175 922 1210 ut
947 1169 1115 1210 sciatur
1140 1167 1262 1222 quod
1291 1181 1370 1222 per
1397 1170 1613 1221 “septem
1640 1166 1767 1220 spiri-

269 1239 343 1274 tus
354 1232 374 1249 '’
400 1231 710 1286 significentur
736 1233 888 1273 omnia
911 1246 1020 1273 vera
1045 1231 1158 1272 caeli
1184 1238 1230 1272 et
1257 1230 1476 1272 ecclesiae
1504 1244 1530 1271 a
1556 1230 1768 1271 Domino.

267 1294 402 1349 Quod
427 1299 642 1349 “septem
667 1296 849 1350 spiritus
860 1295 880 1311 ’'
901 1296 992 1336 sint
1014 1295 1166 1336 omnia
1191 1308 1299 1335 vera
1325 1294 1438 1335 caeli
1460 1300 1507 1335 et
1533 1293 1767 1342 ecclesiae,

267 1365 398 1413 patet
424 1359 679 1401 evidentius
705 1359 763 1400 ab
787 1359 856 1400 his
882 1359 927 1400 in
952 1358 1243 1412 Apocalypsi,

335 1449 514 1491 “Septem
538 1449 723 1491 lampades
748 1449 842 1491 ignis
866 1448 1034 1481 ardentes
1060 1458 1182 1480 eoram
1203 1448 1334 1480 throno
1359 1453 1444 1480 sunt
1467 1453 1606 1489 septem
1624 1448 1770 1488 spiritus

443 1493 511 1525 Dei
522 1493 541 1506 ’'
558 1493 620 1535 (iv.
636 1493 690 1535 5);

267 1567 315 1604 et
338 1574 487 1615 porro,

337 1634 414 1666 “In
434 1635 554 1666 medio
578 1634 762 1666 seniorum
779 1634 907 1675 Agnus
932 1640 1064 1672 stam„
1079 1658 1087 1666 .
1100 1658 1108 1666 .
1123 1634 1277 1666 ,habens
1301 1643 1437 1665 cornua
1460 1638 1611 1674 septem,
1631 1639 1667 1665 et
1690 1642 1771 1665 ocu-

442 1679 497 1764 ὲὲε
507 1684 662 1763 ἒῗξηεπι,
678 1678 738 1720 qui
754 1685 839 1711 sunt
855 1684 993 1720 septem
1008 1678 1155 1733 spiritus
1170 1677 1237 1710 Dei
1254 1677 1379 1710 emissi
1396 1677 1433 1709 in
1447 1687 1594 1709 omnem
1608 1683 1740 1709 terram
1752 1676 1771 1689 ’'

483 1747 491 1755 ⁸
554 1747 562 1762 2

267 1811 389 1866 quod
427 1811 647 1864 “spiritus
661 1809 680 1826 ”
705 1810 765 1851 ibi
802 1824 894 1852 non
931 1810 1021 1851 sint
1058 1810 1254 1863 spiritus,
1287 1815 1417 1863 patet
1455 1822 1514 1850 ex
1548 1823 1617 1858 eo,
1651 1808 1772 1862 quod

271 1873 576 1929 “lampades’'
606 1880 653 1916 et
687 1874 844 1915 “oculi
875 1873 1034 1927 Agni’'
1066 1874 1276 1914 dicantur
1307 1874 1515 1926 spiritus;
1560 1872 1771 1925 “lampa-

268 1939 382 1980 des'’
413 1937 672 1992 significant
705 1937 871 1979 Divina
900 1951 1021 1986 vera,
1049 1943 1096 1978 et
1131 1937 1286 1978 “oculi
1299 1936 1318 1952 ’⁷
1344 1934 1630 1978 intellectum
1662 1936 1770 1983 veri,

267 2010 315 2045 et
347 2016 449 2044 cum
475 2002 532 2043 de
564 2001 766 2043 Domino
795 2001 1007 2042 Divinam
1034 2001 1181 2054 Ipsius
1208 2000 1489 2054 Sapientiam
1521 2006 1568 2041 et
1596 1999 1772 2040 Intelli-

267 2067 472 2121 gentiam
501 2064 729 2120 (videatur
755 2078 904 2119 supra,
933 2078 974 2105 n.
1007 2064 1121 2118 152).

348 2128 478 2183 184.
517 2128 604 2168 “ft
623 2131 778 2180 sepiem
800 2126 1187 2179 stellas.''—Quod
1212 2125 1439 2179 significet
1465 2139 1493 2166 a
1517 2139 1602 2179 quo
1626 2138 1773 2165 omnes

267 2197 529 2250 cognitiones
555 2196 655 2237 veri
673 2202 716 2237 et
737 2195 848 2246 boni,
873 2201 1058 2236 constat
1080 2209 1140 2236 ex
1163 2193 1495 2249 significatione
1520 2192 1775 2248 “septem‚”

269 2260 390 2315 quod
422 2261 512 2301 sint
544 2259 730 2313 plenum
761 2266 809 2301 et
841 2260 994 2300 omnia
1023 2257 1100 2313 (de
1132 2272 1221 2312 qua
1246 2272 1395 2312 supra,
1423 2271 1465 2298 n.
1494 2268 1562 2307 20,
1591 2256 1694 2311 24);
1728 2264 1774 2298 et

269 2338 296 2365 a
317 2323 649 2377 significatione
677 2322 990 2372 “stellarum,’'
1015 2322 1139 2376 quod
1170 2323 1260 2363 sint
1288 2322 1577 2375 cognitiones
1603 2321 1696 2361 veri
1728 2327 1774 2361 et

269 2387 376 2428 boni
405 2385 481 2441 (de
509 2400 596 2440 qua
622 2387 759 2427 etiam
782 2400 929 2440 supra,
954 2399 996 2426 n.
1020 2385 1112 2440 72).
1175 2385 1310 2439 Quod
1334 2386 1510 2426 dicatur
1531 2385 1589 2425 ad
1611 2384 1774 2437 Ange-

269 2451 363 2491 lum
393 2449 521 2503 hujus
553 2449 804 2499 Ecclesiae,
830 2449 1000 2491 “Haec
1033 2450 1143 2491 dicit
1174 2449 1350 2490 habens
1382 2454 1561 2502 septem
1593 2448 1775 2502 spiritus

270 2515 356 2556 Dei
378 2520 424 2555 et
447 2519 624 2567 septem
647 2512 845 2562 stellas,”
871 2519 941 2554 est
965 2514 1069 2567 quia
1091 2513 1147 2554 de
1169 2512 1256 2553 illis
1278 2513 1399 2553 intra
1420 2511 1659 2553 ecclesiam
1682 2512 1776 2564 agi-

270 2585 343 2619 tur
378 2577 451 2631 qui
487 2578 629 2618 vitam
666 2576 886 2617 moralem
924 2583 1067 2630 agunt
1100 2576 1180 2617 sed
1215 2589 1307 2617 non
1342 2575 1636 2630 spiritualem,
1671 2576 1776 2628 quia

271 2642 396 2695 parvi
421 2640 628 2695 pendunt
653 2641 941 2694 cognitiones
968 2639 1280 2694 spiritualium,
1308 2646 1354 2680 et
1381 2640 1486 2680 inde
1512 2638 1774 2692 intelligen-

270 2705 380 2746 tiam
412 2711 459 2745 et
491 2704 760 2758 sapientiam
779 2718 788 2755 ;
821 2718 900 2757 per
923 2703 1170 2757 “septem''
1191 2703 1311 2744 enim
1332 2703 1550 2756 “spiritus
1563 2701 1582 2718 ”
1605 2701 1774 2755 signifi-

272 2774 432 2809 cantur
448 2768 600 2809 omnia
615 2781 722 2808 vera
739 2767 852 2808 caeli
871 2774 917 2808 et
935 2767 1167 2816 ecclesiae,
1184 2773 1230 2808 et
1249 2780 1327 2820 per
1347 2770 1562 2819 “septem
1583 2765 1742 2806 stellas
1756 2765 1776 2779 ''

272 2832 559 2885 cognitiones
581 2831 674 2871 veri
705 2837 752 2872 et
783 2831 903 2880 boni,
931 2845 1010 2884 per
1041 2844 1155 2884 quae
1179 2830 1267 2870 duo
1299 2830 1445 2871 omnis
1468 2828 1774 2880 intelligentia

273 2901 319 2936 et
342 2895 576 2948 sapientia.
637 2893 714 2934 Ad
738 2893 971 2947 Angelum
994 2894 1184 2947 cujusvis
1208 2893 1442 2934 Ecclesiae
1465 2892 1773 2946 praemittitur

273 2958 329 2998 de
353 2957 551 2998 Domino
573 2957 753 3011 aliquid,
776 2958 896 3011 quod
919 2970 1027 3007 rem,
1052 2958 1109 2999 de
1131 2970 1218 3011 qua
1240 2957 1404 3010 agitur,
1428 2956 1598 2997 indicat
1625 2954 1770 3008 (vide-

273 3027 374 3062 atur
396 3034 544 3075 supra,
569 3034 611 3062 n.
640 3019 753 3075 113).
