2060 3476
336 346 415 390 352
749 345 1082 380 APOCALYPSIS
1113 346 1414 379 EXPLICATA.

411 468 540 513 234.
579 458 658 499 “ft
674 471 752 499 neo
774 458 946 512 frigidus
965 471 1043 499 noo
1064 458 1454 512 calt'dus.'¹—Quod
1478 459 1699 513 significet
1716 460 1825 514 quia

331 520 496 574 absque
519 520 749 570 charitate,
777 521 894 562 inter
917 521 1081 562 caelum
1105 527 1147 562 et
1176 521 1411 573 infernum,
1440 527 1622 563 constat
1647 536 1706 562 ex
1737 517 1823 563 illis
1881 517 1886 522 ⁸

331 597 444 637 quae
470 597 603 637 supra
631 582 692 637 (n.
720 583 820 638 231)
850 583 970 625 diota
987 591 1041 625 et
1067 591 1251 626 ostensa
1276 591 1394 625 sunt.

409 664 536 709 235.
576 655 797 696 “Futurum
821 660 861 696 to
885 669 1063 696 evomam
1083 669 1138 697 ox
1156 668 1227 696 oro
1246 654 1571 708 mool'ssQuod
1593 655 1822 709 significet

329 717 651 768 separationem
682 732 710 758 a
739 718 1056 771 cognitionibus
1086 732 1142 758 ex
1177 717 1327 766 Verbo,
1355 724 1537 759 constat
1563 731 1622 758 ex
1654 718 1822 771 signifi-

329 781 507 821 catione
528 781 812 830 “evomere,''
831 794 931 822 cum
954 794 979 821 a
1002 781 1212 829 Domino,
1232 780 1351 834 quod
1374 781 1431 821 sit
1449 782 1698 834 separatim
1732 795 1822 823 non

328 843 448 896 quod
477 844 696 884 Dominus
722 844 822 885 illos
849 850 1026 897 separet
1053 858 1079 884 a
1105 843 1176 892 Se,
1201 844 1279 884 sed
1305 844 1424 897 quod
1450 844 1513 884 illi
1539 858 1586 885 se
1612 852 1822 898 separent

329 919 354 946 a
378 906 586 948 Domino.
651 907 944 948 “Evomere’'
962 907 1135 956 dicitur,
1155 907 1257 960 quia
1277 908 1425 960 agitur
1446 907 1502 948 de
1527 908 1757 961 “tepid0‚”
1774 916 1821 950 et

327 970 529 1023 tepidum
566 971 609 1010 in
647 971 815 1011 mundo
852 976 1060 1010 causatur
1091 971 1440 1021 evomitionem3
1482 977 1551 1012 est
1587 972 1724 1012 etiam
1761 986 1819 1013 ex

329 1034 742 1087 correspondentia‚
771 1046 874 1074 nam
907 1033 1029 1074 cibus
1061 1046 1195 1087 quem
1227 1034 1362 1074 sumit
1394 1034 1530 1075 homo
1557 1048 1820 1088 correspon-

327 1096 404 1137 det
432 1097 779 1150 cognitionibus,
808 1110 858 1137 ac
891 1096 996 1137 inde
1027 1097 1071 1137 in
1098 1096 1252 1137 Verbo
1279 1096 1501 1150 significat
1527 1097 1652 1149 illas3
1685 1112 1821 1152 quare

326 1161 551 1212 separatio
580 1160 637 1200 ab
668 1159 752 1200 illis
784 1159 1008 1212 significat
1041 1173 1131 1200 non
1163 1159 1508 1211 admissionem;
1541 1174 1694 1202 verum
1720 1162 1822 1215 quia

325 1222 491 1276 aliquid
524 1237 548 1264 e
575 1223 730 1264 Verbo
761 1223 1025 1272 admittunt,
1053 1222 1276 1276 significat
1308 1221 1572 1276 ejectionem
1605 1238 1682 1265 seu
1713 1238 1818 1265 evo-

326 1284 564 1325 mitionem
583 1298 592 1335 ;
625 1295 728 1333 (quod
744 1291 760 1303 ‘¹
773 1295 862 1325 cibus
873 1294 889 1304 '’
906 1303 946 1324 ex
960 1295 1242 1333 correspondentia
1255 1296 1410 1333 significet
1425 1295 1622 1333 cognitiones
1636 1301 1667 1325 et
1682 1296 1755 1325 inde
1774 1296 1820 1325 in-

325 1343 539 1381 telligentiam,
562 1345 706 1373 videatur
727 1353 758 1374 n.
781 1352 870 1381 3114,
888 1350 978 1381 4459,
994 1352 1083 1381 4792,
1100 1351 1189 1381 5147,
1205 1351 1294 1382 5293,
1310 1351 1399 1382 5340,
1415 1351 1504 1382 5342,
1520 1351 1609 1381 5410,
1625 1345 1714 1381 5426,
1730 1345 1820 1382 5576,

324 1392 413 1427 5582,
430 1392 518 1427 5588,
533 1389 562 1416 [¹3
566 1391 654 1428 5655,
672 1391 766 1428 8562;
791 1400 829 1420 ex
845 1399 941 1419 causa
955 1391 1030 1428 quia
1044 1391 1242 1428 cognitiones
1257 1392 1399 1420 nutriunt
1414 1391 1571 1420 internum
1586 1391 1748 1420 hominem
1764 1401 1820 1421 seu

323 1437 476 1474 spiritum,
489 1438 568 1467 sicut
584 1438 644 1467 cibi
660 1438 804 1474 nutriunt
816 1442 982 1466 externum
997 1438 1159 1467 hominem
1175 1447 1231 1467 seu
1242 1447 1367 1476 corpus,
1380 1447 1410 1468 n.
1423 1445 1514 1475 4459,
1527 1445 1615 1476 5293,
1628 1439 1717 1475 5576,
1729 1439 1819 1475 6277,

324 1494 436 1532 8418;)
467 1490 513 1524 et
539 1498 599 1524 ex
625 1483 961 1537 significatione
987 1488 1084 1524 “ex
1110 1483 1228 1532 ore‚”
1251 1497 1352 1524 cum
1375 1484 1431 1524 de
1458 1484 1672 1533 Domino,
1696 1485 1817 1538 quod

324 1546 381 1586 sit
408 1559 466 1586 ex
494 1545 662 1586 Verbo.
724 1544 857 1598 Quod
886 1549 982 1586 “ex
1009 1545 1124 1594 ore,”
1147 1559 1248 1586 cum
1275 1546 1330 1587 de
1359 1546 1569 1594 Domino,
1595 1545 1818 1599 significet

325 1607 540 1658 Verbum,
580 1615 649 1649 est
687 1609 788 1662 quia
823 1608 1024 1649 Verbum
1062 1615 1132 1649 est
1171 1608 1382 1649 Divinum
1421 1608 1606 1657 Verum,
1645 1615 1691 1650 et
1732 1609 1816 1650 hoc

324 1672 526 1724 procedit
549 1686 575 1712 a
598 1672 820 1722 Domin0;
853 1685 904 1712 ac
924 1672 1043 1725 quod
1067 1672 1271 1725 procedit
1295 1685 1345 1713 ac
1369 1672 1510 1713 influit
1532 1671 1650 1726 apud
1672 1672 1816 1713 homi-

324 1748 440 1783 nem,
469 1735 629 1776 dicitur
662 1738 758 1775 “ex
791 1735 905 1783 ore,’'
932 1736 1115 1776 tametsi
1147 1749 1237 1776 non
1269 1736 1327 1776 e'x
1360 1749 1449 1783 ore,
1480 1735 1559 1776 sed
1592 1735 1705 1776 sicut
1737 1735 1816 1777 lux

324 1812 382 1838 ex
407 1797 538 1848 Sole;
572 1811 675 1838 nam
700 1798 920 1838 Dominus
943 1812 1076 1851 supra
1102 1798 1252 1839 caelos
1279 1799 1351 1839 ubi
1378 1798 1527 1851 angeli
1554 1804 1740 1851 apparet
1768 1805 1816 1840 ut

322 1861 413 1908 Sol.
442 1875 492 1902 ac
526 1862 629 1902 inde
663 1861 811 1902 “lux'’
842 1868 912 1902 est
946 1861 1156 1902 Divinum
1190 1861 1374 1910 Verum,
1402 1876 1427 1902 a
1453 1875 1540 1915 quo
1572 1862 1717 1902 omnis
1747 1862 1814 1901 in-

322 1922 584 1976 telligentia
614 1929 661 1964 et
692 1923 919 1976 sapientia
945 1929 1015 1964 est
1041 1923 1219 1976 angelis
1249 1929 1295 1963 et
1326 1923 1584 1964 hominibus
1608 1933 1766 1971 (videatur
1783 1933 1816 1962 in

320 2003 417 2031 opere
432 1995 481 2023 De
499 1994 588 2024 Caelo
603 1997 633 2023 et
646 1994 826 2033 Infernom.
842 1994 990 2031 116-125,
1004 1998 1035 2023 et
1051 1994 1217 2031 126-140).
1277 1983 1390 2023 Inde
1417 1988 1630 2023 constare
1656 1987 1812 2035 potest

321 2045 441 2098 quod
470 2048 718 2086 “evomere
745 2059 802 2085 ex
830 2059 905 2085 ore
938 2044 1079 2094 meo,”
1105 2043 1328 2097 significet
1354 2057 1560 2097 separare
1592 2057 1617 2084 a
1650 2043 1814 2085 Divino

321 2108 458 2156 Vero,
487 2122 563 2149 seu
589 2109 708 2161 quod
734 2108 868 2155 idem,
896 2122 922 2148 a
948 2108 1280 2161 cognitionibus
1305 2121 1329 2147 e
1357 2106 1523 2147 Verbo.
1586 2106 1719 2160 Quod
1751 2108 1813 2149 illi

320 2172 393 2225 qui
418 2171 625 2224 “tepidi”
643 2177 761 2219 sunt,
786 2171 871 2211 hoc
895 2177 978 2219 est,
1000 2175 1127 2211 “non
1154 2171 1298 2223 frigidi
1321 2183 1402 2210 nec
1427 2170 1596 2219 calidi,''
1614 2171 1687 2224 qui
1709 2178 1812 2212 sunt

320 2235 393 2288 qui
417 2235 573 2275 vivunt
600 2249 659 2275 ex
685 2233 890 2275 doctrina
916 2235 971 2275 de
997 2234 1094 2275 sola
1124 2233 1210 2275 fide
1237 2240 1282 2275 et
1309 2234 1364 2274 de
1386 2233 1704 2286 justificatione
1736 2248 1814 2287 per

318 2297 439 2338 illam
470 2297 546 2351 (de
572 2312 659 2351 qua
683 2312 730 2339 re
756 2311 865 2338 mox
894 2297 1062 2351 supra),
1090 2298 1285 2351 separati
1315 2298 1403 2338 sint
1430 2311 1455 2337 a
1481 2298 1813 2350 cognitionibus

319 2359 537 2409 e⁷Verbo,
566 2362 647 2414 ipsi
679 2374 769 2401 non
795 2361 968 2411 sciunt;
1001 2360 1190 2401 credunt
1216 2361 1334 2400 enim
1361 2359 1480 2413 quod
1512 2361 1556 2400 in
1588 2361 1811 2413 cognitio-

319 2424 446 2464 nibus
465 2425 553 2464 sint
576 2437 681 2477 prae
699 2423 808 2471 aliis,
829 2424 907 2464 sed
926 2437 1063 2476 usque
1082 2436 1171 2463 non
1190 2429 1308 2471 sunt,
1327 2424 1465 2463 immo
1483 2424 1559 2463 vix
1577 2424 1620 2464 in
1638 2423 1784 2477 aliqua
1801 2437 1810 2474 ;

318 2487 438 2540 quod
461 2500 550 2527 non
574 2488 677 2535 sint,
702 2493 771 2527 est
795 2500 928 2527 causa
950 2487 1052 2540 quia
1074 2487 1288 2539 principia
1309 2484 1541 2526 doctrinae
1563 2492 1608 2527 et
1630 2486 1811 2539 religio-

319 2550 385 2590 nis
411 2563 564 2590 eorum
592 2556 695 2590 sunt
726 2549 851 2598 falsa,
879 2556 924 2590 et
954 2563 1013 2590 ex
1045 2549 1165 2590 falsis
1196 2550 1420 2602 principiis
1451 2563 1540 2589 non
1568 2555 1812 2602 sequuntur

319 2614 400 2653 nisi
426 2626 559 2666 quam
585 2613 720 2653 falsa:
754 2619 1026 2666 quapropter
1052 2625 1152 2653 cum
1179 2611 1337 2665 legunt
1363 2612 1579 2661 Verbum,
1604 2613 1810 2653 detinent

318 2682 518 2717 mentem
550 2677 594 2716 in
620 2677 708 2716 suis
734 2676 881 2726 falsis;
915 2676 1032 2716 unde
1058 2675 1130 2716 vel
1163 2689 1254 2716 non
1279 2675 1435 2718 vident
1461 2689 1579 2723 vera,
1607 2682 1653 2716 et
1684 2676 1720 2715 si
1745 2676 1809 2715 vi-

317 2740 427 2780 dent
445 2738 515 2780 vel
538 2739 613 2779 illa
631 2745 920 2792 praetereunt
938 2738 1010 2779 vel
1032 2737 1294 2779 falsificant:
1329 2739 1543 2791 principia
1562 2738 1672 2778 falsa
1689 2736 1823 2785 sunt,‘

317 2803 437 2857 quod
465 2801 657 2843 salvatio
684 2803 740 2842 sit
767 2816 845 2855 per
871 2801 1014 2842 solam
1041 2801 1188 2849 fidem,
1215 2807 1260 2842 et
1287 2801 1406 2854 quod
1433 2815 1510 2854 per
1535 2801 1657 2841 illam
1679 2800 1807 2853 justi-

316 2866 474 2907 ficetur
490 2866 639 2906 homo.
684 2864 817 2917 Quod
841 2865 1035 2918 separati
1053 2865 1142 2905 sint
1163 2863 1226 2917 [a]
1247 2864 1579 2917 cognitionibus
1596 2877 1620 2904 e
1638 2863 1806 2911 Verbo,

316 2936 361 2970 et
386 2929 506 2982 quod
532 2942 622 2969 non
648 2929 832 2968 videant
859 2929 917 2968 ibi
942 2941 1061 2976 vera,
1090 2928 1171 2980 ipsi
1198 2928 1310 2967 scire
1342 2933 1530 2980 possunt
1557 2927 1592 2967 si
1618 2925 1805 2975 volunt;

316 2992 419 3046 quid
438 2992 556 3032 enim
573 2991 846 3045 frequentius
864 3005 888 3031 a
912 2990 1108 3032 Domino
1126 2990 1300 3039 dicitur,
1320 3003 1452 3043 quam
1471 2989 1589 3043 quod
1608 2989 1805 3030 debeant
