2060 3476
299 337 352 377 68
713 345 1047 394 APOCALvPsis
1079 345 1378 379 EXPLICATA.

299 459 396 496 Quod
411 460 550 490 “Moses
565 459 583 469 '⁹
599 464 630 489 et
645 463 661 474 ¹⁸
673 459 784 489 Elias''
801 459 976 498 significent
990 459 1148 494 Verbum;
1171 460 1259 497 quod
1274 462 1291 474 ¹·
1302 459 1442 495 Moses,''
1456 468 1487 490 n.
1499 465 1588 497 5922,
1601 458 1690 496 6723,
1702 459 1792 496 6752,

297 507 387 543 6771,
402 507 492 543 6827,
507 516 596 543 7010,
618 516 708 544 7014,
729 509 819 544 7089,
841 509 930 544 7382,
953 515 1179 544 9372,,Ιο234;
1209 511 1240 536 et
1261 508 1349 544 quod
1371 506 1514 541 “Elias,''
1537 515 1568 536 n.
1592 506 1680 542 2762,
1703 512 1792 543 5247.

298 558 396 595 Quod
408 559 536 600 “‚nubes
546 558 562 567 '’
576 558 729 596 significet
741 559 884 588 Verbum
902 558 948 596 [in
962 557 1089 595 littera],
1102 567 1206 596 supra,
1229 567 1262 588 n.
1278 547 1342 600 36
1386 558 1484 595 Quod
1494 560 1511 571 ‘¹
1524 557 1620 586 Filius
1631 556 1791 586 dilectus⁰

297 608 336 637 sit
353 608 504 637 Divinum
522 608 710 637 Humanum
728 608 867 642 Domini,
883 604 996 648 patet.)

338 683 341 686 -
384 655 458 696 Ex
486 669 540 696 eo
566 655 685 709 quod
715 656 1030 696 “vestimenta
1057 654 1270 695 Domini'·'
1297 654 1552 708 significent
1579 653 1790 694 Divinum

298 718 484 767 Verum,
513 719 613 759 sciri
636 724 790 772 potest
817 718 920 772 quid
945 717 1223 771 significatur
1244 732 1322 771 per
1347 717 1467 772 quod
1490 717 1656 758 milites
1678 716 1791 756 divi-

299 782 438 822 serint
464 788 617 822 vestes
646 781 828 821 Domini
855 782 973 822 inter
998 795 1060 830 se,
1089 787 1134 822 et
1162 794 1294 834 super
1320 782 1519 821 tunicam
1553 780 1697 833 Ipsius
1723 778 1791 832 je-

299 845 442 885 cerint
469 850 654 893 sortem,
683 844 739 885 de
762 844 920 898 quibus
946 845 1011 885 ita
1036 843 1154 898 apud
1180 843 1432 892 Jolzannem
1449 857 1464 883 .·

318 971 320 976 Ι
369 934 390 947 ¹⁴
404 932 553 965 Milites.
569 958 576 964 .
591 958 598 965 .
613 939 842 973 ‚acceperunt
858 933 1073 965 vestimenta
1097 932 1227 973 Ipsius,
1247 938 1282 964 et
1307 932 1468 964 fecerunt
1491 937 1643 973 quatuor
1658 936 1790 971 partes,

474 977 663 1017 unicuique
681 977 782 1008 militi
807 983 955 1017 partem,
976 983 1011 1008 et
1028 977 1204 1008 tunicam:
1231 982 1306 1007 erat
1323 982 1440 1007 autem
1459 976 1580 1007 tunica
1603 975 1794 1006 inconsuta

472 1031 494 1051 a
510 1030 651 1051 summo
665 1027 832 1052 contexta
845 1027 920 1052 tota
935 1029 941 1058 ;
966 1021 1130 1052 dixerunt
1143 1030 1228 1060 ergo
1242 1020 1334 1051 inter
1347 1030 1395 1056 se,
1415 1019 1468 1051 Ne
1478 1019 1685 1050 dividamus
1698 1027 1790 1054 eam.

473 1064 536 1095 sed
554 1064 744 1095 sortiamur
761 1065 804 1095 de
829 1064 889 1095 illa
912 1063 1012 1104 cujus
1037 1064 1102 1095 erit
1123 1073 1130 1101 ;
1155 1070 1193 1095 ut
1217 1064 1397 1104 Scriptura
1420 1063 1637 1103 impleretur,
1657 1062 1790 1099 dicens,

475 1107 682 1139 Diviserunt
699 1114 817 1139 vestes
835 1117 932 1139 meas
949 1108 1027 1144 sibi.
1048 1114 1082 1138 et
1095 1117 1201 1148 super
1217 1107 1432 1139 vestimento
1446 1116 1526 1138 meo
1542 1106 1703 1147 jecerunt
1719 1115 1794 1137 sor-

474 1157 566 1182 tem:
593 1151 724 1182 milites
742 1151 848 1191 igitur
864 1152 951 1182 haec
968 1151 1129 1182 fecerunt
1139 1151 1157 1162 ''
1174 1150 1259 1191 (xix.
1277 1159 1329 1190 23,
1346 1149 1413 1191 24).

300 1225 387 1280 Qui
411 1239 500 1267 non
527 1227 611 1267 scit
640 1227 758 1281 quod
785 1227 829 1267 in
856 1225 1048 1280 singulis
1073 1226 1214 1268 Verbi
1236 1227 1294 1267 sit
1317 1239 1472 1267 sensus
1495 1227 1697 1267 internus
1720 1225 1792 1279 qui

299 1289 557 1343 spiritualis,
583 1303 671 1330 non
697 1290 848 1330 videre
875 1296 1030 1344 potest
1053 1289 1234 1344 aliquod
1260 1302 1472 1330 arcanum
1495 1290 1538 1329 in
1561 1288 1674 1339 illis3
1708 1289 1793 1328 scit

299 1353 436 1393 modo
468 1352 587 1406 quod
620 1352 791 1393 milites
811 1345 1057 1394 'diviserint
1088 1358 1255 1401 vestes,
1288 1358 1335 1393 et
1377 1365 1466 1393 non
1499 1352 1713 1400 tunicam,
1747 1357 1793 1392 et

299 1421 478 1468 praeter
509 1414 586 1455 illa
618 1415 728 1456 nihil
762 1415 979 1469 amplius;
1013 1429 1114 1456 cum
1147 1422 1301 1456 tamen
1332 1428 1544 1456 arcanum
1582 1414 1793 1456 Divinum

300 1491 390 1518 non
409 1478 546 1518 modo
567 1479 667 1519 huic
690 1479 751 1519 rei
770 1479 902 1527 inest,
922 1478 1001 1519 sed
1021 1479 1159 1519 etiam
1178 1477 1365 1531 singulis
1380 1491 1493 1531 quae
1511 1477 1567 1518 de
1585 1478 1794 1530 passione

301 1540 483 1581 Domini
515 1548 837 1582 memorantur.
913 1541 1146 1582 Arcanum
1179 1541 1299 1595 quod
1332 1541 1432 1582 huic
1465 1541 1526 1581 rei
1558 1541 1691 1589 inest,
1724 1545 1794 1581 est

300 1604 420 1658 quod
445 1607 635 1645 “vestes
663 1603 876 1645 Domini'’
903 1603 1259 1658 significaverint
1287 1604 1499 1660 Divinum
1522 1603 1707 1652 Verum,
1731 1603 1803 1643 ita‘

300 1666 518 1717 Verbum,
538 1668 641 1721 quia
659 1667 861 1708 Verbum
884 1675 954 1709 est
979 1668 1195 1708 Divinum
1213 1667 1384 1708 Verum
1403 1681 1411 1716 ;
1442 1666 1670 1715 “vestes,”
1685 1680 1796 1720 quas

300 1731 562 1779 diviserunt,
580 1730 785 1772 Verbum
809 1732 853 1771 in
877 1731 1045 1780 littera,
1067 1737 1113 1772 et
1131 1730 1352 1772 “tunica”
1370 1730 1573 1771 Verbum
1595 1730 1639 1770 in
1662 1743 1796 1771 sensu

299 1794 505 1844 intern0;
536 1794 773 1834 “dividere
787 1793 806 1808 ’'
828 1793 929 1834 illas
948 1793 1172 1847 significat
1196 1794 1455 1847 dispergere
1477 1799 1524 1834 et
1546 1791 1794 1842 falsificare,

300 1869 351 1897 ac
378 1856 613 1897 “milites’'
631 1856 890 1910 significant
913 1857 1014 1898 illos
1032 1858 1104 1911 qui
1127 1857 1185 1897 ab
1206 1856 1411 1905 ecclesia,
1432 1857 1504 1910 qui
1527 1869 1608 1909 pro
1631 1855 1796 1897 Divino

302 1918 426 1959 Vero
454 1919 728 1970 militarent;
762 1934 898 1974 quare
925 1920 1100 1969 dicitur,
1132 1919 1341 1961 “Milites
1366 1920 1503 1973 igitur
1534 1919 1645 1960 haec
1677 1919 1795 1960 fece-

300 1983 443 2023 runt.”
506 1983 616 2023 Inde
644 1989 788 2036 patet,
817 1983 936 2036 quod
964 1997 1042 2037 per
1067 1982 1144 2024 illa
1169 1983 1306 2023 verba
1336 1983 1380 2023 in
1412 1995 1545 2022 sensu
1577 1981 1795 2035 spirituali

300 2045 583 2099 intelligatur
605 2046 728 2100 quod
749 2046 936 2099 Judaica
959 2045 1165 2087 Ecclesia
1183 2046 1441 2099 disperserit
1466 2044 1678 2085 Divinum
1701 2044 1795 2085 Ve-

300 2122 397 2149 rum
423 2109 544 2162 quod
571 2116 640 2150 est
667 2109 711 2150 in
741 2122 874 2149 sensu
901 2109 1095 2157 litterae,
1120 2114 1166 2149 et
1192 2107 1312 2162 quod
1335 2121 1424 2148 non
1447 2107 1677 2160 potuerint
1704 2107 1794 2148 dis-

301 2185 488 2225 pergere
516 2171 728 2212 Divinum
755 2171 926 2213 Verum
958 2171 1077 2225 quod
1103 2177 1172 2212 est
1199 2172 1243 2211 in
1269 2184 1403 2211 sensu
1434 2171 1626 2211 interno.
1685 2180 1799 2218 (Quod

303 2237 320 2260 ·.¹
333 2238 433 2262 vestes
449 2234 579 2262 Domini
589 2234 605 2243 ''
622 2234 797 2271 significent
813 2234 963 2263 Divinum
977 2235 1106 2268 Verum,
1122 2234 1165 2262 ita
1179 2234 1331 2267 Verbum,
1341 2242 1436 2270 supra
1450 2237 1611 2261 ostensum
1626 2236 1688 2267 θεῖς
1710 2232 1797 2269 quod

303 2283 320 2294 ¹·
332 2280 438 2309 tunica
447 2280 463 2289 ''
479 2281 581 2318 Ipsius
594 2281 744 2310 Divinum
756 2282 875 2310 Verum
888 2290 944 2310 seu
955 2281 1097 2310 Verbum
1109 2281 1141 2309 in
1155 2289 1249 2309 sensu
1260 2280 1392 2314 interno,
1404 2279 1546 2308 videatur
1557 2288 1587 2309 n.
1600 2279 1689 2316 9826,
1701 2288 1797 2316 99422

304 2328 392 2363 quod
405 2330 421 2341 ¹¹
432 2327 570 2356 dividere
581 2327 596 2337 '¹
610 2328 648 2357 sit
663 2329 841 2366 dispergere
856 2333 886 2357 et
900 2337 1044 2366 separare
1059 2337 1078 2356 a
1091 2328 1178 2356 bono
1193 2332 1223 2356 et
1234 2336 1318 2361 vero,
1329 2327 1372 2355 ita
1385 2326 1556 2360 falsificare,
1567 2335 1597 2356 n.
1608 2335 1697 2363 4424,
1707 2326 1797 2363 6360,

304 2374 393 2410 6361,
409 2382 498 2411 9094.
542 2375 639 2411 Quod
655 2378 671 2389 ‘¹
683 2376 795 2404 milites
805 2375 820 2384 ''
837 2375 1012 2412 significent
1026 2375 1095 2403 illos
1110 2374 1163 2411 qui
1178 2375 1218 2403 ab
1233 2374 1372 2407 ecclesia,
1389 2373 1430 2401 ibi
1445 2373 1486 2401 ab
1502 2373 1642 2402 Ecclesia
1652 2373 1798 2412 Judaica,

303 2421 357 2463 qui
373 2421 540 2450 militarent
561 2431 619 2459 pro
642 2423 758 2451 Divino
772 2423 868 2457 Vero,
883 2427 970 2460 patet
990 2431 1010 2451 a
1030 2431 1123 2451 sensu
1143 2421 1293 2459 spirituali
1309 2420 1488 2449 ¹·mi1itiae'·
1505 2424 1536 2448 et
1551 2419 1688 2454 ¹·be11i;·'
1711 2421 1798 2457 quod

303 2473 318 2482 ““
331 2468 449 2497 bellum
460 2468 476 2477 '’
493 2462 645 2506 significet
659 2479 783 2507 pugnas
794 2470 978 2508 spirituales,
990 2478 1072 2506 quae
1086 2473 1159 2498 sunt
1173 2468 1236 2497 veri
1251 2473 1361 2497 contra
1375 2468 1497 2501 falsum,
1510 2467 1652 2496 videatur
1665 2477 1695 2497 n.
1711 2468 1797 2504 1659,

304 2516 390 2552 1664,
408 2517 496 2552 8295,
515 2523 590 2552 1045
594 2523 627 2552 52
650 2516 724 2545 inde
740 2521 785 2545 est
800 2517 888 2553 quod
910 2517 949 2545 de
970 2516 1096 2550 Levitis,
1112 2524 1249 2553 quorum
1263 2514 1383 2544 functio
1398 2519 1464 2543 erat
1478 2515 1588 2543 talium
1603 2523 1685 2551 quae
1700 2515 1799 2552 eccle-

301 2565 374 2597 siae,
391 2563 523 2597 dicatur,
540 2564 629 2600 quod
644 2563 796 2592 “obirent
818 2563 986 2592 militiam''
1008 2568 1039 2592 et
1051 2563 1247 2592 “militarent
1268 2561 1442 2596 militiam‚''
1462 2562 1640 2590 exercendo
1661 2561 1798 2590 ministe-

288 2603 382 2638 'rium
398 2610 430 2638 in
445 2610 580 2638 tentorio
596 2615 780 2644 conventus,
796 2611 892 2640 Num.
910 2611 948 2640 iv.
966 2619 1014 2648 23.
1030 2617 1079 2647 35.
1095 2619 1144 2647 39,
1160 2619 1210 2647 43,
1225 2618 1281 2647 47;
1304 2618 1374 2646 cap.
1390 2609 1451 2638 viii.
1469 2618 1516 2646 23,
1533 2609 1596 2647 24.)

382 2659 479 2712 65.
518 2659 604 2698 “Et
633 2659 918 2711 praecinctum
956 2659 1011 2698 ad
1043 2658 1251 2708 mamillas,
1279 2670 1386 2698 zona
1424 2656 1795 2709 aut-ea.''.—Quod

303 2719 527 2773 significet
543 2720 757 2761 Divinum
770 2720 939 2761 Bonum
952 2720 1173 2769 similiter,
1190 2725 1373 2760 constat
1387 2733 1446 2760 ex
1465 2717 1796 2772 significatione

307 2784 575 2836 “praecingi
612 2783 669 2823 ad
707 2783 931 2823 mamillas
969 2782 1121 2831 zona‚''
1158 2782 1277 2836 quod
1315 2783 1373 2823 sit
1410 2782 1611 2822 invest-iri
1646 2781 1795 2834 quoad

304 2834 487 2900 pectus;
523 2845 821 2886 “mamillae”
848 2852 894 2886 et
925 2845 1107 2886 “zona”
1133 2845 1355 2893 dicuntur,
1383 2846 1486 2899 quia
1517 2838 1744 2885 mamillae
1770 2838 1808 2885 e*

304 2907 488 2962 pectore
506 2914 710 2957 exstant,
730 2914 776 2949 et
796 2922 909 2949 zona
926 2909 1111 2961 investit
1130 2922 1139 2958 3
1172 2908 1292 2961 quod
1310 2909 1368 2949 sit
1387 2908 1597 2948 Divinum
1617 2906 1803 2947 Bonum·

305 2970 555 3025 'procedens
587 2985 612 3012 a
644 2970 841 3012 Domino
873 2971 991 3025 quod
1024 2970 1306 3024 intelligitur,
1335 2977 1405 3012 est
1437 2971 1538 3024 quia
1567 2966 1803 3026 “pectus’‘
