2060 3476
760 560 988 595 EDITORIS
1011 560 1291 595 PRAEFATIO.

339 737 424 770 Cum
439 737 522 770 haec
534 738 751 780 “Explicatio
765 743 865 780 super
873 738 1094 780 Apocalypsin
1103 738 1123 754 ”
1138 736 1321 780 conscripta
1336 741 1394 776 est,
1407 737 1525 770 iterum
1539 746 1641 768 manu
1656 734 1768 769 audio-

271 789 326 828 τίς,
338 794 374 822 ut
397 794 503 821 cetera
525 788 626 831 ipsius
648 799 758 831 opera,
775 789 1033 821 exscribebatur:
1058 789 1167 831 itaque
1187 788 1267 820 bina
1282 788 1494 831 exemplaria,
1509 798 1611 819 manu
1627 786 1769 820 auctoris

272 840 460 883 perscripta,
470 841 580 873 adhuc
591 841 626 872 in
638 840 823 873 Academia
835 840 943 882 Regia
958 839 1176 873 Scientiarum
1193 838 1383 871 Holmiensi
1399 843 1642 871 conservantur.
1690 838 1768 869 Hoc

272 904 354 936 opus
370 893 412 925 ab
427 892 560 925 ausstore
576 903 644 924 non
660 897 708 925 est
723 892 809 924 foras
822 892 946 924 editum
954 904 963 931 ;
988 891 1158 933 exemplar
1168 895 1278 923 autem
1293 890 1336 922 ab
1351 889 1423 932 ipso
1435 890 1546 921 denuo
1559 888 1768 931 exscriptum,

273 945 306 977 in
321 944 444 987 pagina
458 948 590 986 gerente
605 943 748 982 titulum,
760 942 913 985 proponit
924 942 1034 974 adhuc
1049 941 1305 988 inscriptionem,
1318 941 1508 979 “Londinz'‚
1523 940 1642 981 1759.''
1691 939 1768 971 Hoc

272 995 450 1038 exemplar,
467 1005 545 1026 cura
561 994 717 1027 Doctoris
733 995 775 1026 R.
793 995 832 1026 L.
850 993 959 1032 Tafel,
976 998 1044 1026 arte
1066 991 1409 1035 photolithographica
1423 990 1663 1033 transcriptum,
1680 1000 1768 1022 anno

275 1046 360 1087 1870
382 1047 540 1078 Holmiae
562 1046 687 1078 editum
710 1050 775 1077 est:
805 1050 838 1077 et
860 1050 988 1077 nostrae
1011 1041 1147 1087 quidem
1170 1043 1323 1076 editionis
1346 1042 1598 1075 fundamentum
1621 1041 1681 1074 suit
1703 1041 1768 1073 hoc

271 1097 484 1140 apographon
498 1096 890 1139 photolithographicum.
1014 1090 1017 1091 ⁷

338 1148 517 1191 Exemplar
531 1158 632 1180 manu
655 1146 797 1180 auctoris
816 1147 927 1179 denuo
951 1146 1148 1189 exscriptum
1174 1145 1315 1188 pertinet
1335 1145 1401 1177 hoc
1424 1149 1571 1187 tempore
1594 1144 1701 1176 solum
1724 1143 1769 1176 ad

270 1199 454 1238 articulum,
470 1210 502 1231 n.
523 1208 619 1241 1229,
635 1198 776 1241 priorem
797 1203 923 1241 partem
939 1197 1061 1230 decimi
1075 1207 1188 1229 versus
1202 1196 1441 1228 undevicesimi
1458 1195 1572 1238 capitis
1587 1196 1768 1238 Apocalyp-

269 1263 335 1283 seos
350 1250 586 1293 explicantem:
610 1259 693 1292 opus
715 1254 752 1282 ut
773 1249 915 1291 primum
938 1259 1038 1280 manu
1054 1247 1197 1281 auctoris
1212 1247 1379 1290 scriptum,
1395 1256 1484 1278 nunc
1506 1246 1646 1288 pertinet
1667 1246 1768 1288 paulo

269 1302 415 1345 longius3
441 1302 611 1334 continens
627 1301 778 1334 articulos
794 1301 1039 1343 subsequentes,
1055 1311 1089 1332 n.
1111 1309 1205 1341 1230,
1225 1308 1321 1341 1231,
1337 1307 1433 1340 1232,
1448 1298 1483 1330 in
1499 1298 1617 1340 quibus
1633 1297 1770 1330 traditur

270 1353 368 1396 partis
383 1353 527 1396 reliquae
544 1352 692 1395 ejusdem
707 1363 819 1384 versus
835 1351 1026 1394 explicatio;
1051 1351 1086 1382 in
1100 1351 1165 1383 hoc
1181 1350 1280 1383 etiam
1295 1350 1499 1392 reperiuntur
1515 1350 1673 1381 Contenta
1693 1349 1767 1381 Ver-

268 1416 369 1437 suum
384 1405 597 1447 singulorum
614 1404 767 1446 Cupitum
784 1403 850 1435 xix.
865 1408 897 1435 et
912 1414 967 1435 xx.
1012 1403 1108 1434 Haec
1120 1401 1243 1440 omnia,
1258 1412 1342 1444 quae
1358 1400 1398 1432 in'
1409 1400 1554 1433 editione
1570 1400 1768 1442 photolitho-

269 1455 427 1498 graphica
441 1455 536 1487 nobis
552 1455 629 1487 data
644 1460 729 1494 sunt,
745 1454 780 1486 in
796 1454 942 1487 editione
957 1459 1068 1486 nostra
1082 1453 1353 1495 reproducuntur.

337 1507 415 1539 Hoc
430 1517 513 1549 opus
528 1516 547 1538 e
562 1505 654 1548 prelo
678 1505 815 1538 Roberti
840 1505 1059 1543 Hindmarsh,
1076 1505 1241 1542 Londini,
1261 1502 1468 1545 1785-1789,
1484 1502 1626 1545 primum
1643 1502 1768 1534 editum

269 1564 327 1591 est.
375 1558 440 1591 Sex
456 1557 562 1600 prima
577 1557 684 1599 capita
700 1557 860 1599 ejusdem,
877 1567 955 1588 cura
972 1555 1127 1588 Doctoris
1151 1556 1214 1588 Im.
1228 1555 1336 1593 Tafel,
1355 1555 1536 1597 Tubingae,
1556 1554 1652 1593 1861,
1671 1554 1768 1593 1862,

270 1610 381 1641 denuo
397 1608 485 1641 edita
500 1613 585 1641 sunt.
633 1609 692 1640 Dr.
710 1607 807 1640 Tafel
829 1618 917 1639 anno
937 1607 1020 1649 1863
1042 1612 1188 1639 mortuus
1211 1611 1269 1639 est.
1317 1607 1394 1638 Post
1409 1606 1479 1648 ejus
1494 1610 1645 1644 mortem,
1662 1604 1769 1646 capita

270 1660 325 1693 vii.
343 1665 375 1692 et
390 1660 470 1699 viii„
485 1660 529 1691 ad
548 1659 805 1702 imprimendum
821 1659 864 1691 ab
879 1659 950 1701 ipso
970 1663 1094 1701 parata,
1111 1668 1200 1690 anno
1219 1657 1304 1698 1864
1320 1657 1408 1690 edita
1423 1661 1514 1696 sunt;
1539 1667 1605 1699 quo
1620 1661 1768 1698 tempore

270 1711 401 1743 emissio
417 1710 524 1753 operis
539 1721 695 1752 suspensa
710 1715 768 1742 est.

336 1762 463 1804 Lapsus
479 1761 597 1793 calami
613 1761 670 1804 qui
685 1765 834 1803 poterant
850 1760 942 1792 nulla
956 1760 1145 1792 temeritatis
1161 1765 1239 1792 nota
1254 1759 1435 1798 emendari,
1448 1759 1483 1790 in
1499 1764 1608 1791 nostra
1623 1758 1768 1791 editione

269 1813 398 1845 silentio
426 1813 625 1845 correximus
634 1824 644 1851 ;
679 1811 736 1843 ubi
766 1811 897 1853 gravius
927 1811 1008 1854 quid
1038 1811 1171 1850 latebat,
1198 1821 1267 1843 rem
1300 1810 1476 1853 diligenter
1501 1809 1766 1852 significavimus.

270 1865 411 1896 Modum
434 1863 610 1902 scribendi,
626 1863 669 1895 ad
692 1863 793 1894 verba
814 1862 995 1904 complura,
1011 1862 1085 1894 usui
1106 1862 1224 1894 horum
1240 1866 1424 1904 temporum
1441 1860 1565 1903 optimo
1582 1870 1767 1892 accommo-

269 1916 430 1948 davimus.
477 1915 628 1948 Grandes
655 1915 789 1953 litteras,
815 1914 919 1946 oculis
942 1919 975 1947 et
998 1914 1226 1946 consuetudini
1250 1918 1378 1946 nostrae
1401 1913 1516 1945 aetatis
1538 1907 1767 1954 obsequentes,

268 1965 397 2009 parcius
409 1966 646 2009 usurpavimus.
686 1965 875 1997 Verborum
887 1964 1022 2007 quidem
1035 1964 1314 2007 interpunctiones
1327 1964 1370 1996 ad
1386 1968 1508 1996 certam
1519 1973 1670 1995 normam
1682 1963 1767 1994 redi·

267 2028 345 2060 gere
361 2017 481 2057 conati,
496 2028 565 2049 non
579 2016 777 2049 mutavimus
793 2016 850 2048 ubi
866 2015 1047 2058 periculum
1063 2026 1105 2047 ne
1122 2015 1301 2047 sententiae
1316 2019 1603 2047 summutarentur.

335 2068 538 2111 Longiorum
553 2068 763 2100 articulorum
779 2067 974 2110 complures,
990 2071 1026 2099 ut
1048 2066 1176 2099 facilior
1190 2066 1231 2099 sit
1246 2066 1364 2105 aditus,
1380 2066 1415 2097 in
1436 2066 1501 2097 hac
1524 2065 1669 2097 editione
1692 2070 1768 2098 sunt

269 2119 378 2158 divisi,
395 2125 428 2152 et
442 2119 620 2151 divisiones
642 2118 755 2151 litteris
771 2118 972 2160 designatae.
1019 2118 1158 2150 Litteras
1174 2122 1391 2159 congruentes
1411 2116 1601 2148 addidimus
1624 2116 1768 2148 numeris

268 2171 386 2214 quibus
409 2169 526 2203 audior
547 2170 590 2202 ad
614 2169 763 2202 citandos
784 2170 846 2201 hos
869 2169 1022 2201 articulos
1044 2169 1211 2201 utebatur:
1237 2178 1313 2200 cum
1334 2173 1444 2200 autem
1467 2172 1571 2200 totum
1594 2167 1767 2200 articulum

268 2221 430 2264 explorari
446 2221 603 2252 idoneum
619 2225 679 2260 est,
691 2220 816 2253 litterae
832 2220 876 2252 ad
892 2220 1112 2262 designandas
1125 2219 1303 2251 divisiones
1318 2223 1443 2251 nostras
1459 2211 1527 2250 nori
1543 2223 1618 2250 sunt
1633 2218 1764 2251 affixae.

335 2272 463 2304 Veteris
490 2271 692 2304 Testamenti
724 2271 883 2303 Hebraici
911 2271 1070 2314 capitibus
1097 2276 1129 2303 et
1155 2270 1313 2309 versibus,
1338 2270 1556 2312 Anglicorum
1583 2269 1767 2302 Bibliorum

270 2323 408 2362 numeri,
424 2323 481 2355 ubi
496 2323 580 2356 inter
594 2333 629 2355 se
645 2323 841 2365 discrepant,
857 2323 997 2365 adpositi
1013 2327 1098 2361 sunt,
1114 2322 1304 2364 hujusmodi
1316 2321 1410 2353 uncis
1429 2322 1445 2365 [
1460 2321 1476 2365 ]
1497 2320 1625 2353 inclusi.

336 2375 626 2413 Commutationes,
642 2384 723 2417 quas
739 2374 1013 2412 enumeravimus,
1030 2373 1136 2406 factae
1152 2378 1227 2406 sunt
1249 2378 1284 2405 ut
1299 2372 1423 2405 auxilio
1439 2372 1503 2405 sint
1518 2372 1683 2411 studioso;
1709 2372 1767 2415 qui

268 2425 296 2457 si
319 2426 399 2458 velit
413 2436 568 2468 quaerere
584 2425 753 2468 quomodo
775 2425 924 2467 singulae
947 2425 1072 2457 litterae
1095 2425 1289 2467 singulaque
1313 2423 1584 2466 interpunctionis
1607 2423 1701 2466 signa
1723 2423 1767 2455 ab

269 2475 402 2509 autitore
425 2476 543 2519 scripta
566 2476 641 2515 sint,
658 2475 837 2508 editionem
860 2476 1236 2519 photolithographicam
1253 2479 1485 2518 perscrutetur;
1511 2475 1554 2507 ad
1571 2485 1682 2517 quam,
1699 2484 1767 2507 non

269 2528 311 2559 ad
328 2527 496 2569 exemplar
509 2532 655 2560 nostrum
671 2526 798 2560 etiamsi
814 2527 1062 2570 diligentissime
1079 2537 1249 2566 excusum,
1265 2526 1507 2558 decurrendum
1523 2531 1581 2559 est.

1175 2642 1339 2670 SAMUEL
1354 2642 1393 2670 H.
1411 2642 1665 2671 WORCBSTER.

338 2724 574 2756 Bnmmrwnm,
586 2723 692 2756 Mus,
703 2724 832 2760 Aprilxssv.
845 2725 919 2753 1882.
