2060 3476
614 333 720 367 CAP.
743 332 823 375 1v.,
846 333 987 366 VERS.
1010 332 1158 378 7.-Ν,
1181 322 1348 378 28o[b].
1642 321 1728 376 463

234 461 367 490 cuum
378 448 399 464 ”
415 454 486 490 est
504 448 705 503 receptio
726 447 905 489 illorum
928 461 954 489 a
976 447 1200 488 Domino:
1229 446 1333 488 inde
1351 447 1515 488 dicitur
1535 449 1560 466 ‘⁴
1575 445 1729 487 Homo

232 526 329 561 vos,
357 511 461 565 Ego
490 511 613 553 Deus
637 517 791 553 vester
807 510 842 562 ;’'
876 511 1053 552 “homo
1064 509 1084 526 ”
1110 524 1192 564 pro
1217 508 1454 551 affectione
1479 510 1574 551 veri
1600 508 1728 562 spiri-

234 574 346 616 tuali
372 581 419 616 et
445 575 682 629 sapientia.
742 573 882 628 Apud
908 574 1118 624 eundem,

303 665 326 679 ‘⁸
338 663 428 696 Ecce
446 663 524 704 Ego
536 664 630 705 apud
643 673 720 702 vos,
736 669 772 696 et
787 663 976 704 respiciam
992 662 1038 694 ad
1052 672 1118 694 vos
1134 668 1173 694 ut
1188 662 1402 694 excolamini
1419 668 1454 694 et
1470 660 1708 693 conseramini
1722 669 1730 698 ς

409 714 493 740 tunc
517 708 760 748 multiplicabo
784 717 890 748 super
907 707 1009 738 vobis
1032 707 1228 744 hominem,
1248 716 1392 737 omnem
1414 706 1560 737 domum
1588 704 1731 737 Israelis

408 757 532 789 totam,
553 757 588 783 et
608 751 863 782 habitabuntur
877 751 994 788 urbes,
1014 756 1050 782 et
1065 750 1251 781 vastitates
1268 749 1548 781 aedificabuntur
1561 758 1584 788 ;.
1598 774 1606 781 .
1620 773 1628 780 .
1643 749 1732 780 .a'm-

407 795 530 827 bulare
541 793 669 826 faciam
681 804 788 835 super
798 794 900 826 vobis
910 794 1106 831 hominem,
1122 794 1291 834 populum
1303 803 1422 825 meum
1436 793 1618 824 Israelem.
1652 816 1659 824 .
1674 816 1682 824 .
1695 817 1703 823 .
1718 816 1726 823 .

410 839 466 870 Sic
485 839 574 870 dixit
592 838 768 870 Dominus
784 837 949 880 Jehovih.
964 837 1143 879 Quoniam
1160 837 1287 875 dicitis,
1303 837 1531 868 Consumens
1547 836 1731 868 hominem

409 888 457 920 tu,
474 888 509 914 et
525 883 656 913 orbans
674 882 826 922 populos
843 887 924 913 tuos
940 881 1049 919 fuisti¹
1066 881 1147 912 ideo
1163 881 1346 912 hominem
1361 890 1434 912 non
1451 889 1641 912 consumes
1658 889 1733 910 am-

409 925 539 967 plius,’'
556 931 591 957 et
612 926 751 966 gladius
769 931 940 957 tuus-non
958 925 1097 956 orbabit
1114 923 1266 964 ampli'us
1280 935 1287 957 ι
1312 949 1319 956 .
1334 949 1341 956 .
1356 949 1363 956 .
1378 949 1386 956 .
1397 925 1534 956 “erunt
1549 924 1656 955 urbes
1672 923 1733 954 de-

409 975 570 1002 vastatae
586 969 714 1010 plenae
729 979 838 1010 grege
854 969 1011 1000 hominis
1021 968 1039 980 '⁹
1056 968 1189 1008 (xxxvi.
1206 977 1303 1009 9-14‚
1321 967 1375 1009 38)
1389 977 1396 1007 ;

235 1053 386 1106 agitur
402 1052 461 1093 ibi
484 1052 540 1093 de
557 1052 888 1093 restauratione
907 1050 1127 1092 ecclesiae
1145 1065 1154 1102 ;
1187 1065 1267 1105 per
1287 1054 1312 1071 ‘⁴
1326 1049 1574 1091 Israelem”
1592 1049 1731 1103 signi-

235 1115 394 1157 ficatur
419 1115 612 1157 ecclesia
637 1114 896 1169 spiritualis,
925 1129 1039 1168 quae
1071 1120 1142 1156 est
1171 1113 1364 1155 ecclesia
1390 1127 1504 1168 quae
1535 1114 1579 1153 in
1611 1113 1733 1153 bono

236 1178 471 1233 spirituali,
490 1178 611 1232 quod
632 1178 802 1219 bonum
824 1184 896 1219 est·
917 1178 1086 1218 bonum
1107 1177 1344 1218 charitatis
1362 1191 1371 1228 ;
1404 1177 1517 1218 haec
1541 1175 1734 1217 ecclesia

236 1242 295 1282 ibi
321 1248 511 1283 vocatur
538 1240 746 1282 “homo''
772 1255 831 1282 ex
858 1239 1096 1282 affeffione
1121 1241 1214 1281 veri
1241 1239 1460 1294 spirituali
1486 1253 1601 1293 quae
1626 1239 1733 1280 facit

236 1305 503 1356 ecclesiam;
536 1318 672 1359 quare
698 1304 861 1345 dicitur
890 1303 1248 1357 “Multiplicabo
1274 1317 1407 1356 super
1431 1303 1560 1344 vobis
1586 1302 1733 1343 homi-

237 1381 355 1417 nem,
375 1381 558 1409 omnem
576 1367 759 1408 domum
779 1366 973 1416 Israelis,
995 1399 1003 1407 .
1023 1399 1031 1407 .
1052 1399 1061 1407 .
1082 1399 1090 1407 .
1110 1372 1156 1408 et
1174 1366 1406 1407 ambulare
1423 1366 1584 1407 faciam
1602 1378 1735 1418 super

236 1432 364 1472 vobis
387 1431 631 1480 hominem,
657 1430 873 1484 populum
895 1443 1045 1470 meum
1069 1429 1284 1470 Israelem
1302 1428 1336 1469 :'’
1371 1432 1488 1482 “per
1507 1421 1734 1482 “gregem

236 1495 463 1535 hominis”
490 1509 578 1548 quo
606 1494 776 1535 “urbes
802 1493 1073 1534 devastatae
1100 1493 1263 1547 plenae
1289 1498 1420 1533 erunt
1432 1491 1452 1507 ”
1475 1491 1734 1545 significan-

237 1565 310 1599 tur
340 1572 447 1599 vera
479 1557 741 1611 spiritualia,
775 1557 934 1611 quibus
966 1554 1172 1597 doctrina
1203 1555 1424 1597 ecclesiae
1456 1555 1591 1609 plena
1622 1556 1705 1596 erit
1723 1569 1733 1606 ;

237 1635 316 1674 per
335 1620 573 1674 “gladium
586 1620 605 1635 '’
622 1621 696 1674 qui
716 1623 742 1640 “
755 1633 845 1661 non
863 1620 1043 1660 orbabit
1067 1619 1300 1673 ampliuS‚”
1318 1618 1597 1672 significatur
1614 1619 1735 1673 quod

237 1697 328 1724 non
354 1683 514 1724 salsum
541 1684 746 1725 destruet
773 1696 929 1724 verum
955 1682 1161 1737 amplius.
1222 1682 1361 1736 Apud
1389 1682 1598 1732 eundem,

307 1775 329 1787 “
342 1772 459 1804 Mater
471 1779 533 1805 tua
548 1773 684 1810 leaena,
701 1773 794 1804 inter
806 1772 930 1804 leones
943 1772 1064 1803 cubuit
1077 1782 1101 1810 ;.
1116 1796 1123 1804 .
1137 1796 1144 1804 .
1160 1771 1328 1804 ‚surrexit
1340 1781 1432 1803 unus
1446 1772 1490 1803 de
1504 1771 1629 1803 catulis
1642 1770 1733 1812 ejus,

411 1817 469 1858 qui
487 1817 607 1848 didicit
624 1826 748 1857 rapere
766 1817 940 1857 rapinam,
959 1816 1124 1847 homines
1141 1814 1356 1847 devoravit''
1373 1814 1458 1855 (xix.
1477 1813 1544 1857 [2‚]
1563 1824 1594 1854 3,
1611 1815 1666 1855 6);

240 1899 456 1940 “mater’'
487 1906 558 1941 est
591 1898 798 1948 ecclesia,
832 1899 903 1940 hic
935 1898 1130 1940 ecclesia
1160 1912 1397 1952 perversa;
1435 1898 1596 1939 falsum
1628 1897 1735 1939 mali

237 1964 476 2005 destruens
498 1976 653 2004 verum
676 1961 956 2015 significatur
977 1975 1056 2015 per
1081 1961 1327 2003 “leaenam
1350 1962 1595 2003 cubantem
1618 1962 1737 2003 inter

238 2027 392 2068 leones
413 2026 447 2077 ;‘'
478 2040 557 2080 per
581 2025 821 2067 “catulum
848 2025 972 2078 ejus”
995 2025 1068 2079 qui
1094 2025 1289 2066 “didicit
1312 2039 1469 2079 rapere
1491 2025 1736 2078 rapinam,’'

237 2097 284 2131 et
310 2090 384 2143 qui
412 2090 687 2130 “devoravit
714 2087 961 2137 homines‚'’
984 2087 1264 2141 significatur
1289 2089 1548 2142 primarium
1574 2088 1735 2129 falsum

238 2151 470 2194 doctrinae
501 2166 670 2201 eorum,
699 2152 820 2206 quod
851 2152 1080 2193 destruxit
1105 2165 1213 2192 vera
1244 2158 1291 2192 et
1323 2152 1605 2205 consumpsit
1637 2158 1736 2192 o'm-

238 2229 343 2257 nem
374 2214 658 2257 affefflonem
689 2228 870 2256 eorum:
914 2215 1027 2256 haec
1065 2213 1187 2255 dic‘ta
1224 2221 1330 2256 sunt
1367 2215 1424 2256 de
1461 2215 1736 2268 principibus

239 2279 433 2327 Israelis,
457 2293 536 2332 per
556 2293 669 2332 quos
695 2278 1007 2332 significantur
1033 2279 1243 2332 primaria
1268 2292 1388 2326 vera,
1413 2278 1484 2319 hic
1511 2284 1665 2319 autem
1691 2279 1736 2319 in

239 2343 451 2396 opposito
477 2355 611 2383 sensu
637 2342 847 2395 primaria
871 2341 997 2382 falsa.
1059 2341 1199 2395 Apud
1225 2341 1488 2390 Jeremz'am,

307 2433 330 2447 ‘⁸
342 2431 419 2464 Fiet
435 2431 575 2463 Chazor
591 2431 628 2462 in
651 2431 892 2462 habitaculum
910 2431 1118 2469 draconum,
1139 2430 1400 2462 desolationem
1419 2441 1531 2472 usque
1554 2431 1591 2462 in
1616 2440 1738 2463 saecu-

352 2482 355 2484 ·
412 2475 485 2506 lum
499 2485 506 2513 ;
531 2485 604 2506 non
621 2474 795 2506 habitabit
811 2475 860 2506 ibi
873 2474 938 2512 vir,
955 2484 1020 2506 nec
1034 2475 1314 2506 commorabitur
1327 2474 1364 2506 in
1381 2485 1424 2506 ea
1440 2474 1532 2507 filius
1548 2475 1706 2507 hominis
1718 2474 1736 2487 ''

412 2519 509 2559 (xlix-
527 2519 603 2558 33);

238 2604 388 2657 agitur
404 2603 464 2643 ibi
486 2602 543 2643 de
566 2601 759 2643 ecclesia
775 2616 890 2655 quae
908 2602 953 2642 in
975 2601 1098 2642 falsis
1115 2608 1162 2643 et
1181 2602 1226 2642 in
1244 2602 1378 2643 nullis
1396 2603 1512 2643 veris
1530 2617 1539 2653 ;
1576 2606 1602 2623 “
1615 2602 1734 2644 Cha-

239 2666 344 2708 zor'‘
376 2665 602 2719 significat
634 2666 922 2718 cognitiones
953 2665 1077 2715 veri;
1115 2666 1402 2718 cognitiones
1434 2665 1532 2706 falsi
1564 2665 1734 2719 signifi-

237 2736 398 2771 cantur
423 2742 502 2782 per
526 2727 875 2769 “habitaculum
902 2728 1150 2769 draconum
1168 2728 1202 2779 ;’'
1234 2729 1355 2782 quod
1381 2729 1440 2769 ibi
1467 2742 1558 2769 non
1580 2741 1735 2769 verum

237 2801 283 2835 et
310 2806 402 2834 non
428 2790 633 2833 doctrina
658 2792 765 2840 veri,
793 2790 1074 2845 significatur
1099 2805 1178 2845 per
1202 2792 1324 2846 quod
1353 2796 1482 2833 “non
1509 2791 1735 2833 habitabit

237 2855 296 2896 ibi
321 2856 401 2905 vir,
430 2868 512 2896 nec
539 2854 894 2896 commorabitur
918 2855 963 2895 in
994 2868 1048 2895 ea
1079 2854 1193 2895 filius
1225 2855 1451 2896 hominis”
1481 2854 1637 2908 (“vir”
1664 2861 1735 2896 est

236 2931 406 2968 verum,
434 2924 481 2960 et
510 2917 664 2959 “filius
696 2917 891 2959 hominis
903 2917 923 2933 ’'
949 2923 1020 2959 est
1052 2916 1259 2959 doctrina
1284 2918 1413 2973 veri).
1477 2918 1529 2959 In
1555 2917 1595 2958 A
1598 2917 1747 2972 poca-0¹

237 2981 368 3036 lypsi‚
