2060 3476
664 341 770 373 CAP.
796 341 875 382 1v.,
900 341 1037 374 VERs.
1066 342 1211 386 5.-Ν.
1237 344 1331 387 273.
1666 345 1752 388 437

250 454 509 508 ceptionem
547 460 594 496 et
629 452 928 503 intelleestum,
972 461 1019 495 et
1057 469 1136 509 per
1172 454 1416 509 “fulgura'’
1443 455 1564 501 ,illud
1602 457 1752 510 quoad

250 517 614 567 illustrationem,
649 523 860 559 constare
892 524 1048 571 potest
1079 532 1139 559 ex
1170 532 1239 567 eo,
1268 519 1389 572 quod
1421 519 1599 560 dicatur
1629 519 1752 573 quod

253 579 461 622 “Faetor
486 586 633 622 terrae
664 587 904 635 praeparet
935 581 1093 622 orbem
1124 594 1204 635 per
1228 582 1502 635 sapientiam
1534 595 1676 631 suam,
1705 589 1752 623 et

251 644 478 685 extendat
511 643 664 685 caelos
695 658 774 698 per
804 643 1159 697 intelligentiam
1191 657 1318 685 suam
1335 644 1369 695 ;”
1401 651 1447 685 et
1477 658 1602 694 mox,
1631 645 1752 698 quod

253 708 349 748 “ad
386 721 547 748 vocem
578 720 714 761 quam
747 707 841 756 dat,
875 706 1122 748 multitudo
1159 720 1375 761 aquarum
1411 708 1456 748 in
1494 707 1672 758 caelis,’'
1705 714 1752 749 et

250 771 371 825 quod
405 770 618 824 “fulgura
648 770 826 824 pluviae
856 770 1043 812 faciat:’'
1077 769 1265 811 “terra'’
1291 777 1338 811 et
1367 770 1524 811 “orbis
1536 770 1556 786 ’'
1582 770 1752 824 signifi-

250 840 359 875 cant
386 833 652 885 ecclesiam;
688 837 715 858 ‘ss‘
727 847 871 888 aquae
896 834 941 875 in
967 833 1105 875 caelis
1116 833 1136 849 '’
1158 833 1417 887 significant
1439 848 1546 875 vera
1571 835 1752 888 spiritu-

250 897 364 948 alia;
409 896 656 951 “pluviae”
686 896 765 937 illa
801 910 904 938 cum
941 897 1226 938 descendunt
1263 903 1310 938 et
1349 896 1462 938 fiunt
1500 897 1751 948 naturalia;

250 961 494 1003 illustratio
519 973 674 1003 eorum
700 960 981 1015 significatur
1008 975 1088 1015 per
1117 960 1368 1015 “fulgura.”
1429 961 1482 1002 In
1507 961 1646 1002 Libro
1674 961 1751 1002 Se—

249 1025 387 1065 cundo
413 1024 649 1074 Samuelis,
1688 1038 1691 1041 ·

319 1117 342 1130 “
352 1115 485 1147 Tonuit
497 1115 541 1147 de
557 1112 658 1147 ‘caelo
670 1114 846 1157 Jehovah,
862 1120 898 1147 et
911 1115 1121 1147 Altissimus
1135 1115 1232 1147 dedit
1245 1124 1371 1146 vocem
1386 1099 1500 1154 silam,
1517 1121 1553 1147 et
1570 1114 1667 1147 misit
1683 1115 1755 1147 tela

424 1166 459 1192 et
475 1159 643 1201 dispersit
659 1169 734 1198 eos,
754 1158 875 1199 fulgur
891 1165 927 1191 et
943 1158 1105 1190 confudit
1115 1158 1133 1171 ''
1150 1158 1248 1200 (xxii.
1268 1167 1318 1198 14,
1337 1158 1411 1199 15);

251 1249 450 1291 tonitrua
470 1248 542 1290 hic
564 1248 878 1302 exprimuntur
899 1261 978 1301 per
998 1251 1196 1289 “tonare
1218 1261 1242 1288 e
1265 1247 1424 1289 caelo‘’
1441 1253 1488 1289 et
1510 1262 1589 1302 per
1608 1248 1754 1289 “dare

252 1312 449 1361 vocem,'‘
471 1311 655 1353 fulmina
675 1311 878 1353 volantia
900 1325 979 1365 per
1003 1315 1027 1331 “
1042 1311 1173 1360 tela,’'
1195 1318 1242 1352 et
1268 1325 1347 1365 per
1368 1311 1480 1352 haec
1503 1318 1551 1353 et
1576 1325 1656 1366 per
1677 1312 1755 1352 illa

251 1375 560 1430 significantur
581 1375 746 1417 Divina
766 1389 886 1425 vera,
911 1381 957 1416 et
979 1389 1059 1429 per
1083 1378 1107 1395 “
1121 1374 1298 1428 fulgur”
1320 1388 1474 1416 eorum
1497 1374 1576 1415 lux
1596 1389 1606 1427 ;
1638 1389 1753 1429 quae

251 1441 366 1481 sicut
397 1439 626 1487 vivificant
657 1446 705 1481 et
739 1439 969 1480 illustrant
1006 1439 1165 1488 bonos,
1199 1439 1263 1481 ita
1299 1438 1671 1492 perterrefaciunt
1707 1445 1754 1479 et

251 1510 498 1545 occaecant
524 1503 682 1553 malos,
706 1503 827 1557 quod
851 1502 1123 1556 intelligitur
1148 1516 1227 1556 per
1252 1502 1374 1556 quod
1401 1503 1562 1543 “misit
1588 1502 1682 1544 tela
1707 1510 1753 1543 et

250 1568 460 1621 dispersit
487 1581 578 1617 eos,
606 1580 658 1608 ac
689 1566 837 1620 fulgur
862 1573 909 1608 et
935 1566 1137 1608 confudit
1155 1566 1189 1607 :”
1221 1565 1328 1607 mali
1354 1566 1473 1607 enim
1500 1578 1591 1607 non
1617 1566 1752 1606 susti-

252 1638 361 1673 nent
394 1631 557 1673 Divina
582 1645 701 1681 vera,
729 1637 776 1672 et
807 1644 987 1685 prorsus
1018 1643 1109 1672 non
1136 1630 1334 1684 aliquam
1366 1629 1513 1671 lucem
1546 1643 1570 1670 e
1597 1629 1751 1679 caelo;

251 1710 386 1750 quare
426 1695 483 1736 ad
522 1695 830 1750 praesentiam·
863 1707 1017 1736 eorum
1057 1694 1305 1748 aufugiunt.
1380 1692 1597 1735 Similiter
1634 1693 1753 1747 apud

253 1758 491 1808 Davidem,
730 1770 747 1786 ·

318 1850 341 1863 ¹⁸
352 1848 510 1880 Tonavit
522 1848 560 1880 in
573 1848 681 1880 caelis
693 1847 867 1889 Jehovah,
882 1854 918 1879 et
928 1847 1138 1879 Altissimus
1151 1846 1250 1878 dedit
1260 1855 1387 1878 vocem
1399 1855 1501 1877 suam
1505 1870 1598 1883 .....
1606 1852 1642 1877 et
1654 1846 1753 1877 misit

423 1893 495 1924 tela
517 1902 584 1924 sua
606 1898 642 1924 et
665 1891 833 1932 dispersit
856 1901 931 1929 eos,
959 1897 994 1923 et
1017 1891 1171 1922 fulmina
1194 1891 1307 1922 multa
1330 1896 1366 1922 et
1389 1890 1617 1921 conturbavit
1641 1889 1753 1921 illos’'

422 1936 569 1977 (Psalm.
585 1935 683 1968 xviii.
702 1944 753 1975 14,
772 1943 810 1975 15
831 1933 892 1978 [B.
908 1936 954 1968 Α.
974 1932 1130 1976 13‚14]):

248 2020 296 2056 et
320 2013 440 2063 alibi,

317 2088 340 2102 ⁸*
351 2087 378 2119 F
380 2087 580 2127 ulgurando
603 2086 747 2126 fulgura
762 2092 797 2118 et
813 2085 979 2126 disperge
997 2085 1091 2124 illos,
1111 2085 1213 2116 mitte
1231 2084 1303 2116 tela
1319 2090 1381 2116 tua
1396 2090 1432 2116 et
1449 2085 1625 2115 conturba
1641 2083 1751 2115 illos''

422 2130 568 2172 (Psalm.
585 2130 689 2163 cxliv.
706 2130 751 2171 6).

249 2207 385 2262 Quod
412 2207 679 2249 “tonitrua'’
705 2213 752 2249 et
780 2205 1023 2260 “fulgura''
1048 2204 1305 2260 significent
1336 2205 1550 2246 Divinum
1577 2204 1751 2246 Verum

248 2272 398 2326 quoad
428 2269 709 2313 intellectum
741 2276 788 2312 et
813 2270 963 2324 quoad
994 2269 1360 2319 illustrationem,
1388 2275 1571 2310 constat
1603 2268 1750 2309 adhuc

248 2350 275 2378 a
300 2335 590 2390 sequentibus
615 2334 684 2375 his
710 2334 820 2375 locis
837 2333 1048 2387 :—Apud
1075 2332 1315 2382 Davidem,

317 2418 394 2450 “In
418 2418 585 2458 angustia
607 2417 794 2455 invocasti,
814 2423 850 2449 et
874 2417 987 2457 eripui
1011 2422 1057 2454 te,
1077 2415 1247 2456 respondi
1272 2416 1336 2448 tibi
1360 2415 1397 2448 in
1413 2416 1567 2455 occulto,
1587 2416 1722 2448 tonitru
1732 2412 1751 2427 ”

423 2461 570 2502 (Psalm.
586 2461 695 2493 lxxxi.
712 2461 732 2492 8
751 2458 812 2503 [B.
827 2461 876 2493 A.
894 2458 963 2502 7]):

247 2541 292 2581 in
317 2539 359 2580 A
360 2537 605 2593 pocah‘psi,

317 2618 340 2632 ‘⁴
351 2615 485 2648 Audivi
501 2624 612 2646 unum
630 2624 675 2646 ex
691 2619 843 2655 quatuor
858 2612 1099 2651 Animalibus,
1115 2612 1238 2644 dicens
1255 2619 1426 2654 tanquam
1444 2622 1570 2644 vocem
1588 2612 1736 2644 tonitrui

422 2659 515 2691 Veni
531 2665 567 2691 et
582 2658 702 2699 aspice
712 2657 730 2669 ”
748 2656 808 2698 (vi.
827 2656 879 2698 1);

247 2721 368 2770 alibi,
787 2770 790 2774 ⁴

316 2792 497 2833 “Accepit
513 2792 663 2833 angelus
679 2791 910 2829 thuribulum,
930 2797 966 2822 et
982 2790 1146 2831 implevit
1170 2790 1257 2822 illud
1279 2800 1323 2822 ex
1347 2790 1431 2831 igne
1447 2790 1581 2827 altaris,
1602 2796 1636 2821 et
1654 2790 1748 2830 abje-

422 2837 470 2869 cit
486 2836 522 2868 in
539 2842 670 2881 terram
684 2845 692 2874 ;
716 2841 752 2867 et
767 2833 864 2867 faeta
879 2841 963 2867 sunt
980 2834 1150 2872 tonitrua,
1169 2844 1276 2866 voces
1293 2841 1328 2866 et
1344 2833 1515 2875 fulgura’'
1533 2834 1618 2873 (viii.
1638 2835 1669 2873 5)
1684 2844 1690 2870 ;

246 2898 367 2947 alibi,

313 2971 475 3012 Angelus
496 2969 696 3002 “clamavit
712 2979 799 3000 voce
817 2978 949 3009 magna
965 2968 1055 3000 sicut
1071 2968 1149 3004 leo:
1174 2974 1209 3000 et
1226 2978 1304 2999 cum
1323 2968 1501 3005 clamavit,
1523 2968 1642 2998 locuta
1666 2973 1747 2998 sunt

422 3020 559 3056 septem
577 3013 735 3046 tonitrua
750 3022 856 3045 voces
873 3022 957 3044 suas
969 3012 987 3024 ''
1004 3011 1059 3052 (x:
1069 3020 1099 3051 3,
1115 3013 1150 3053 4)
1164 3021 1172 3051 ;
