2060 3476
300 342 383 395 64·8
727 351 1058 385 APOCALvPffls
1090 352 1387 385 EXPLICATA.

299 466 442 519 primo
468 480 546 507 seu
572 466 731 507 ultimo
757 466 898 508 caelo.
961 465 1049 508 Sed
1075 467 1214 508 maria
1238 467 1282 508 in
1305 466 1462 521 quibus
1488 466 1624 507 infimi
1654 465 1780 519 hujus

300 527 412 568 caeli
449 528 673 577 habitant,
708 542 798 570 non
836 535 940 570 sunt
977 530 1092 571 sicut
1129 530 1267 571 maria
1302 530 1346 570 in
1378 529 1536 582 quibus
1571 528 1782 570 habitant

299 591 430 641 mali3
463 591 671 632 differunt
697 592 851 633 undis:
885 592 1031 633 undae
1057 593 1242 633 marium
1268 593 1312 632 in
1338 593 1494 646 quibus
1520 597 1624 633 sunt
1655 591 1782 644 probi

298 654 370 706 qui
406 654 449 694 in
492 653 644 695 infimo
687 654 829 704 caelo,
871 661 975 695 sunt
1019 660 1177 695 tenues
1219 660 1267 696 et
1305 668 1466 708 purae;
1516 653 1595 695 sed
1635 653 1781 694 undae

298 716 483 756 marium
515 717 559 756 in
585 717 743 770 quibus
774 723 879 758 sunt
912 717 1031 765 mali,
1059 723 1163 757 sunt
1190 731 1367 758 crassae
1399 723 1445 758 et
1476 717 1689 769 impurae,
1717 716 1782 757 ita

297 792 476 833 prorsus
493 779 580 820 alia
599 780 749 820 maria.
800 779 969 821 Datum
987 779 1094 820 mihi
1111 779 1348 833 aliquoties
1366 780 1515 820 videre
1533 779 1609 819 illa
1627 779 1778 828 maria,

297 847 342 882 et
369 855 544 895 quoque
577 842 697 896 loqui
729 855 831 883 cum
862 842 947 883 illis
978 843 1052 895 qui
1083 843 1127 883 in
1158 842 1244 883 illis
1275 849 1393 891 sunt,
1422 848 1467 883 et
1500 848 1780 895 compertum

296 911 366 944 est
393 905 511 958 quod
543 912 696 946 essent
722 906 781 946 ibi
807 905 879 958 qui
911 918 1031 946 mere
1058 905 1288 946 sensuales
1319 905 1494 946 fuerunt
1525 906 1569 946 in
1596 905 1778 954 mundo,

297 968 375 1008 sed
407 982 544 1021 usque
576 968 728 1021 probi;
766 974 812 1009 et
845 968 946 1021 quia
977 967 1206 1009 sensuales
1238 974 1380 1017 erant,
1414 982 1504 1008 non
1537 974 1780 1021 potuerunt

295 1029 550 1083 intelligere
575 1030 679 1084 quid
711 1036 832 1071 esset
865 1029 1107 1083 spirituale,
1136 1031 1215 1071 sed
1247 1030 1392 1071 solum
1424 1030 1528 1084 quid
1560 1030 1777 1079 naturale,

296 1106 377 1133 nec
411 1093 640 1146 percipere
673 1093 874 1134 Verbum
906 1099 953 1133 et
985 1091 1234 1133 doctrinam
1266 1093 1485 1134 ecclesiae
1517 1108 1576 1134 ex
1608 1093 1777 1143 Verbo,

297 1156 378 1196 nisi
401 1169 534 1208 quam
560 1155 838 1196 sensualiter.
900 1154 1071 1196 Omnes
1097 1155 1159 1196 illi
1185 1162 1405 1209 apparent
1431 1156 1546 1196 sicut
1573 1157 1617 1196 in
1643 1157 1778 1207 mari;

296 1231 450 1258 verum
478 1218 541 1258 illi
567 1219 640 1272 qui
671 1219 729 1259 ibi
761 1224 865 1259 sunt
892 1220 982 1259 non
1009 1218 1090 1258 sibi
1115 1218 1323 1259 videntur
1348 1219 1391 1258 in
1418 1219 1528 1259 mari
1559 1233 1671 1268 esse,
1701 1220 1780 1261 sed

296 1282 410 1322 sicut
428 1282 471 1321 in
490 1281 622 1322 simili
641 1281 960 1334 atmosphaera
974 1281 1018 1321 in
1036 1281 1154 1335 quali
1172 1281 1276 1322 dum
1294 1282 1503 1322 vixerunt
1523 1282 1565 1322 in
1584 1282 1752 1322 mundo
1769 1295 1779 1322 ι

297 1344 415 1397 quod
438 1345 481 1384 in
505 1344 615 1384 mari
638 1344 742 1390 sint.
763 1349 951 1397 apparet
973 1343 1118 1384 solum
1136 1357 1287 1384 coram
1310 1343 1396 1384 illis
1413 1345 1486 1397 qui
1508 1358 1639 1398 supra
1661 1351 1779 1385 sunt.

300 1407 448 1447 Hodie
480 1412 550 1447 est
585 1406 644 1447 ibi
680 1406 840 1459 ingens
873 1419 1095 1455 numerus,
1128 1420 1187 1447 ex
1219 1420 1353 1447 causa
1383 1407 1485 1460 quia
1520 1413 1615 1448 tam
1651 1407 1781 1448 multi
1840 1414 1846 1418 “

295 1469 429 1510 hodie
447 1475 551 1509 sunt
570 1468 814 1509 sensuales,
875 1468 1051 1510 Ultima
1072 1468 1184 1510 haec
1208 1482 1310 1522 pars
1328 1469 1440 1510 caeli
1457 1470 1781 1523 correspondet

296 1531 462 1585 plantis
495 1531 672 1584 pedum.
734 1531 808 1571 Ex
840 1531 926 1572 hoc
959 1537 1030 1572 est
1055 1531 1175 1585 quod
1207 1532 1345 1572 toties
1376 1532 1420 1572 in
1449 1531 1604 1573 Verbo
1635 1533 1780 1573 nomi-

296 1600 459 1635 nentur
479 1590 692 1642 “maria,’'
713 1600 758 1635 et
781 1608 958 1647 quoque
980 1594 1039 1635 ibi
1063 1594 1247 1647 “pisces
1264 1593 1297 1644 ;’'
1329 1600 1374 1635 et
1397 1608 1475 1647 per
1494 1595 1701 1635 “maria''
1723 1595 1783 1636 ibi

297 1656 608 1710 significantur
633 1658 890 1698 communia
915 1657 1020 1706 veri,
1049 1670 1162 1710 quae
1188 1662 1292 1697 sunt
1324 1657 1540 1698 naturalis
1571 1657 1779 1707 hominis,

297 1733 346 1760 ac
371 1733 449 1772 per
468 1724 492 1740 ‘⁶
507 1719 682 1773 pisces''
701 1719 947 1760 scientifica
965 1719 1202 1768 sensualia,
1222 1733 1335 1772 quae
1353 1726 1457 1760 sunt
1479 1719 1630 1760 infima
1648 1726 1784 1761 natu-

294 1781 396 1822 ralis
424 1782 642 1833 hominis;
677 1782 862 1836 proinde
889 1781 1198 1835 significantur
1223 1781 1286 1822 illi
1312 1782 1384 1835 qui
1411 1782 1528 1823 tales
1555 1789 1674 1832 sunt,
1703 1796 1783 1824 seu

294 1843 367 1896 qui
403 1843 447 1883 in
484 1843 573 1882 illis
609 1849 730 1883 sunt.
802 1853 903 1892 (Quid
918 1853 1075 1882 sensualia
1089 1857 1120 1882 et
1134 1847 1212 1890 quid
1226 1854 1395 1888 sensuales,
1409 1858 1440 1882 et
1451 1854 1538 1890 quod
1552 1854 1614 1883 sint
1627 1858 1692 1883 tam
1706 1853 1785 1884 boni

294 1915 388 1943 quam
406 1906 489 1941 mali,
506 1907 650 1935 videatur
663 1907 695 1935 in
711 1907 868 1936 Dollrina
882 1907 991 1936 Novae
1006 1907 1249 1944 Hierosolymae.
1264 1915 1295 1936 n.
1311 1906 1375 1944 50.)
1446 1895 1522 1936 EX
1558 1894 1627 1937 hlS
1662 1908 1780 1938 nunc

295 1958 394 1998 sciri
420 1963 574 2010 potest
600 1957 704 2011 quid
731 1957 999 2010 intelligitur
1025 1971 1104 2010 per
1128 1961 1301 1998 “omne
1327 1963 1542 2006 creatum,
1567 1958 1686 2011 quod
1711 1964 1782 1999 est

294 2021 338 2061 in
365 2020 508 2069 caelo,
537 2026 583 2061 et
612 2021 655 2061 in
683 2027 802 2061 terra
828 2027 873 2061 et
900 2021 982 2061 sub
1007 2027 1139 2069 terra,
1167 2026 1214 2061 et
1245 2021 1288 2060 in
1315 2021 1425 2061 mari
1450 2034 1563 2074 quae
1589 2027 1707 2070 sunt,
1735 2027 1783 2062 et

294 2084 336 2124 in
369 2083 456 2124 illis
489 2083 677 2124 omnia.'’
737 2083 908 2124 Similia
938 2097 1017 2137 per
1045 2083 1251 2124 “maria'’
1276 2089 1323 2124 et
1354 2097 1432 2136 per
1462 2083 1538 2124 illa
1564 2097 1677 2137 quae
1707 2084 1780 2133 ibi,

295 2160 407 2200 quae
433 2152 653 2187 vocantur
677 2146 892 2199 “pisces”
917 2152 964 2187 et
993 2145 1287 2195 “balaenae‚'’
1309 2145 1617 2199 significantur
1641 2147 1685 2187 in
1712 2160 1784 2187 se-

295 2209 535 2262 quentibus
562 2208 630 2249 his
657 2208 768 2250 locis
785 2208 993 2262 z—Apud
1021 2208 1258 2257 Davidem,

362 2306 383 2319 ‘⁸
396 2303 584 2336 Laudent”
604 2303 777 2345 Jehovarn
802 2304 970 2335 “caelum
990 2309 1025 2335 et
1045 2309 1147 2342 terra,
1168 2304 1281 2335 maria
1300 2309 1334 2335 et
1353 2313 1460 2335 omne
1479 2313 1608 2344 repens
1633 2304 1668 2335 in
1693 2303 1785 2343 illis;

467 2348 549 2388 quia
570 2347 666 2379 Deus
685 2347 837 2379 salvabit
855 2347 1015 2386 Zionem,
1035 2353 1071 2379 et
1089 2347 1287 2379 aedificabit
1305 2348 1410 2379 urbes
1429 2346 1617 2389 Jehudae”
1637 2347 1787 2387 (Psalm..

467 2391 550 2423 lxix.
565 2398 618 2430 35,
633 2391 674 2430 36
693 2389 753 2432 [B.
767 2392 813 2423 A.
828 2398 880 2430 34,
896 2389 989 2432 35]);

295 2481 456 2521 dicitur
488 2481 626 2521 etiam
655 2483 827 2521 “omne
858 2493 1018 2533 repens
1031 2479 1051 2495 ’⁹
1077 2480 1120 2520 in
1152 2479 1252 2528 illis,
1281 2493 1332 2521 ac
1365 2479 1680 2533 intelliguntur
1711 2479 1784 2534 qui

295 2542 524 2584 sensuales
552 2549 682 2593 sunt;
716 2556 794 2596 per
819 2542 1075 2583 “Zionem''
1098 2556 1231 2595 quem
1258 2542 1380 2583 Deus
1403 2542 1610 2592 salvabit,
1634 2549 1680 2584 et
1706 2556 1784 2596 per

297 2606 466 2646 “urbes
486 2605 721 2658 Jehudae”-
742 2619 851 2659 quas
878 2605 1147 2654 aedificabit,
1171 2605 1441 2658 intelligitur
1462 2605 1654 2646 ecclesia
1679 2618 1782 2646 cae-

295 2669 421 2710 lestis
453 2675 499 2709 et
526 2667 732 2709 doctrina
762 2667 869 2721 ejus,
898 2682 976 2721 per
1005 2667 1262 2708 “Zionem'’
1288 2667 1480 2708 ecclesia
1510 2667 1600 2716 illa,
1627 2674 1674 2709 et
1705 2681 1784 2721 per

299 2731 496 2772 “urbes''
522 2727 737 2772 doctrina.
799 2730 969 2771 Sim-ilia
994 2744 1073 2784 per
1099 2730 1210 2771 haec
1238 2730 1355 2783 apud
1382 2730 1618 2780 Davidem,

362 2828 369 2841 ⁴
377 2828 384 2840 ‘
395 2826 551 2858 Laudate
561 2826 736 2868 Jehovam
748 2835 767 2857 e
778 2832 882 2863 terra,
897 2826 1069 2858 balaenae
1081 2832 1116 2857 et
1127 2835 1253 2857 omnes
1265 2826 1386 2867 abyssi
1397 2825 1416 2838 ''
1427 2825 1571 2866 (Psalm.
1586 2825 1715 2858 cxlviii.
1730 2826 1762 2866 7)
1775 2835 1783 2865 ;

293 2914 427 2954 iidem
457 2913 773 2967 intelliguntur
805 2928 884 2967 per
912 2914 1204 2956 “balaenas’'
1264 2914 1375 2955 Inde
1401 2914 1538 2955 etiam
1565 2919 1635 2955 est
1661 2914 1783 2968 quod

294 2975 539 3030 Aegyptus
558 2977 733 3018 dicatur
753 2976 980 3018 “balaena
993 2977 1011 2992 '’
1032 2976 1209 3031 (Ezech.
1224 2977 1355 3017 xxix.
1372 2976 1434 3031 3):
1462 2990 1540 3031 per
1560 2975 1781 3030 “Aegyp-
