2060 3476
308 339 365 390 84
720 348 1053 399 APOCALYFSIS
1084 347 1383 401 PXPLICATA.

304 460 494 502 fundant
531 461 608 502 illa
643 460 868 516 (videatur
899 475 1046 515 supra,
1080 475 1122 502 n.
1152 460 1255 516 41):
1297 460 1437 502 homo
1468 459 1606 501 etiam
1640 461 1711 500 e‘st
1747 458 1791 500 in

303 523 488 573 ultimis,
509 530 554 565 et
578 538 710 578 super
727 524 920 565 ecclesia
937 524 1054 578 apud
1077 523 1201 565 illum
1219 523 1429 564 fundatur
1446 521 1636 563 caelum.
1679 520 1792 562 Inde

303 598 420 626 nunc
446 592 516 627 est
538 586 658 640 quod
685 586 789 627 talis
812 586 959 639 stylus
984 587 1029 627 in
1052 586 1206 628 Verbo
1233 587 1317 637 sit;
1349 598 1486 639 quare
1511 583 1665 632 homo,
1690 595 1791 624 cum

302 649 479 701 cogitat
516 648 807 701 spiritualiter
845 663 904 689 ex
942 648 1235 698 naturalibus,
1275 662 1389 702 quae
1427 652 1532 687 sunt
1572 646 1617 686 in
1657 658 1792 686 sensu

301 709 482 751 litterae
517 710 671 759 Verbi,
706 710 994 764 conjungitur
1029 710 1171 760 caelo,
1205 724 1307 751 cum
1340 723 1429 763 quo
1465 722 1557 749 non
1593 707 1791 762 alioquin

302 771 664 825 conjungeretur.

378 844 463 889 72.
499 845 611 888 [Vm-s.
635 844 703 887 16.]
739 836 825 876 “ft
848 836 1002 878 habens
1027 836 1068 876 Ῐη
1094 837 1242 877 dextr-a
1270 849 1348 876 sua
1376 847 1498 875 manu
1525 834 1672 875 stellas
1699 846 1793 887 sep-

301 895 620 948 tem.''—Quod
657 896 880 949 significet
909 897 1179 950 cognitiones
1215 896 1319 936 boni
1350 901 1394 936 et
1421 894 1521 935 veri
1553 908 1700 935 omnes
1734 893 1791 935 ab

298 956 417 1008 Ipso,
436 963 619 997 constat
636 971 693 997 ex
710 957 1040 1010 significatione
1058 957 1262 998 “habere
1280 958 1323 997 in
1339 956 1504 997 dextra
1518 969 1598 996 sua
1615 954 1790 1004 manu,”

300 1019 420 1071 quod
446 1020 504 1059 sit
531 1019 588 1059 ab
616 1019 746 1072 Ipso;
783 1023 979 1060 “manus
991 1020 1010 1035 '’
1036 1021 1154 1061 enim
1186 1019 1411 1072 significat
1444 1018 1714 1072 potentiam,
1743 1023 1789 1059 et

298 1081 402 1122 inde
429 1082 636 1135 quicquid
663 1088 732 1122 est
760 1082 878 1135 apud
907 1081 1047 1132 illurn,
1075 1083 1138 1123 ita
1164 1095 1341 1136 quoque
1367 1080 1575 1136 quicquid
1601 1080 1658 1120 ab
1683 1079 1788 1131 illo;

298 1143 417 1196 quod
452 1144 655 1184 “dextra
687 1143 876 1184 manus”
902 1144 1090 1194 dicatur,
1124 1151 1194 1185 est
1227 1145 1329 1198 quia
1363 1143 1565 1184 “dextra
1597 1155 1755 1183 manus
1770 1142 1789 1158 ”

297 1204 523 1257 significat
556 1207 811 1259 potentiam
843 1206 950 1247 boni
986 1220 1065 1260 per
1095 1219 1249 1248 verum
1270 1220 1279 1257 ;
1323 1215 1425 1254 (quod
1448 1215 1614 1245 “manus''
1637 1214 1790 1252 significet

295 1267 480 1304 potentiam,
497 1268 640 1297 videatur
655 1277 684 1297 n.
702 1270 770 1304 878,
786 1277 875 1306 3091,
891 1278 1081 1306 4931-4937,
1100 1269 1189 1306 6947,
1207 1267 1355 1306 [¹1100192
1382 1273 1413 1297 et
1433 1268 1508 1297 inde
1529 1267 1617 1304 quod
1637 1266 1790 1304 significet

296 1314 447 1352 quiequid
462 1317 548 1353 apud
563 1316 662 1350 illum,
674 1316 718 1345 ita
732 1325 861 1354 quoque
875 1317 1027 1354 quicquid
1041 1317 1082 1346 ab
1097 1317 1160 1351 illo,
1171 1326 1201 1347 n.
1212 1325 1301 1354 9133,
1318 1325 1426 1353 10019,
1439 1322 1552 1353 10405;
1582 1316 1671 1352 quod
1686 1317 1703 1329 “
1713 1315 1790 1344 dex-

296 1366 343 1390 tra
357 1370 470 1391 manus
480 1363 496 1372 ''
513 1363 666 1400 significet
680 1364 854 1401 potentiam
869 1364 944 1394 boni
959 1373 1016 1402 per
1029 1373 1148 1398 verum,
1159 1373 1190 1393 n.
1199 1364 1289 1401 9604,
1299 1364 1388 1401 9736,
1401 1364 1514 1398 10061;
1538 1367 1569 1392 et
1582 1363 1671 1400 quod
1686 1365 1702 1377 ‘¹
1713 1363 1789 1392 dex-

295 1413 342 1437 tra
355 1409 524 1448 Jehovae''
540 1410 693 1448 significet
709 1411 856 1440 Divinam
870 1411 1044 1449 potentiam
1062 1411 1200 1445 Domini,
1217 1411 1259 1439 ita
1273 1411 1544 1448 omnipotentiam,
1557 1419 1587 1440 n.
1598 1412 1687 1448 3387,
1697 1417 1787 1447 4592,

293 1469 383 1498 4933.
406 1463 495 1498 7518,
518 1462 608 1500 7673.
629 1464 825 1500 8281‚9133,
847 1462 976 1500 10019:)
1026 1458 1072 1493 et
1114 1466 1173 1493 ex
1216 1451 1544 1505 significatione
1588 1450 1785 1492 “stella-

293 1511 430 1560 rum,”
451 1513 571 1566 quod
594 1514 683 1554 sint
707 1515 993 1567 cognitiones
1015 1514 1121 1555 boni
1144 1520 1190 1555 et
1211 1514 1303 1555 veri
1329 1512 1404 1568 (de
1426 1527 1512 1568 qua
1535 1512 1754 1568 sequitur)
1775 1527 1784 1564 ;

293 1580 339 1615 et
371 1588 431 1615 ex
464 1575 796 1629 significatione
831 1577 1086 1630 “septem‚”
1117 1576 1238 1631 quod
1275 1577 1366 1617 sint
1398 1589 1556 1616 omnes
1590 1575 1666 1630 (de
1697 1589 1786 1630 qua

293 1650 439 1690 supra,
468 1651 509 1678 n.
539 1648 606 1687 20,
635 1637 723 1692 24).
786 1637 919 1691 Quod
952 1638 1182 1680 “stellae'’
1209 1638 1464 1692 significent
1497 1639 1785 1692 cognitiones

291 1698 398 1739 boni
424 1706 470 1740 et
494 1700 599 1748 veri,
624 1701 688 1741 ita
714 1701 833 1741 bona
860 1707 906 1742 et
930 1715 1049 1750 vera,
1074 1707 1143 1742 est
1167 1715 1226 1742 ex
1252 1701 1517 1755 apparentia
1543 1701 1586 1741 in
1613 1701 1782 1742 mundo

291 1761 538 1814 spirituali;
571 1763 630 1803 ibi
661 1764 781 1803 enim
815 1763 1036 1804 Dominus
1068 1770 1257 1817 apparet
1289 1770 1338 1804 ut
1371 1763 1463 1812 Sol,
1497 1769 1544 1804 et
1576 1763 1727 1816 angeli
1758 1777 1784 1804 e

290 1822 538 1877 longinquo
571 1831 619 1865 ut
653 1824 842 1876 stellae3
885 1826 1004 1879 quod
1041 1825 1192 1879 angeli
1228 1827 1292 1866 ita
1323 1831 1586 1879 appareant,
1620 1832 1691 1867 est
1711 1839 1782 1867 ex

290 1887 552 1939 receptione
594 1886 705 1928 lucis
747 1901 806 1928 ex
849 1887 1051 1931 Domino
1079 1895 1128 1929 ut
1163 1887 1283 1937 Sole,
1323 1889 1387 1929 ita
1423 1902 1483 1929 ex
1521 1889 1781 1942 receptione

290 1947 441 1989 Divini
464 1949 572 1989 Veri
599 1950 718 2003 quod
745 1964 771 1990 a
798 1950 1010 1999 Domino,
1035 1963 1139 1991 nam
1166 1950 1252 1992 hoc
1276 1956 1347 1991 est
1374 1949 1452 1991 lux
1479 1950 1605 1992 caeli.
1668 1950 1781 2001 Inde¹

289 2017 359 2052 est
386 2011 507 2064 quod
535 2011 712 2052 dicatur
737 2012 856 2066 apud
881 2012 1122 2061 Danielem,

302 2145 303 2149 Ἰ
357 2106 378 2119 “
392 2105 636 2146 Intelligentes
661 2106 847 2147 fulgebunt
863 2107 953 2139 sicut
969 2107 1138 2148 splendor
1154 2108 1313 2148 expansi,
1333 2114 1369 2139 et
1391 2107 1625 2148 justificantes
1648 2108 1780 2141 multos

461 2155 499 2180 ut
516 2150 638 2181 stellae
656 2150 691 2181 in
709 2157 892 2182 aeternum
905 2151 923 2163 '’
939 2151 1012 2192 (xii.
1030 2150 1083 2192 3);

290 2237 672 2291 “intelligentes’'
698 2245 804 2280 sunt
831 2240 904 2294 qui
935 2240 979 2281 in
1006 2241 1135 2289 veris,
1163 2246 1210 2281 et
1239 2239 1572 2293 “justificantes
1584 2240 1604 2256 ”
1628 2241 1703 2295 qui
1733 2242 1778 2282 in

287 2298 419 2339 bonis
452 2309 610 2345 (videatur
630 2310 662 2338 in
684 2319 780 2348 opere
802 2311 853 2339 De
878 2311 970 2340 Caelo
984 2315 1014 2340 et
1035 2312 1171 2349 lnscrno,
1187 2320 1218 2340 n.
1234 2310 1401 2348 346-348).
1473 2300 1585 2342 Cum
1618 2308 1778 2344 notum

288 2367 358 2401 est
393 2359 652 2414 [aliquibus]
680 2362 799 2415 quod
829 2362 934 2403 “sol
946 2362 965 2377 ’'
990 2361 1213 2415 significet
1246 2362 1490 2403 Dominum
1516 2364 1665 2416 quoad
1697 2364 1777 2405 Di-

286 2423 439 2463 vinum
458 2422 694 2471 Amorem,
716 2425 780 2464 ita
797 2438 975 2478 quoque
994 2424 1204 2465 Divinum
1221 2423 1440 2465 Amorem
1459 2439 1484 2466 a
1501 2425 1712 2475 Domino,
1729 2433 1777 2468 et

287 2485 407 2537 quod
433 2485 665 2526 “stellae'’
688 2486 942 2538 significent
965 2500 1070 2527 vera
1095 2486 1315 2527 ecclesiae
1341 2493 1388 2528 et
1415 2487 1591 2528 illorum
1618 2489 1777 2541 cogni-

287 2547 450 2595 tiones,
484 2546 548 2587 illi
585 2548 698 2588 scire
735 2555 925 2601 possunt
969 2548 1074 2602 quid
1115 2549 1159 2589 in
1197 2548 1352 2589 Verbo
1389 2549 1667 2602 significatur
1698 2563 1778 2604 per

286 2608 407 2661 quod
436 2608 545 2649 “sol
575 2609 926 2659 obscurabitur‚'‘
952 2617 998 2652 et
1024 2610 1144 2664 quod
1173 2610 1372 2652 “stellae
1398 2625 1490 2652 non
1521 2611 1777 2661 lucebunt,”

287 2676 334 2711 et
356 2684 534 2724 quoque
557 2672 676 2724 quod
697 2673 901 2713 “cadent
924 2687 947 2713 e
971 2672 1099 2714 caelo
1115 2672 1148 2723 ;'’
1180 2679 1226 2714 et
1248 2679 1484 2726 praeterea
1500 2674 1605 2728 quid
1626 2673 1775 2718 “stelr

288 2732 389 2773 lae''
415 2732 671 2785 significant
703 2733 808 2774 alibi
839 2735 883 2774 in
910 2734 1065 2775 Verbo
1096 2735 1169 2775 ubi
1201 2736 1515 2787 nominantur;
1548 2742 1597 2776 ut
1627 2736 1673 2776 in
1704 2749 1775 2777 sea-

285 2795 526 2848 quentibus
552 2795 620 2836 his
647 2795 980 2850 locisz—Apud
1002 2795 1205 2845 Esaiam,

353 2889 490 2922 Ponam
511 2891 533 2904 “
545 2896 674 2921 terram
699 2890 734 2921 in
753 2891 966 2926 vastitatem.
986 2896 1025 2921 ut
1049 2897 1249 2931 peccatores
1267 2891 1344 2932 ejus
1361 2892 1486 2933 perdat
1501 2902 1545 2924 ex
1560 2901 1623 2924 ea:
1648 2892 1774 2925 stellae

459 2933 636 2965 caelorum
655 2939 689 2965 et
706 2934 823 2965 sidera
842 2944 964 2965 eorum
991 2944 1062 2965 non
1087 2935 1255 2967 lucebunt
1279 2936 1355 2967 luce
1371 2945 1456 2974 sua;
1480 2936 1774 2968 obtenebrabitur

459 2977 513 3009 sol
524 2977 559 3008 in
571 2983 650 3008 ortu
662 2987 737 3016 suo,
750 2984 784 3008 et
796 2977 880 3009 luna
892 2988 962 3008 non
976 2978 1162 3018 splendere
1174 2978 1277 3011 faciet
1290 2979 1403 3011 lucem
1415 2989 1516 3011 suam
1529 2978 1547 2991 ”
1558 2978 1644 3020 (xiii.
1656 2989 1688 3020 9,
1705 2979 1773 3020 10);
