2060 3476
659 329 766 363 CAP.
790 329 877 371 111.,
901 329 1039 362 VERs.
1065 329 1211 374 5.—N.
1242 331 1331 374 199.
1661 320 1745 373 287

248 443 554 497 intelligentia
579 449 626 485 et
657 443 890 496 sapientia.
953 442 1266 495 Intelligentia
1297 447 1343 483 et
1375 441 1598 495 sapientia
1628 455 1743 495 quae

247 520 338 548 non
364 513 434 548 est
460 521 519 548 ex
553 507 726 548 Divinis
751 507 880 555 veris,
908 505 989 546 sed
1021 505 1166 546 solum
1192 519 1251 545 ex
1278 505 1530 554 mundanis,
1558 518 1649 545 non
1675 511 1745 545 est

246 569 552 623 intelligentia
587 576 634 611 et
672 569 907 623 sapientia,
940 568 1021 609 sed
1058 574 1128 609 est
1160 568 1298 609 modo
1330 569 1520 609 scientia
1551 574 1597 608 et
1638 568 1744 609 inde

246 633 436 674 facultas
461 633 785 684 ratiocinandi3
818 645 923 673 nam
947 631 1255 684 intelligentia
1280 638 1350 672 est
1377 632 1530 672 videre
1555 629 1685 672 intus
1703 631 1747 671 in

247 710 295 737 se
322 709 428 737 num
453 710 608 737 verum
635 696 693 737 sit
718 695 791 736 vel
823 708 913 736 non
944 708 1125 736 verum:
1159 701 1207 736 at
1239 695 1314 748 qui
1345 694 1491 735 solum
1524 708 1583 735 ex
1616 707 1746 735 mun-

247 759 375 799 danis
401 760 595 812 sapiunt,
618 759 682 800 illi
704 772 795 800 non
821 759 942 799 intus
968 759 1012 798 in
1037 772 1085 799 se
1106 758 1264 799 vident
1292 772 1411 806 vera,
1439 758 1520 798 sed
1546 772 1605 799 ex
1633 758 1746 806 aliis,

247 829 294 864 et
325 822 477 864 videre
516 837 576 864 ex
612 822 708 863 aliis
740 828 810 863 est
846 822 984 862 modo
1019 822 1146 869 scire,
1181 835 1262 862 nec
1300 822 1473 862 intrant
1505 821 1549 861 in
1582 822 1749 862 mentis

247 886 534 927 intuitionem
574 885 710 927 altius
746 898 882 940 quam
919 891 968 926 ut
1005 884 1341 926 confirmentur.
1415 885 1467 926 In
1510 884 1591 926 tali
1623 891 1748 926 statu

248 955 352 990 sunt
378 949 578 1003 plerique
603 949 737 990 hodie
763 950 882 990 intra
907 948 1160 998 ecclesiam,
1185 949 1259 1003 qui
1286 948 1431 989 solam
1454 948 1590 989 fidem
1616 962 1748 1002 sepa·

247 1018 393 1053 ratam
425 1026 452 1053 a
481 1011 576 1054 vita
607 1012 852 1053 salvificam
889 1012 1084 1063 faciunt;
1126 1013 1230 1053 inde
1263 1019 1332 1053 est
1369 1012 1489 1066 quod
1522 1025 1612 1053 non
1644 1025 1751 1052 vera

248 1076 418 1117 intrent
444 1077 488 1116 in
511 1077 715 1130 spiritum
742 1089 912 1124 eorum,
938 1076 1017 1116 sed
1043 1076 1180 1116 modo
1206 1076 1249 1115 in
1276 1076 1539 1116 memoriam
1566 1081 1748 1116 natura-

248 1141 302 1182 lis
323 1142 542 1193 hominis;
576 1145 622 1183 et
649 1149 803 1183 tamen
831 1142 910 1182 lux
937 1142 1064 1191 caeli,
1089 1149 1202 1196 qua‘e
1229 1148 1298 1182 est
1323 1142 1538 1182 Divinum
1561 1141 1748 1191 Verum,

249 1219 339 1246 non
365 1219 443 1259 per
468 1205 603 1247 aliam
629 1206 748 1247 viam
775 1207 916 1246 intrat
943 1206 1062 1259 apud
1094 1206 1324 1246 hominem
1357 1219 1494 1260 quam
1527 1219 1606 1259 per
1630 1207 1750 1247 viam

250 1269 429 1326 spiritus
461 1269 554 1322 ejus
585 1283 700 1324 quae
732 1270 870 1310 etiam
903 1275 973 1310 est
1005 1270 1077 1310 via
1118 1270 1294 1310 animae
1327 1269 1445 1322 ejus;
1492 1275 1538 1310 et
1570 1270 1752 1323 spiritus

248 1333 442 1373 hominis
475 1332 579 1374 talis
610 1339 680 1374 est
717 1333 861 1387 qualis
903 1332 995 1386 ejus
1021 1334 1129 1382 vita,
1164 1347 1256 1374 non
1288 1339 1443 1374 autem
1480 1332 1624 1386 qualis
1657 1332 1751 1386 ejus

250 1396 466 1437 memoria
491 1396 661 1451 absque
688 1397 807 1447 vita;
841 1403 887 1437 et
914 1403 1022 1438 tunc
1049 1396 1128 1437 lux
1156 1396 1269 1438 caeli
1301 1397 1442 1437 intrat
1473 1397 1518 1436 in
1544 1396 1749 1449 spiritum

248 1459 456 1509 hominis,
483 1460 664 1514 quando
696 1461 834 1501 homo
860 1466 930 1501 est
962 1459 1006 1500 in
1038 1460 1160 1501 bono
1186 1460 1351 1501 amoris
1382 1466 1429 1500 et
1462 1459 1697 1500 charitatis
1724 1473 1750 1500 a

253 1520 469 1570 Domino,
493 1527 540 1563 et
565 1521 751 1575 quando
772 1522 817 1562 in
842 1521 924 1562 illo
944 1522 1069 1562 bono
1090 1527 1162 1562 est
1188 1527 1297 1562 tunc
1321 1522 1462 1562 etiam
1484 1521 1529 1561 in
1550 1520 1638 1561 fide
1665 1526 1751 1561 est.

250 1582 364 1619 (Quod
378 1583 467 1611 nulla
481 1582 560 1612 fides
573 1583 695 1612 homini
710 1583 749 1611 sit
764 1583 819 1612 ubi
835 1592 900 1612 non
915 1592 1006 1612 amor
1020 1587 1075 1612 aut
1090 1583 1235 1617 charitas,
1251 1583 1396 1611 videatur
1407 1582 1439 1611 in
1454 1582 1611 1620 opusculo
1627 1583 1678 1611 De
1699 1583 1755 1611 Ul-

247 1628 325 1656 timo
343 1627 486 1667 Judicio,
502 1637 533 1658 n.
549 1637 660 1665 33—40.
705 1628 880 1662 Praeterea,
896 1629 974 1665 quid
987 1628 1200 1665 Intelligentia
1210 1637 1294 1662 vera,
1308 1628 1387 1665 quid
1398 1628 1514 1666 spuria,
1527 1631 1559 1656 et
1573 1627 1652 1665 quid
1666 1627 1753 1661 falsa,

248 1673 393 1702 videatur
406 1673 439 1701 in
454 1682 551 1711 opere
567 1674 618 1702 De
637 1673 728 1703 Caelo
743 1677 774 1702 et
787 1674 926 1712 Inferna,
943 1682 974 1703 n.
990 1674 1090 1711 346—3
1093 1673 1158 1712 56.)

329 1738 462 1782 199.
501 1729 588 1769 “ft
617 1741 696 1769 non
732 1729 874 1770 dolebo
911 1742 1055 1770 nomen
1089 1729 1179 1783 ejus
1212 1742 1235 1770 e
1270 1729 1372 1770 libr-o
1409 1727 1753 1781 vitae.''—Quod

248 1791 472 1845 significet
498 1791 619 1844 quod
638 1791 684 1832 in
710 1791 825 1832 caelo
850 1798 980 1832 erunt
1004 1792 1111 1845 quia
1141 1792 1184 1832 ei
1211 1791 1536 1839 accommodati,
1570 1797 1754 1832 constat

249 1869 308 1895 ex
346 1854 676 1908 significatione
716 1855 986 1904 “nominis,”
1026 1856 1146 1910 quod
1184 1856 1242 1896 sit
1277 1854 1409 1909 quale
1446 1861 1594 1895 status
1631 1855 1754 1895 vitae

248 1918 442 1959 hominis
472 1917 549 1972 (de
577 1933 664 1972 qua
690 1933 838 1972 supra,
864 1933 905 1959 n.
938 1919 1064 1972 148);
1097 1925 1144 1960 et
1171 1933 1230 1959 ex
1257 1918 1590 1972 significatione
1618 1917 1754 1958 “libri

248 1982 408 2031 vitae,'‘
430 1982 551 2036 quod
583 1983 640 2023 sit
673 1982 847 2023 caelum
878 1981 954 2036 (de
980 1996 1068 2036 qua
1099 1982 1346 2036 sequitur);
1380 1982 1485 2022 inde
1514 1985 1643 2022 “non
1674 1981 1753 2022 de-

249 2045 340 2086 lere
358 2059 523 2086 nomen
542 2041 634 2098 ejus
657 2059 681 2086 e
705 2045 817 2086 libro
835 2046 956 2086 vitae
967 2045 986 2060 ”
1004 2045 1228 2099 significat
1246 2046 1367 2099 quod
1391 2046 1434 2085 in
1458 2044 1585 2086 caelo
1607 2051 1752 2094 erunt,

249 2109 350 2162 quia
372 2115 519 2150 status
541 2122 696 2149 eorum
714 2109 863 2162 quoad
886 2122 1087 2150 amorem
1110 2116 1156 2150 et
1179 2108 1312 2149 fidem
1336 2108 1440 2149 talis
1463 2115 1547 2157 est,
1566 2109 1630 2149 ita
1652 2109 1755 2162 quia

188 2179 194 2186 '
249 2172 377 2213 caelo
401 2173 736 2213 accommodati
763 2179 880 2213 sunt.
943 2172 1078 2225 Quod
1104 2186 1183 2226 per
1206 2173 1406 2213 “librum
1429 2173 1553 2213 vitae
1568 2172 1588 2187 ''
1614 2172 1753 2225 signi-

249 2234 406 2276 ficetur
446 2236 634 2285 caelum,
673 2242 743 2277 est
782 2237 885 2290 quia
924 2236 1062 2277 homo
1096 2231 1173 2290 'qui
1214 2237 1259 2276 in
1299 2250 1453 2276 amore
1495 2242 1541 2277 et
1581 2235 1669 2276 fide
1709 2236 1753 2276 in

250 2299 495 2339 Dominum
533 2306 617 2348 est,
650 2301 695 2340 in
734 2301 918 2340 minima
949 2299 1097 2353 effigie
1132 2306 1202 2340 est
1235 2299 1424 2348 caelum,
1458 2306 1504 2340 et
1542 2299 1627 2339 hoc
1661 2298 1754 2351 ejus

249 2363 575 2416 correspondet
599 2362 728 2404 caelo
754 2364 797 2403 in
825 2364 1025 2403 maxima
1047 2362 1223 2415 effigie;
1256 2369 1531 2416 quapropter
1553 2362 1627 2416 qui
1649 2375 1753 2402 cae-

250 2425 341 2466 lum
364 2426 408 2465 in
431 2439 479 2466 se
501 2425 655 2474 habet,
678 2426 817 2466 etiam
842 2427 887 2466 in
911 2425 1085 2466 caelum
1107 2427 1247 2474 venit,
1271 2432 1340 2466 est
1365 2426 1483 2466 enim
1505 2426 1545 2466 ei
1571 2438 1754 2465 accom-

251 2485 480 2525 mOdatUS.
532 2495 645 2533 (Quod
657 2496 727 2524 talis
740 2496 1022 2533 correspondentia
1034 2497 1082 2530 sit,
1096 2496 1242 2525 videatur
1253 2496 1285 2524 in
1298 2505 1394 2533 opere
1408 2496 1459 2524 Dc
1474 2496 1564 2525 Caelo
1576 2498 1607 2524 et
1617 2495 1754 2534 Inferna,

248 2563 279 2582 n.
294 2554 404 2590 51-58.
417 2561 527 2589 73-77.
542 2554 679 2588 87-102;
708 2553 785 2582 etin
803 2553 963 2582 Doltrina
981 2549 1091 2582 Novae
1110 2553 1353 2590 Hierosolymae.
1373 2561 1405 2582 n.
1426 2552 1592 2591 230—236.)
1636 2542 1753 2582 Inde

249 2611 320 2645 est
354 2604 475 2657 quod
503 2603 655 2644 “liber
685 2604 839 2646 vitae”
871 2605 929 2646 sit
960 2605 1004 2645 id
1036 2605 1155 2658 apud
1186 2604 1416 2644 hominem
1449 2604 1570 2657 quod
1603 2617 1753 2645 corre-

252 2667 449 2720 spondet
487 2666 615 2707 caelo
651 2667 770 2720 apud
807 2666 946 2708 illum.
1010 2667 1113 2708 Hoc
1145 2668 1248 2721 quia
1279 2673 1434 2708 manet
1472 2667 1591 2720 apud
1628 2666 1754 2707 illum

249 2731 294 2771 in
325 2737 577 2778 aeternum,
611 2730 646 2770 si
678 2728 822 2771 faetus
853 2737 924 2772 est
956 2730 1199 2783 spiritualis
1230 2744 1310 2783 per
1341 2731 1630 2782 cognitiones
1661 2731 1754 2770 veri

249 2799 296 2834 et
342 2793 448 2833 boni
490 2792 742 2846 applicatas
782 2793 905 2833 vitae
947 2793 991 2833 in
1034 2793 1218 2842 mundo,
1256 2793 1358 2833 ideo
1401 2793 1563 2833 dicitur
1606 2791 1753 2833 “Non

249 2855 414 2897 delebo
440 2869 607 2896 nomen
639 2854 732 2907 ejus
758 2869 783 2895 e
814 2854 928 2896 libro
959 2854 1089 2896 illo:’'
1121 2856 1164 2896 in
1197 2855 1367 2896 mundo
1397 2855 1580 2908 quidem
1613 2854 1753 2895 deleri

249 2925 403 2971 potest
439 2919 474 2959 si
510 2918 649 2959 homo
681 2931 771 2958 non
809 2925 1045 2971 permanet
1082 2917 1324 2972 spiritualis
1356 2931 1495 2972 usque
1528 2918 1584 2958 ad
1616 2916 1752 2957 finem

249 2982 396 3033 vitae;
429 2982 507 3023 sed
540 2982 575 3022 si
606 2987 843 3035 permanet
870 2995 960 3023 non
987 2981 1127 3023 deleri
1158 2987 1328 3035 potest,
1352 2982 1454 3035 quia
1486 2977 1750 3033 conjunctus
