2060 3476
685 363 794 397 CAP.
818 363 885 404 11.,
908 361 1048 395 VERs.
1076 361 1248 407 17.—N.
1277 352 1367 405 148.
1695 351 1776 405 189

277 479 436 521 vivunt
467 477 716 520 secundum
752 481 998 531 praecepta
1035 474 1234 524 Domini,
1268 479 1316 516 et
1352 478 1611 527 agnoscunt
1648 472 1767 513 Divi-

278 556 386 583 num
423 543 467 583 in
506 541 722 582 Humano
759 541 917 595 IpsiuS,
951 540 1149 594 aperitur
1184 552 1313 579 mens
1350 537 1548 586 interior,
1582 542 1630 578 et
1667 542 1774 577 tunc

278 605 418 646 homo
444 605 494 647 fit
521 604 790 659 spiritualis3
823 610 871 644 at
893 603 967 657 qui
994 615 1085 643 non
1108 603 1173 642 ita
1194 602 1367 650 vivunt,
1393 614 1475 641 nec
1499 605 1774 653 agnoscunt,

279 673 470 708 manent
498 666 748 707 naturales.
806 675 919 715 (Quod
937 679 1037 704 status
1056 674 1139 703 vitae
1157 673 1312 702 interioris
1330 682 1388 702 seu
1406 672 1575 710 spiritualis
1593 672 1633 701 sit
1650 671 1779 709 ignotus

277 729 426 758 omnibus
441 728 499 757 illis
514 728 568 765 qui
585 736 652 757 non
672 727 704 756 in
718 735 828 756 amore
842 726 967 755 caelesti
982 730 1065 759 sunt,
1080 725 1225 753 videatur
1238 724 1271 753 in
1286 733 1382 761 opere
1397 724 1449 752 De
1474 723 1566 752 Caelo
1587 726 1619 751 et
1638 723 1777 760 Inferna,

277 787 309 808 n.
329 785 480 816 395—414,
500 782 532 807 et
549 778 583 807 in
602 777 760 807 Doc'trina
777 777 888 806 Novae
905 776 1150 813 Hierosolymae,
1170 783 1201 804 n.
1223 781 1292 811 105,
1311 774 1396 812 238.)
1472 762 1610 815 Quod
1651 766 1677 782 “
1693 774 1775 801 ΠΟ-

278 830 414 872 men''
435 831 480 871 in
502 829 659 871 Verbo
682 828 906 882 significet
929 827 1062 881 quale
1087 832 1251 875 status,
1276 831 1462 880 constat
1489 839 1548 866 ex
1575 823 1777 878 plurimis

278 893 391 935 locis
428 894 500 942 ibi,
534 886 724 947 quorum
755 891 905 945 aliqua
940 891 1028 940 hic,
1062 889 1420 931 confirmationis
1457 901 1607 937 causa,
1640 886 1777 928 velim

279 957 506 998 adducere
522 956 661 998 z—Ut
687 955 807 1009 apud
832 954 1038 1003 Esaiam,

349 1060 371 1074 ‘¹
382 1058 516 1094 Tollite
533 1057 569 1089 in
586 1057 697 1089 altum
716 1056 839 1088 oeulos
856 1061 1008 1093 vestros,
1025 1060 1061 1086 et
1077 1054 1195 1086 videte
1211 1063 1219 1092 ;
1243 1053 1322 1095 quis
1336 1053 1471 1084 creavit
1486 1052 1596 1085 haec?
1619 1051 1678 1093 qui
1695 1051 1780 1083 edu-

453 1102 500 1134 cit
516 1102 552 1134 in
570 1110 722 1133 numero
739 1100 945 1137 exercitum,
965 1108 1094 1131 omnes
1111 1098 1258 1130 nomine
1275 1103 1382 1129 vocat
1392 1096 1411 1108 ''
1428 1095 1490 1137 (xl.
1507 1095 1562 1136 26)
1577 1106 1585 1134 ;

282 1205 481 1243 “omnes
507 1200 691 1241 nomine
716 1205 854 1240 vocat
865 1198 884 1214 ’'
910 1204 981 1239 est
1003 1197 1125 1252 quod
1151 1197 1266 1238 sciat
1292 1209 1452 1237 omnes
1472 1194 1629 1249 quales
1655 1200 1776 1243 sunt,

279 1272 327 1307 et
363 1265 451 1306 illis
483 1265 562 1305 det
593 1263 843 1304 secundum
879 1268 1052 1303 statum
1089 1261 1255 1302 amoris
1285 1266 1333 1301 et
1369 1259 1471 1300 fidei
1508 1258 1627 1312 apud
1661 1257 1777 1299 illos.

279 1328 419 1383 Apud
445 1328 714 1376 Johannem,
1316 1328 1319 1331 '

348 1418 453 1461 “Qui
477 1418 676 1459 ingreditur
699 1426 764 1458 per
786 1416 932 1454 ostium,
951 1421 1076 1456 pastor
1099 1420 1154 1446 est
1170 1413 1313 1451 ovium;
1337 1412 1419 1444 huic
1443 1412 1566 1453 aperit!
1580 1411 1726 1452 janitor,
1745 1416 1782 1442 et

455 1473 542 1494 oves
566 1471 693 1493 vocem
717 1461 796 1502 ejus
820 1460 981 1497 audiunt,
1008 1466 1044 1491 et
1067 1468 1152 1490 suas
1176 1467 1264 1489 oves
1289 1457 1437 1488 nomine
1461 1461 1577 1493 vocat,
1605 1461 1640 1487 et
1663 1455 1781 1487 educit

455 1516 517 1538 eas
529 1505 547 1518 '¹
565 1505 612 1545 (x,
630 1514 660 1543 2,
679 1504 711 1545 3)
726 1514 733 1543 ;

281 1583 499 1625 similiter.
561 1582 701 1636 Apud
726 1581 932 1630 Esaiam,

351 1669 374 1682 ‘⁸
387 1667 444 1699 Sic
468 1666 519 1698 ait
541 1665 704 1708 Jehovah
722 1664 872 1697 Creator
889 1670 971 1696 tuus
987 1663 1109 1706 Jacob,
1129 1669 1165 1695 et
1190 1662 1380 1694 Formator
1396 1667 1477 1693 tuus
1503 1660 1635 1692 Israel:
1669 1659 1724 1692 Ne
1740 1660 1782 1692 ti-

455 1715 565 1748 meto,
585 1719 669 1741 nam
687 1709 822 1740 redemi
840 1714 886 1746 te,
906 1709 941 1740 et
958 1708 1084 1739 vocavi
1101 1713 1136 1739 te
1154 1707 1300 1738 nomine
1315 1715 1323 1745 ;
1349 1705 1439 1737 Mihi
1456 1704 1522 1737 tu”
1540 1705 1639 1746 (xliii.
1658 1704 1689 1745 1)
1704 1713 1711 1743 ;

281 1787 400 1842 apud
426 1786 636 1835 eundem,

350 1871 372 1885 ‘¹
387 1870 436 1903 Ut
461 1879 660 1910 cognoscas
685 1868 780 1910 quod
810 1867 888 1908 Ego
914 1867 1089 1910 Jehovah,
1119 1867 1178 1908 qui
1204 1875 1418 1898 vocaveram
1444 1865 1592 1896 nomine
1618 1869 1680 1895 tuo
1684 1888 1777 1902 .....

456 1919 602 1954 propter
618 1922 762 1944 servum
788 1922 908 1944 meum
932 1911 1106 1954 Jacobum
1132 1917 1168 1943 et
1193 1910 1365 1942 Israelem
1383 1908 1537 1941 eledium
1555 1917 1697 1946 meum;
1721 1917 1783 1939 vo-

455 1958 534 1989 cav'i
551 1963 586 1989 te
603 1957 751 1988 nomine
768 1962 830 1988 tuo
847 1966 928 1987 cum
947 1965 1021 1987 non
1039 1965 1207 1987 nosceres
1226 1954 1315 1986 Me”
1332 1954 1417 1994 (xIV.
1435 1962 1466 1993 3,
1482 1953 1537 1993 4);

283 2057 483 2099 “vocavi
520 2062 568 2097 te
605 2056 789 2096 nomine
827 2054 947 2104 tu0,”,
979 2060 1049 2095 est
1081 2053 1201 2108 quod
1240 2053 1417 2094 noverit
1453 2051 1597 2106 qualis
1635 2057 1783 2092 status

281 2120 518 2170 ecclesiae,
543 2133 648 2160 nam
674 2119 856 2172 “Jacob
868 2118 888 2134 ’'
910 2125 957 2159 et
978 2121 1003 2138 ‘⁴
1018 2117 1190 2159 Israel''
1213 2123 1318 2158 sunt
1341 2115 1550 2164 ecclesia,
1573 2114 1782 2168 “Jacob‘’

281 2181 483 2225 ecclesia'
501 2189 709 2231 externa,
734 2189 781 2224 et
807 2181 988 2223 “Israel
1000 2181 1020 2196 '’
1042 2180 1237 2222 ecclesia
1264 2181 1456 2221 interna.
1510 2178 1649 2232 Apud
1672 2191 1782 2219 eun-

282 2247 403 2296 dem,

349 2335 473 2374 Israel,
497 2336 519 2350 ‘⁴
530 2336 561 2368 si
577 2335 818 2367 auscultasses
842 2335 1042 2376 praeceptis
1059 2334 1149 2366 meis
1164 2343 1187 2370 ς.
1202 2358 1210 2366 .
1223 2358 1231 2366 .
1246 2343 1335 2366 ‚non
1353 2333 1511 2364 excisum
1530 2341 1646 2373 neque
1659 2330 1785 2372 perdi-

456 2386 531 2412 tum
549 2379 676 2415 fuisset
693 2390 827 2411 nomen
844 2379 923 2420 ejus
941 2388 1062 2410 coram
1082 2378 1143 2410 Me
1155 2377 1173 2390 '’
1190 2377 1315 2418 (xlviii.
1335 2374 1425 2419 [18,]
1447 2376 1500 2417 19)
1515 2386 1522 2415 ;

285 2473 531 2515 “exscindi
557 2479 603 2514 et
630 2473 756 2527 perdi
786 2486 955 2514 nomen
982 2485 1135 2513 coram
1160 2470 1408 2524 Jehovah‚”
1434 2476 1505 2511 est
1531 2469 1664 2524 quale
1690 2476 1783 2510 sta-

272 2544 356 2579 *tus
388 2551 467 2591 per
492 2550 626 2590 quem
656 2536 958 2589 conjungitur,
986 2536 1060 2590 qui
1092 2542 1241 2576 status
1267 2541 1338 2576 est
1365 2540 1514 2576 status
1540 2533 1784 2587 spiritualis

282 2600 400 2641 illius
440 2601 515 2654 qui
555 2600 613 2640 ab
653 2599 847 2640 ecclesia
885 2613 999 2653 quae
1040 2612 1119 2652 per
1162 2597 1450 2639 “Israelem”
1491 2596 1782 2650 significatur.

282 2663 423 2718 Apud
449 2663 659 2712 eundem,

351 2752 742 2837 ιι]εὴονε·11”ῗῦ1.ιιῐετ)ο
758 2753 901 2785 vocavit
926 2751 998 2791 Me,
1021 2762 1044 2785 a
1066 2752 1264 2785 visceribus
1288 2752 1413 2784 matris
1438 2751 1603 2783 meminit
1627 2750 1784 2782 nominis

458 2807 529 2829 mei
589 2807 674 2829 xix.
697 2805 711 2828 1
743 2807 751 2834 ;

286 2891 531 2936 “meminit
558 2891 752 2932 nominis
778 2890 906 2940 mei,”
927 2897 998 2932 est
1024 2889 1168 2945 qualis
1195 2896 1279 2932 est.
1341 2889 1481 2943 Apud
1508 2888 1718 2936 eundem,

353 2982 376 2997 “
389 2980 540 3022 Propter
557 2980 706 3012 Zionem
724 2990 797 3011 non
815 2981 952 3017 tacebo,
969 2985 1005 3012 et
1021 2986 1168 3021 propter
1186 2980 1479 3021 Hierosolymam
1498 2970 1571 3010 tion
1589 2978 1781 3019 quiescam,

463 3049 473 3057 .
486 3049 496 3058 .
508 3050 515 3057 .
530 3031 582 3057 .et
599 3025 772 3056 videbunt
795 3030 922 3065 gentes
946 3024 1120 3065 justitiam
1147 3022 1290 3067 [tuam],
1311 3030 1346 3056 et
1363 3033 1491 3055 omnes
1509 3032 1612 3063 reges
1632 3021 1782 3062 gloriam
