2060 3476
688 363 794 396 CAP.
817 364 863 405 1.,
886 362 1026 395 VERS.
1048 354 1197 395 6.—N.
1226 355 1365 409 31[a].
1721 365 1772 408 33

275 482 513 519 vertuntur
538 476 655 531 apud
687 476 790 517 illos
820 477 864 517 in
896 476 1156 530 spiritualia,
1184 477 1394 531 quoniam
1426 476 1489 518 illi
1520 477 1774 531 spirituales

274 548 379 582 sunt
405 547 452 582 et
481 554 572 581 non
599 540 854 591 naturales;
887 541 951 581 ita
978 540 1159 589 “caro,’'
1184 541 1258 581 ubi
1284 537 1446 581 dicitur
1471 541 1527 581 de
1560 541 1772 589 Domino,

274 606 318 646 in
341 604 553 645 Divinum
572 603 761 651 Bonum,
777 610 824 644 et
841 605 1061 657 “sanguis
1073 604 1092 619 ’'
1106 605 1150 645 in
1170 604 1382 644 Divinum
1397 603 1584 653 Verum,
1600 611 1773 645 utrum-

274 682 360 722 que
386 667 636 721 procedens
662 681 689 708 a
715 667 925 708 Domino.
987 666 1122 720 Quod
1150 667 1325 708 “caro’'
1347 674 1393 708 et
1418 667 1669 721 “sanguis'’
1691 682 1773 709 no·

274 731 500 772 minentur
530 731 574 771 in
606 744 739 771 sensu
775 730 954 772 litterae
986 731 1140 779 Verbi,
1175 737 1244 771 est
1281 744 1417 771 causa
1447 737 1496 772 ut
1528 732 1775 785 spiritualia

274 794 673 848 correspondentia
690 794 992 848 percipiantur
1005 795 1050 835 in
1065 794 1193 835 caelo
1209 808 1217 835 :
1243 808 1346 835 narn
1361 796 1511 835 omnia
1526 796 1774 849 spiritualia

273 858 485 899 desinunt
511 859 555 898 in
581 857 815 907 naturalia,
843 864 890 898 et
921 859 965 898 in
997 858 1064 899 his
1096 858 1267 899 habent
1296 872 1423 899 suum
1456 858 1640 912 planum
1666 859 1772 900 ulti-

274 935 395 962 mum
411 935 421 972 ;
453 935 590 975 quare
616 921 828 962 Divinum
854 922 1079 962 transiens
1106 921 1258 962 caelos
1283 922 1447 963 desinit
1474 923 1517 963 in
1549 923 1607 971 id,
1635 929 1681 964 et
1713 923 1773 964 ibi

273 985 489 1034 subsistit,
518 986 823 1038 comparative
854 986 969 1026 sicut
996 986 1156 1026 domus
1188 999 1320 1039 super
1348 999 1428 1026 suo
1459 986 1770 1035 fundamento,

272 1056 320 1091 et
345 1055 452 1090 tunc
478 1055 549 1089 est
573 1049 618 1088 in
645 1062 726 1089 suo
751 1048 914 1102 pleno;
946 1049 1050 1089 inde
1076 1055 1146 1089 est
1172 1050 1292 1103 quod
1319 1049 1520 1090 Verbum
1547 1051 1592 1090 in
1619 1049 1774 1091 littera

272 1111 364 1154 tale
383 1113 454 1161 sit,
473 1118 519 1153 et
538 1112 658 1165 quod
678 1112 841 1153 “caro’'
855 1119 902 1154 et
922 1113 1134 1166 “sanguis
1147 1112 1166 1127 ”
1181 1113 1482 1154 nominentur.
1525 1113 1614 1154 Sed
1632 1128 1772 1168 usque

271 1177 488 1217 mirantur
513 1175 664 1228 angeli
689 1176 810 1229 quod
841 1176 979 1217 homo
1005 1175 1237 1224 ecclesiae,
1266 1177 1339 1230 qui
1365 1190 1424 1217 ex
1451 1176 1608 1218 Verbo
1634 1178 1772 1219 etiam

271 1239 512 1293 spiritualis
534 1238 626 1279 fieri
652 1246 821 1292 potest,
844 1253 936 1280 non
958 1239 1076 1280 ultra
1098 1253 1278 1281 sensum
1302 1240 1482 1281 litterae
1504 1254 1552 1281 se
1574 1242 1773 1294 patiatur

271 1303 450 1351 elevari,
483 1316 535 1343 ac
573 1303 629 1343 de
667 1302 865 1344 Domino
901 1309 948 1344 et
972 1303 1131 1356 (Ipsius
1167 1317 1302 1344 carne
1339 1312 1385 1344 et
1423 1306 1642 1357 sanguine
1680 1319 1771 1346 non

271 1366 562 1419 spiritualiter
583 1366 663 1407 sed
685 1366 980 1407 materialiter
997 1367 1224 1419 cogitare:
1258 1367 1338 1407 sed
1356 1368 1459 1420 quia
1480 1369 1627 1409 mirati
1650 1375 1770 1416 sunt.

271 1436 317 1471 et
354 1428 523 1471 dietum
559 1436 628 1470 est
665 1429 751 1470 illis
783 1430 905 1484 quod
941 1429 1155 1483 plerique,
1189 1431 1405 1484 imprimis
1441 1432 1681 1485 simplices,
1714 1433 1771 1473 de

270 1490 357 1532 illis
382 1491 674 1545 spiritualiter
699 1494 933 1546 cogitent;
966 1499 1242 1547 quapropter
1267 1494 1636 1547 exploraverunt,
1664 1509 1770 1536 num

270 1553 427 1608 aliquis
465 1555 782 1609 spiritualiter;
824 1563 870 1597 et
908 1558 1129 1610 comperti
1170 1564 1274 1598 sunt
1311 1558 1431 1611 quod
1473 1558 1686 1612 plerique,
1723 1567 1770 1601 et

268 1617 358 1659 sere
380 1632 539 1660 omnes
561 1620 800 1673 simplices,
825 1633 925 1661 cum
948 1620 1186 1662 obiverunt
1212 1619 1426 1662 Sanctam
1450 1621 1636 1671 Cenam,
1660 1623 1770 1664 nihil

269 1682 571 1735 cogitaverint
608 1683 664 1724 de
700 1697 835 1724 carne
870 1690 917 1725 et
953 1685 1186 1737 sanguine,
1219 1685 1298 1725 sed
1335 1685 1481 1725 'solum
1518 1686 1574 1742 de
1610 1685 1770 1728 sancto

268 1746 388 1799 quod
414 1745 500 1786 illis
522 1752 629 1787 tunc
655 1760 682 1787 a
708 1747 930 1797 Domino;
963 1754 1010 1788 et
1032 1754 1330 1801 perceperunt
1352 1749 1472 1802 quod
1498 1749 1583 1790 hoc
1601 1749 1770 1803 jugiter

268 1809 556 1862 provideatur
587 1824 614 1851 a
650 1810 862 1860 Domino,
895 1811 955 1852 ob
991 1824 1172 1852 causam
1209 1818 1258 1852 ut
1294 1812 1432 1853 homo
1468 1813 1687 1854 ecclesiae
1723 1815 1767 1855 in

268 1872 484 1925 spirituali
510 1873 610 1914 idea
635 1879 742 1914 tunc
770 1875 841 1922 sit,
865 1880 912 1915 et
938 1887 1028 1915 non
1055 1875 1098 1915 in
1125 1875 1360 1916 materiali.
1422 1875 1557 1928 Quod
1583 1878 1766 1918 materi—

267 1936 348 1976 alis
379 1937 669 1978 manducatio
704 1936 938 1978 intellecta
969 1938 1026 1978 sit
1063 1945 1109 1979 et
1141 1946 1324 1992 recepta
1359 1939 1402 1980 in
1435 1938 1663 1990 doetrinis,
1697 1948 1766 1982 est

267 2012 400 2040 causa
415 2001 516 2054 quia
530 2001 586 2041 de
606 2000 820 2041 Humano
837 2001 1020 2041 Domini
1035 2002 1350 2055 cogitaverunt
1366 2004 1481 2044 sicut
1496 2004 1552 2054 de
1569 2004 1766 2046 humano

266 2063 378 2103 alius
410 2064 617 2113 hominis,
651 2071 698 2105 et
736 2078 827 2105 non
864 2071 972 2105 tunc
1007 2065 1137 2105 simul
1171 2065 1228 2106 de
1266 2065 1431 2107 Divino
1468 2068 1512 2107 in
1551 2067 1766 2109 Humano

267 2126 425 2180 Ipsius,
464 2127 714 2179 rejicientes
751 2141 910 2169 vocem
949 2128 1100 2169 Divini
1140 2128 1365 2180 Humani;
1413 2136 1460 2171 et
1497 2132 1571 2184 qui
1608 2132 1673 2172 ita
1709 2132 1766 2172 de

268 2189 482 2231 Humano
518 2182 701 2231 Domini
738 2192 1068 2244 cogitaverunt,
1102 2205 1193 2233 non
1230 2199 1475 2246 potuerunt
1512 2195 1595 2234 nisi
1631 2208 1765 2248 quam

267 2253 560 2294 materialiter
581 2254 637 2294 de
663 2267 797 2295 carne
823 2261 869 2295 et
895 2256 1114 2308 sanguine
1141 2255 1284 2309 Ipsius
1311 2257 1538 2310 cogitare:
1573 2257 1704 2298 aliter
1729 2259 1766 2299 si

266 2317 591 2370 cogitavissent
617 2317 674 2358 de
700 2317 898 2359 Domino
920 2319 1165 2360 secundum
1189 2317 1441 2360 doffitrinam
1464 2321 1763 2363 universalem

266 2379 498 2430 ecclesiae,
526 2395 639 2435 quae
665 2388 735 2422 est
761 2382 881 2435 quod
914 2382 1126 2423 Divinum
1158 2389 1204 2424 et
1238 2383 1500 2424 Humanum
1532 2384 1676 2438 Ipsius
1706 2385 1763 2426 sit

266 2443 396 2484 unica
427 2444 636 2494 Persona,
663 2458 714 2485 ac
741 2447 978 2499 utrumque
1004 2446 1176 2487 unitum
1203 2447 1318 2487 sicut
1343 2447 1494 2487 anima
1523 2454 1570 2488 et
1602 2461 1763 2501 corpus

268 2506 493 2560 (videatur
523 2521 669 2561 supra,
696 2522 738 2549 n.
771 2519 821 2549 10
850 2515 897 2550 et
929 2508 1018 2562 26).
1079 2509 1318 2550 Praeterea
1347 2511 1392 2550 in
1421 2510 1577 2551 Verbo
1609 2511 1762 2552 multis

264 2571 309 2611 in
335 2569 444 2611 locis
470 2572 727 2612 nominatur
754 2571 1014 2626 “sanguis,’'
1041 2578 1089 2614 ut
1115 2579 1161 2614 et
1188 2587 1364 2627 quoque
1389 2574 1432 2614 in
1457 2573 1736 2627 Apocalypsi

329 2670 394 2712 (Ut
410 2680 486 2711 cap.
502 2671 549 2703 vi.
568 2679 629 2709 123
653 2681 730 2712 cap.
742 2673 804 2705 vii.
822 2681 883 2712 14;
908 2682 984 2713 cap.
1000 2673 1072 2705 viii.
1091 2681 1120 2712 7,
1138 2673 1179 2712 8;
1203 2683 1279 2715 cap.
1295 2674 1342 2707 xi.
1358 2674 1400 2712 6;
1425 2685 1500 2715 cap.
1516 2675 1576 2707 xii.
1595 2684 1632 2707 11
1648 2685 1656 2715 ;
1681 2686 1757 2717 cap.

438 2715 509 2747 xiv.
525 2723 589 2754 2o;
613 2725 689 2756 cap.
705 2717 776 2749 xvi.
793 2725 824 2756 3,
839 2726 872 2756 4,
887 2717 930 2756 6;
954 2727 1030 2758 cap.
1046 2717 1143 2750 xviii.
1164 2726 1226 2757 24;
1251 2728 1326 2759 cap.
1338 2719 1409 2750 xix.
1426 2727 1458 2757 2,
1477 2719 1550 2759 13);

263 2823 400 2863 quare
425 2810 559 2851 velim
591 2812 635 2852 in
667 2812 956 2866 sequentibus
987 2826 1066 2867 per
1091 2812 1218 2867 plura
1239 2813 1502 2855 confirmare
1528 2815 1648 2868 quod
1680 2829 1756 2869 per

265 2874 568 2927 “sanguinem
581 2874 600 2890 ’'
622 2874 897 2928 significetur
916 2889 1071 2917 verum
1093 2877 1212 2930 quod
1239 2890 1265 2918 a
1291 2877 1503 2927 Domino,
1527 2891 1578 2919 ac
1605 2879 1649 2918 in
1675 2891 1756 2932 op-

262 2937 410 2989 posito
435 2951 568 2979 sensu
593 2937 752 2979 falsum
776 2937 1038 2980 violentiam
1064 2939 1256 2981 inferens
1282 2940 1345 2981 illi
1371 2955 1491 2982 vero.

331 3003 504 3059 31[a].
547 3014 660 3059 [Vers.
680 3013 730 3058 6.]
766 3011 791 3030 ¹¹
802 3007 852 3048 ft
866 3008 968 3049 fecii
984 3021 1058 3049 nos
1073 3021 1198 3062 reyes
1214 3012 1258 3050 et
1270 3007 1754 3062 sacerdotes.''—Quod
