2060 3476
342 320 422 374 536
749 329 1081 362 APOCALYPSIS
1100 330 1410 362 EXPLICATA.

514 442 619 474 Pater
636 443 742 474 habet
759 442 867 474 vitam
886 442 921 474 in
946 442 991 474 Se
1010 441 1105 483 Ipso,
1125 443 1175 475 ita
1197 443 1305 475 etiam
1328 442 1426 474 dedit
1451 441 1540 473 Filio
1557 442 1668 474 vitam
1690 442 1821 474 habere

512 486 548 516 in
566 485 611 517 Se
630 485 714 526 Ipso
725 485 744 498 ”
757 485 804 525 (v,
822 494 873 526 19,
891 494 943 521 21.
958 485 1033 526 26);

338 573 440 626 quia
473 573 697 621 Divinum,
731 573 850 627 quod
883 573 1103 614 Dominus
1128 579 1263 614 vocat
1298 571 1557 620 “Patrem‚'’
1582 571 1662 612 fuit
1694 584 1821 612 suum

339 635 565 684 Divinum,
585 642 631 677 et
655 650 744 677 non
767 636 887 677 aliud
910 636 1136 685 Divinum,
1156 636 1259 677 inde
1282 641 1491 677 constare
1514 640 1682 688 potest,
1701 634 1822 688 quod

338 698 546 751 quicquid
572 712 631 739 ex
656 698 787 740 Patre
809 699 975 740 fecerat
998 713 1057 740 ex
1076 698 1133 739 Se
1159 698 1328 747 fecerit,
1352 704 1398 739 et
1421 712 1596 751 quoque
1613 696 1822 752 quicquid

338 774 396 801 ex
438 760 664 811 Humano,
700 762 820 816 quod
855 768 989 802 vocat
1030 761 1231 802 “Filium
1249 760 1284 811 ;”
1322 767 1368 802 et
1405 762 1466 802 sic
1498 760 1619 814 quod
1655 761 1820 809 omnia,
1883 772 1887 778 ·

338 824 440 876 quia
465 838 524 864 ex
551 838 645 873 suo,
673 839 733 865 ex
759 825 936 878 propria
963 824 1170 878 potentia
1195 823 1364 864 fecerit.

416 904 548 948 310.
583 900 606 918 ⁸
618 895 679 935 Ex
696 895 801 936 tribu
819 895 1018 941 dehudae,
1040 894 1172 934 Radix
1192 893 1583 947 Bavidl8.''—-Quod
1600 893 1822 947 significet

334 962 418 1007 per
429 955 642 997 Divinum
654 957 822 997 Bonum
836 957 1004 997 unitum
1017 956 1180 997 Divino
1205 955 1312 997 Vero
1329 955 1374 996 in
1390 969 1467 996 suo
1479 955 1697 1004 Humano,
1714 968 1822 996 con-

339 1024 432 1059 stat
451 1032 509 1059 ex
525 1018 854 1072 significatione
869 1018 1290 1072 “tribusJehudae,”
1302 1018 1421 1073 quod
1436 1019 1525 1059 sint
1541 1019 1691 1059 omnia
1704 1018 1824 1059 bona

339 1082 382 1121 in
420 1081 677 1135 complexu,
711 1095 868 1123 omnes
905 1082 1023 1122 enim
1053 1081 1231 1122 “tribus
1266 1081 1443 1122 Israelis
1456 1081 1475 1096 ”
1507 1079 1822 1134 significabant

340 1145 490 1184 omnia
512 1159 617 1185 vera
639 1151 684 1185 et
708 1145 827 1185 bona
849 1144 962 1186 caeli
984 1151 1030 1185 et
1053 1143 1271 1185 ecclesiae
1297 1142 1372 1197 (de
1395 1158 1482 1197 quo
1505 1157 1651 1197 supra,
1671 1156 1712 1182 n.
1734 1142 1822 1196 39),

340 1213 385 1248 et
422 1207 694 1260 “Jehudah'’
731 1222 808 1248 seu
839 1207 981 1248 tribus
1012 1207 1105 1260 ejus
1137 1206 1419 1260 significabat
1456 1207 1624 1248 bonum
1659 1207 1824 1247 amoris

341 1267 554 1309 caelestis
585 1279 640 1317 (de
654 1288 720 1317 quo
734 1280 828 1309 etiam
843 1288 949 1317 supra,
965 1288 995 1309 n.
1016 1279 1029 1308 1
1044 1280 1107 1322 19,
1125 1283 1156 1308 et
1174 1279 1206 1307 in
1221 1279 1358 1308 Arcanis
1377 1279 1568 1312 Caelestibus.
1585 1287 1615 1307 n.
1631 1278 1721 1315 3654.
1735 1279 1824 1314 3881.

340 1332 750 1372 558315603.5782.6363)3
782 1322 885 1362 inde
907 1323 950 1362 in
972 1334 1183 1375 supremo
1200 1334 1348 1368 sensu,
1367 1321 1410 1361 in
1428 1334 1517 1374 quo
1534 1319 1590 1360 de
1609 1319 1823 1368 Domino,

341 1396 419 1436 per
443 1383 645 1424 “tribum
670 1382 904 1436 Jehudae”
927 1382 1205 1436 significatur
1227 1373 1438 1423 Divir'mm
1462 1381 1663 1422 Bonum:
1697 1387 1743 1422 et
1765 1394 1825 1422 ex

341 1444 668 1498 significatione
694 1446 916 1486 “Radicis
939 1445 1165 1495 Davidis‚”
1187 1445 1306 1499 quod
1329 1446 1386 1485 sit
1410 1444 1621 1485 Divinum
1639 1442 1824 1492 Verum,

341 1521 419 1560 per
443 1507 704 1549 “Davidem
717 1508 736 1523 ”
758 1509 877 1549 enim
903 1509 947 1549 in
970 1508 1124 1549 Verbo
1146 1507 1414 1560 intelligitur
1437 1507 1656 1548 Dominus
1678 1505 1826 1560 quoad

342 1569 554 1611 Divinum
570 1571 739 1612 Verum
761 1570 985 1624 (videatur
1002 1585 1148 1624 supra,
1169 1584 1214 1615 n..
1227 1569 1327 1624 205)
1348 1584 1356 1621 ;
1389 1570 1492 1611 inde
1511 1576 1595 1618 est,
1612 1569 1731 1624 quod
1749 1582 1828 1623 per

285 1670 288 1674 .
343 1636 441 1673 “ex
473 1634 591 1674 tribu
615 1634 831 1687 Jehudae,
861 1634 1013 1674 Radix
1042 1633 1267 1682 Davidis,'’
1293 1632 1578 1686 intelligatur
1607 1631 1827 1673 Dominus

342 1696 490 1749 quoad
525 1695 736 1736 Divinum
772 1696 946 1737 Bonum
981 1697 1154 1736 unitum
1189 1695 1354 1736 Divino
1380 1694 1504 1735 Vero
1536 1695 1580 1735 in
1613 1693 1828 1734 Humano

342 1758 500 1811 Ipsius.
554 1759 604 1799 In
621 1758 776 1800 Verbo
794 1760 837 1799 in
855 1772 988 1800 sensu
1006 1758 1098 1811 ejus
1117 1757 1296 1799 litterae
1314 1757 1605 1811 utplurimum
1620 1756 1829 1798 dicuntur

342 1821 444 1870 du0‚
469 1835 656 1875 quorum
683 1835 819 1862 unum
845 1821 1034 1862 involvit
1061 1821 1243 1870 bonum,
1267 1820 1459 1861 alterum
1482 1826 1635 1860 autem
1658 1832 1826 1867 verum,

341 1884 421 1924 sed
440 1884 528 1925 duo
546 1883 622 1924 illa
638 1884 971 1938 conjunguntur
984 1885 1027 1924 in
1046 1897 1181 1924 unum
1199 1885 1243 1924 in
1262 1897 1395 1924 sensu
1413 1884 1592 1937 interno
1606 1896 1683 1923 seu
1700 1882 1827 1935 spiri-

342 1945 452 1986 tuali
471 1946 577 1999 ejus,
597 1953 643 1988 et
662 1947 747 1988 hoc
766 1947 824 1987 ob
842 1946 1098 2000 conjugium
1115 1946 1221 1987 boni
1243 1952 1289 1987 et
1308 1946 1399 1986 veri
1421 1946 1465 1985 in
1483 1943 1669 1997 singulis
1688 1943 1828 1984 Verbi

346 2008 421 2061 (de
447 2022 535 2062 quo
561 2009 767 2050 videatur
789 2023 935 2063 supra,
960 2022 1000 2049 n.
1021 2010 1102 2061 238
1124 2007 1211 2057 fin„
1232 2006 1405 2061 288[b])
1425 2021 1434 2058 3
1467 2020 1600 2047 causa
1622 2012 1706 2055 est,
1726 2005 1829 2059 quia

343 2073 509 2113 bonum
542 2079 587 2113 et
615 2086 768 2113 verum
795 2073 839 2113 in
870 2072 998 2113 caelo
1025 2085 1113 2112 non
1146 2077 1250 2112 sunt
1287 2071 1375 2111 duo
1406 2069 1486 2111 sed
1516 2081 1666 2118 unum,
1695 2081 1829 2109 omne

343 2137 461 2177 enim
479 2135 710 2176 verum'ibi
728 2142 798 2176 est
815 2135 934 2176 boni.
982 2135 1203 2176 Dominus
1221 2134 1368 2188 quoad
1388 2133 1649 2174 Humanum
1667 2131 1829 2172 dicitur

346 2198 537 2239 “Radix
557 2198 774 2239 Davidis’'
792 2212 851 2239 ex
873 2212 927 2238 eo
949 2198 1051 2251 quia
1073 2210 1206 2238 omne
1229 2197 1440 2237 Divinum
1456 2195 1627 2236 Verum
1648 2194 1706 2235 ab
1723 2193 1830 2248 Ipso

344 2267 440 2311 est;
482 2262 596 2302 sicut
634 2261 772 2301 etiam
810 2261 960 2301 omnia
991 2261 1196 2301 existunt
1228 2265 1274 2300 et
1299 2259 1557 2299 ‘subsistunt
1588 2271 1647 2298 ex
1679 2257 1830 2298 radice

343 2337 446 2365 sua:
485 2325 588 2365 inde
620 2324 758 2365 etiam
784 2330 854 2365 est
886 2323 1005 2378 quod
1037 2323 1211 2364 dicatur
1245 2322 1437 2363 “Radix
1466 2320 1679 2375 Jischaji”
1710 2320 1829 2374 apud

343 2387 546 2436 Esaiam,

411 2483 522 2515 “Fiet
545 2483 580 2514 in
606 2483 662 2514 die
687 2483 748 2514 illo
767 2482 936 2514 Radicem
959 2481 1117 2524 jischaji,
1138 2491 1227 2522 quae
1251 2487 1350 2512 stans
1374 2481 1411 2512 in
1435 2481 1577 2521 signum
1602 2479 1827 2521 populorum,

515 2532 641 2567 gentes
659 2533 840 2568 quaerent,
860 2532 895 2557 et
911 2527 978 2558 erit
994 2527 1093 2567 quies
1112 2525 1229 2566 Ipsius
1245 2524 1387 2565 gloria’'
1404 2524 1463 2565 (xi.
1483 2524 1555 2564 10);

346 2620 639 2674 “Jischajus'’
665 2634 746 2674 pro
771 2621 964 2669 Davide,
991 2621 1095 2674 quia
1119 2625 1218 2660 erat
1244 2625 1376 2673 pater
1400 2618 1508 2672 ejus.

422 2697 545 2742 311.
584 2686 778 2739 “Aper-ire
798 2686 940 2726 librum
955 2688 1000 2726 et
1015 2685 1174 2725 solvet-o
1190 2687 1343 2736 septem
1358 2682 1492 2736 sigilla
1508 2681 1830 2735 ejus.”—Quod

344 2747 570 2800 significet
599 2746 719 2799 quod
737 2746 854 2786 sciat
880 2752 923 2786 et
950 2750 1179 2798 cognoscat
1201 2757 1349 2784 omnes
1377 2749 1419 2784 et
1446 2742 1664 2796 singulos,
1688 2747 1731 2782 et
1762 2754 1829 2781 oc-

342 2805 596 2846 cultissima
615 2804 826 2857 cujusvis,
846 2809 1032 2844 constat
1054 2816 1114 2843 ex
1135 2801 1223 2842 illis
1244 2815 1360 2855 quae
1381 2813 1515 2854 supra
1535 2799 1713 2853 (τι-299,
1730 2809 1826 2851 303,

345 2863 540 2918 304[a]),
564 2869 752 2905 ostensa
777 2869 898 2912 sunt,
925 2863 999 2903 ubi
1025 2861 1202 2903 similia.
1770 2867 1777 2874 ·
