2060 3476
322 350 403 405 596
730 360 1061 394 APOCALYPSIS
1093 361 1388 396 ExlecATA.

316 474 455 525 ferno,
489 481 534 516 et
571 489 649 528 per
685 475 728 515 id
766 474 867 516 illos
903 474 995 516 Sibi
1027 476 1327 530 appropriare,
1361 483 1407 518 et
1439 477 1500 518 sic
1533 476 1802 532 conjungere

315 537 495 587 Divino,
534 538 761 579 constabit
800 552 859 579 ex
899 537 1008 579 locis
1049 539 1092 579 in
1133 539 1288 580 Verbo
1329 540 1401 580 ubi
1439 540 1723 582 “redimere''
1756 549 1802 583 et

317 600 639 654 “redemptio’'
671 600 844 648 dicitur,
877 614 991 654 quae
1022 602 1132 642 infra
1163 602 1468 653 adducentur;
1506 609 1552 643 et
1586 605 1801 657 “sanguis

314 663 527 704 Domini‘’
551 662 774 716 significat
802 663 1014 704 Divinum
1037 663 1207 704 Verum
1235 665 1484 717 procedens
1510 666 1567 706 ab
1592 665 1723 719 Ipso;
1755 673 1801 708 et

313 726 415 780 quia
436 726 573 768 homo
596 741 674 781 per
690 727 994 780 receptionem
1014 726 1163 767 Divini
1184 727 1292 768 Veri
1314 741 1340 767 a
1358 727 1569 777 Domino,
1590 728 1798 770 liberatur

313 790 370 830 ab
402 789 595 839 Inferno,
622 796 668 831 et
700 789 985 842 conjungitur
1011 789 1115 842 Ipsi,
1144 789 1245 830 ideo
1277 804 1355 843 per
1382 791 1670 832 “Redemisti
1701 791 1800 833 Deo

313 866 395 893 nos
432 853 474 893 in
512 853 729 906 sanguine
760 852 878 899 tuos?
911 851 1187 904 significatur
1219 851 1473 906 conjunctio
1504 867 1604 895 cum
1636 854 1798 896 Divino

312 928 390 968 per
415 916 721 968 receptionem
747 915 896 955 Divini
923 914 1031 955 Veri
1057 915 1115 955 ab
1141 914 1258 968 Ipso.
1320 914 1453 968 Quod
1479 916 1548 957 hic
1575 930 1730 957 sensus
1755 917 1796 958 in

311 977 397 1018 illis
429 978 575 1019 verbis
611 978 768 1026 lateat,
803 990 938 1018 nemo
969 977 1121 1019 videre
1157 984 1310 1031 potest
1347 979 1419 1032 qui
1452 980 1495 1019 in
1533 979 1630 1026 solo
1666 994 1796 1022 sensu

312 1039 490 1081 litterae
521 1047 702 1091 manet;
744 1053 847 1080 nam
879 1040 923 1080 in
956 1054 1010 1080 eo
1042 1054 1174 1080 sensu
1206 1054 1295 1082 non
1327 1041 1445 1082 aliud
1476 1042 1615 1083 videri
1645 1049 1798 1096 potest

311 1116 443 1156 quam
469 1103 589 1157 quod
616 1116 694 1156 per
722 1103 932 1143 “occisus
958 1115 1005 1143 es
1018 1102 1037 1117 ”
1062 1102 1343 1156 intelligatur
1369 1104 1621 1154 crucifixus,
1648 1111 1694 1146 et
1720 1119 1797 1159 per

312 1165 579 1206 “redemisti
602 1179 683 1206 nos
705 1166 748 1206 in
770 1165 986 1218 sanguine
1003 1164 1113 1206 tuo”
1130 1165 1410 1219 intelligatur
1427 1167 1546 1220 quod
1568 1167 1796 1208 reconcili-

310 1229 450 1269 averit
489 1242 571 1269 nos
608 1229 727 1270 Patri
764 1242 843 1269 suo
879 1241 958 1282 per
996 1228 1254 1269 Passionem
1293 1229 1459 1279 crucis;
1504 1236 1549 1270 et
1587 1231 1688 1283 quia
1722 1230 1796 1272 ille

309 1304 464 1331 sensus
496 1298 565 1332 est
597 1305 753 1332 sensus
786 1290 979 1340 litterae,
1007 1297 1053 1332 et
1084 1289 1301 1332 hactenus
1327 1291 1532 1344 ignotum
1565 1292 1643 1333 fuit
1676 1293 1793 1347 quod

309 1354 496 1407 singulis
522 1354 662 1395 Verbi
687 1368 844 1395 sensus
869 1355 1070 1395 internus
1095 1355 1168 1408 qui
1195 1355 1436 1407 spiritualis
1462 1356 1581 1405 insit,
1609 1356 1711 1396 ideo
1736 1370 1795 1398 ex

307 1417 386 1459 illo
412 1431 558 1467 sensu,
587 1431 748 1472 nempe
774 1431 907 1458 sensu
933 1417 1124 1466 litterae,
1152 1415 1402 1458 doctrinam
1429 1418 1645 1459 ecclesiae
1671 1418 1792 1459 illam

307 1480 507 1522 fecerunt
533 1481 653 1535 quod
686 1481 837 1535 Ipsum
864 1481 1089 1529 Divinum,
1117 1480 1237 1534 quod
1270 1480 1448 1521 Patrem
1475 1487 1655 1530 vocant,
1682 1480 1792 1534 reje-

308 1544 418 1584 cerit
450 1557 475 1584 a
506 1543 564 1585 Se
595 1550 743 1585 totum
774 1557 916 1596 genus
948 1543 1206 1592 humanum,
1237 1549 1283 1584 et
1315 1543 1435 1596 quod
1469 1543 1687 1584 Dominus
1713 1558 1792 1597 per

307 1606 567 1647 Passionem
592 1608 733 1648 crucis
760 1606 1129 1654 reconciliaverit,
1158 1611 1205 1647 et
1231 1607 1293 1646 sic
1325 1606 1446 1660 quod
1472 1606 1703 1647 salventur
1728 1606 1791 1647 illi

307 1681 388 1722 pro
423 1670 580 1722 quibus
616 1669 869 1710 intercedit.
942 1668 1053 1722 Quis
1090 1682 1202 1716 non,
1233 1669 1301 1709 cui
1339 1668 1495 1722 aliquis
1537 1667 1793 1710 intellectus

278 1724 287 1731 ”
306 1731 554 1773 illustratus
576 1738 659 1781 est,
683 1732 834 1773 videre
859 1737 1012 1785 potest
1034 1731 1264 1785 quodhoc
1287 1730 1535 1772 doctrinale
1557 1732 1614 1772 sit
1635 1738 1794 1781 contra

308 1794 459 1848 Ipsum
501 1795 741 1836 Divinum?
817 1795 969 1848 Ipsum
1002 1794 1213 1835 Divinum
1245 1795 1363 1835 enim
1396 1807 1613 1848 nusquam
1653 1793 1792 1851 rejicit

306 1857 499 1911 aliquem
540 1858 770 1899 hominem
802 1871 828 1898 a
864 1856 935 1906 Se,
968 1863 1091 1898 amat
1129 1857 1246 1897 enim
1279 1870 1450 1906 omnes,
1483 1863 1530 1898 et
1561 1857 1664 1898 inde
1695 1857 1791 1904 vult

306 1921 504 1961 omnium
542 1921 760 1970 salutem;
804 1926 849 1961 et
886 1933 1062 1974 quoque
1100 1926 1259 1960 contra
1292 1920 1435 1972 ipsum
1474 1919 1685 1959 Divinum
1721 1925 1791 1960 est

306 1984 582 2025 reconciliari
613 1997 692 2037 per
722 1983 981 2025 effusionem
1014 1983 1256 2036 sanguinis,
1290 1989 1336 2024 et
1368 1983 1411 2023 in
1444 1982 1790 2023 misericordiam

306 2047 447 2100 redigi
469 2060 547 2100 per
564 2047 848 2088 intuitionem
868 2046 1090 2087 Passionis
1109 2047 1249 2087 crucis
1272 2046 1630 2099 quam-sustinuit
1649 2045 1790 2098 Ipsius

306 2109 459 2158 Filius,
479 2116 524 2151 et
547 2110 666 2163 quod
692 2110 795 2150 inde
821 2110 878 2150 sit
906 2109 996 2162 Ipsi
1021 2109 1322 2149 misericordia
1347 2115 1393 2149 et
1419 2121 1508 2148 non
1530 2121 1556 2148 a
1578 2107 1634 2148 Se
1658 2108 1789 2161 Ipso;

305 2178 352 2213 et
390 2174 572 2213 tametsi
610 2173 694 2214 hoc
735 2179 805 2213 est
842 2178 1001 2212 contra
1037 2172 1279 2212 essentiam
1314 2171 1537 2219 Divinam,
1573 2184 1710 2224 usque
1747 2171 1791 2211 id

306 2236 488 2276 credere
509 2242 675 2276 vocant
701 2236 844 2289 ipsam
867 2235 1001 2275 fidem
1028 2248 1105 2274 seu
1131 2233 1263 2274 fidem
1285 2233 1620 2287 justificantem.
1682 2232 1792 2286 Quis

306 2300 443 2340 etiam
483 2312 542 2340 ex
580 2299 754 2340 ratione
795 2298 1019 2338 illustrata
1058 2297 1260 2349 cogitare
1300 2303 1452 2350 potest
1493 2296 1612 2349 quod
1653 2297 1792 2337 totius

307 2361 459 2402 mundi
477 2368 666 2415 peccata
687 2362 730 2402 in
750 2361 992 2401 Dominum
1011 2359 1232 2400 translata
1253 2359 1426 2407 fuerint,
1446 2364 1491 2399 et
1514 2359 1569 2399 ab
1591 2371 1791 2412 unoquo·

306 2425 371 2464 vis
394 2425 467 2478 qui
493 2424 637 2465 solum
659 2424 781 2465 illam
804 2423 936 2464 fidem
959 2423 1096 2463 habet
1119 2422 1271 2462 ablata
1297 2422 1415 2462 sint?
1475 2421 1564 2462 Sed
1590 2422 1646 2461 sit
1672 2421 1791 2474 quod

306 2488 416 2528 haec
443 2486 646 2528 dofflina
672 2489 729 2528 sit
761 2486 1010 2540 apudillos
1042 2486 1114 2539 qui
1145 2499 1235 2526 non
1261 2485 1378 2526 ultra
1403 2498 1582 2525 sensum
1614 2484 1792 2525 litterae

307 2551 526 2604 cogitant,
565 2557 611 2592 at
652 2565 790 2604 usque
823 2549 994 2603 angeli,
1036 2550 1110 2603 qui
1149 2548 1267 2602 apud
1307 2548 1509 2589 homines
1545 2554 1662 2596 sunt,
1701 2561 1790 2588 non

307 2614 558 2667 percipiunt
598 2613 675 2654 illa
710 2613 956 2654 secundum
994 2625 1094 2653 eum
1131 2624 1324 2660 sensum,
1358 2624 1510 2651 verum
1548 2610 1790 2650 secundum

306 2689 487 2717 sensum
509 2676 784 2730 spiritualem
802 2690 811 2726 ;
843 2682 948 2716 sunt
966 2676 1083 2716 enim
1103 2673 1369 2727 spirituales;
1393 2679 1438 2714 et
1461 2673 1563 2713 inde
1585 2673 1790 2726 spiritua-

306 2739 408 2780 liter
425 2746 471 2780 et
489 2753 578 2780 non
598 2739 861 2779 naturaliter
878 2740 1083 2791 cogitant
1100 2751 1108 2778 :
1137 2738 1180 2778 hi
1198 2751 1276 2790 per
1294 2737 1549 2777 “redimere
1563 2735 1789 2776 hominem
1852 2790 1855 2793 Ι

306 2803 348 2842 in
376 2803 592 2855 sanguine
618 2802 738 2850 suo,”
764 2802 1013 2855 percipiunt
1046 2801 1232 2841 liberare
1258 2800 1485 2840 hominem
1517 2798 1573 2838 ab
1604 2797 1789 2846 inferno,

306 2871 351 2905 et
383 2866 446 2905 sic
478 2865 687 2905 addicare
720 2871 765 2905 et
804 2858 1075 2917 conjungere
1110 2862 1236 2903 illum
1274 2862 1367 2902 Sibi
1404 2875 1482 2914 per
1512 2861 1790 2914 agnitionem

306 2927 450 2980 Ipsius
477 2934 522 2969 et
553 2942 631 2982 per
656 2928 962 2981 receptionem
986 2926 1135 2967 Divini
1161 2925 1269 2966 Veri
1296 2925 1352 2965 ab
1384 2925 1501 2978 Ipso.
1563 2923 1696 2976 Quod
1727 2923 1790 2963 ita

305 2991 383 3039 sit,
418 2992 554 3033 etiam
592 2990 781 3032 ecclesia
818 2991 928 3031 scire
966 2995 1144 3043 potest;
1191 3001 1294 3029 nam
1331 2988 1442 3028 scire
1479 2993 1631 3040 potest
1667 2985 1788 3037 quod
