2060 3476
282 354 362 396 124
687 352 1019 386 APOCALYPSIS
1050 326 1349 387 Exi'LICATA.

277 466 377 517 fide,
414 467 618 509 videatur
651 482 693 509 n.
726 469 807 521 98;
852 475 898 510 et
932 468 1050 523 quod
1088 470 1269 523 “prima
1301 469 1476 523 opera,'’
1510 484 1623 524 quae
1657 477 1763 513 sunt

277 530 524 580 charitatis,
571 531 660 571 sint
705 545 818 584 quae
869 531 1125 572 incohantis
1175 532 1409 582 ecclesiae,
1456 546 1565 573 mox
1615 546 1761 586 supra,

275 605 317 632 n.
355 592 465 646 104.)
529 592 662 645 Quod
695 594 789 634 vita
825 594 1070 634 secundum
1106 595 1391 647 cognitiones
1428 595 1486 636 sit
1522 594 1763 635 essentiale

275 654 508 704 ecclesiae,
536 662 582 696 et
614 669 704 696 non
737 656 1021 709 cognitiones
1051 657 1220 710 absque
1248 658 1341 698 vita
1371 657 1617 698 secundum
1648 656 1761 706 illas,

275 724 484 758 constare
513 724 667 771 potest
694 719 909 759 unicuivis
934 719 1008 772 qui
1039 720 1284 772 expendit:
1319 720 1603 772 cognitiones
1629 719 1761 768 enim,

274 780 484 832 quamdiu
525 793 614 820 non
655 781 817 821 vivitur
855 781 1101 822 secundum
1141 781 1253 830 illas,
1295 781 1493 822 resident
1534 781 1679 822 solum
1719 781 1763 822 in

276 843 517 893 memoria;
550 849 596 883 et
623 843 833 896 quamdiu
858 843 917 884 ibi
944 843 1087 896 solum
1117 844 1329 893 resident,
1355 857 1445 884 non
1470 843 1669 884 afficiunt
1695 843 1762 884 in-

274 904 439 945 teriora
456 904 649 946 hominis
666 919 675 956 ;
709 919 812 946 nam
831 907 1045 946 memoria
1061 905 1230 947 homini
1247 906 1356 947 data
1373 912 1443 947 est
1467 912 1514 947 ut
1532 907 1589 947 sit
1608 919 1762 959 recep-

273 967 472 1008 taculum
504 982 530 1008 a
561 982 648 1022 quo
680 969 972 1009 desumantur
996 983 1109 1023 quae
1137 970 1402 1010 inservitura
1427 976 1530 1010 sunt
1555 970 1689 1017 vitae,
1716 975 1762 1010 et

273 1036 380 1071 tunc
412 1031 658 1072 inserviunt
690 1032 810 1072 vitae
842 1032 1021 1085 quando
1057 1032 1193 1073 homo
1224 1032 1321 1073 vult
1353 1031 1429 1073 illa
1460 1038 1506 1073 et
1537 1032 1641 1073 facit
1672 1031 1762 1072 illa.

273 1092 418 1134 Totus
454 1095 634 1147 spiritus
670 1094 862 1135 hominis
900 1108 990 1135 non
1026 1102 1096 1136 est
1134 1096 1216 1136 nisi
1246 1108 1379 1149 quam
1415 1109 1494 1136 sua
1525 1094 1761 1145 voluntas;

273 1164 546 1210 quapropter
561 1158 711 1206 homo,
728 1171 829 1198 cum
852 1157 902 1198 fit
923 1158 1117 1212 spiritus,
1133 1172 1224 1199 non
1242 1165 1393 1211 potest
1408 1158 1615 1199 resistere
1632 1157 1762 1198 alicui

272 1219 333 1259 rei
355 1233 469 1272 quae
489 1219 618 1274 [non]
639 1226 708 1261 est
727 1227 886 1261 contra
902 1220 1185 1262 voluntatem
1203 1221 1308 1274 ejus,
1327 1228 1453 1262 totus
1471 1221 1587 1261 enim
1607 1221 1762 1261 nititur

272 1281 315 1322 in
347 1282 404 1322 id.
467 1282 601 1335 Quod
632 1284 695 1324 ita
726 1284 798 1333 sit,
827 1283 1118 1325 notissimum
1141 1290 1211 1325 est
1242 1285 1286 1324 in
1318 1283 1486 1336 mundo
1514 1283 1758 1336 spirituali;

272 1350 318 1385 et
345 1358 522 1399 quoque
548 1346 638 1386 vidi
669 1347 958 1400 exploratum
989 1347 1242 1401 aliquotieS,
1270 1359 1375 1387 num
1408 1347 1586 1400 spiritus
1618 1347 1761 1399 possit

271 1407 416 1449 facere
447 1416 607 1451 contra
638 1424 763 1451 suam
794 1410 1091 1459 voluntatem,
1124 1424 1183 1451 ex
1214 1424 1302 1464 qua
1336 1409 1411 1450 ille
1442 1415 1526 1458 est,
1559 1416 1605 1451 et
1637 1424 1761 1452 com-

271 1477 446 1525 pertum
470 1473 589 1526 quod
614 1487 703 1514 non
727 1479 908 1526 posset:
941 1473 1045 1513 inde
1067 1473 1226 1526 patuit,
1245 1472 1365 1526 quod
1387 1472 1579 1513 hominis
1602 1472 1760 1513 volun-

271 1542 342 1576 tas
368 1537 426 1577 sit
452 1550 565 1590 quae
590 1536 752 1577 format
779 1537 981 1589 spiritum
1008 1535 1113 1588 ejus,
1137 1541 1183 1576 et
1205 1535 1325 1589 quod
1351 1535 1529 1588 spiritus
1555 1535 1760 1585 hominis,

271 1605 511 1653 postquam
551 1599 729 1653 reliquit
770 1613 943 1653 corpus,
983 1599 1041 1640 sit
1082 1612 1160 1639 sua
1199 1598 1422 1639 voluntas.
1497 1597 1600 1639 Sive
1640 1599 1762 1639 dicas

271 1662 570 1712 voluntatem,
595 1663 687 1703 sive
713 1675 926 1710 amorem,
950 1662 1068 1702 idem
1095 1668 1179 1709 est,
1208 1674 1311 1702 nam
1334 1660 1453 1714 quod
1475 1660 1612 1702 homo
1637 1668 1761 1704 amat

272 1726 357 1767 hoc
376 1725 498 1776 vult;
531 1740 666 1780 quare
689 1726 839 1775 etiam,
860 1726 952 1766 sive
975 1725 1097 1766 dicas
1115 1724 1233 1778 quod
1256 1725 1434 1778 spiritus
1456 1724 1648 1765 hominis
1670 1738 1761 1766 non

271 1790 478 1830 resistere
504 1790 644 1842 possit
671 1803 776 1830 suae
798 1788 1036 1837 voluntati,
1062 1801 1139 1828 seu
1157 1785 1314 1828 [¹1dicas
1345 1787 1465 1841 quod
1497 1800 1586 1828 non
1619 1789 1761 1841 possit

270 1853 476 1893 resistere
509 1866 589 1892 suo
620 1852 774 1900 amori,
807 1852 926 1892 idem
958 1858 1041 1892 est.
1111 1850 1407 1903 Cognitiones
1438 1850 1530 1891 veri
1561 1857 1607 1891 et
1639 1851 1759 1900 boni,

269 1921 512 1969 antequam
544 1916 714 1956 intrant
746 1915 1028 1956 voluntatem
1065 1928 1142 1955 seu
1178 1927 1377 1954 amorem
1413 1913 1618 1963 hominis,
1651 1914 1761 1955 nihil

270 1993 447 2032 prorsus
478 1979 644 2019 faciunt
675 1979 733 2019 ad
771 1978 964 2019 salutem
996 1977 1102 2031 ejus,
1135 1991 1193 2018 ex
1226 1990 1360 2018 causa
1390 1977 1491 2030 quia
1522 1990 1612 2017 non
1643 1978 1762 2019 intra

269 2043 496 2083 hominem
517 2048 634 2090 sunt,
654 2042 733 2082 sed
756 2048 889 2082 extra
906 2041 1043 2082 illum.
1103 2039 1170 2081 At
1193 2053 1332 2093 usque
1350 2039 1636 2091 cognitiones
1654 2047 1760 2081 sunt

269 2106 560 2153 necessariae,
595 2105 804 2158 quoniam
837 2105 1005 2158 absque
1037 2103 1123 2143 illis
1156 2103 1293 2143 homo
1325 2102 1432 2142 nihil
1464 2103 1576 2143 scire
1606 2110 1760 2156 potest

268 2169 326 2210 de
350 2169 444 2209 vita
470 2167 714 2221 spirituali;
747 2174 792 2208 et
819 2168 891 2220 qui
923 2166 1030 2207 nihil
1062 2167 1147 2207 scit
1173 2166 1229 2206 de
1255 2165 1343 2215 illa,
1368 2178 1450 2206 nec
1482 2164 1575 2208 fieri
1606 2172 1759 2220 potest

268 2231 506 2285 spiritualis
526 2244 534 2271 :
568 2231 688 2284 quod
711 2231 829 2271 enim
852 2231 988 2271 homo
1011 2230 1108 2278 scit,
1132 2229 1217 2270 hoc
1241 2235 1394 2282 potest
1416 2230 1631 2282 cogitare,
1656 2236 1760 2283 pot·

268 2301 337 2335 est
364 2294 495 2342 velle,
523 2300 568 2334 et
601 2300 752 2347 potest
784 2293 943 2342 facere,
972 2306 1062 2334 non
1088 2299 1240 2333 autern
1266 2292 1386 2346 quod
1418 2306 1508 2332 non
1535 2293 1619 2333 scit
1636 2307 1659 2344 3·
1679 2293 1759 2334 sed

268 2371 405 2410 usque
443 2357 478 2396 si
515 2370 606 2397 non
643 2356 776 2396 altius
813 2356 984 2396 intrant
1021 2369 1154 2408 quam
1190 2355 1235 2395 in
1272 2356 1535 2396 memoriam
1572 2361 1618 2396 et
1654 2355 1759 2396 inde

267 2420 608 2472 cogitationem,
651 2433 740 2460 non
781 2418 980 2460 afficiunt
1023 2418 1162 2467 illum,
1204 2418 1390 2472 proinde
1436 2432 1526 2459 non
1567 2418 1758 2461 salvant.

267 2483 474 2526 Creditur
504 2497 530 2524 a
561 2483 758 2537 pluribus
790 2483 923 2524 hodie
955 2484 999 2523 in
1031 2482 1213 2531 mundo,
1241 2482 1456 2535 imprimis
1487 2482 1544 2523 ab
1574 2482 1660 2523 illis
1685 2483 1759 2536 qui

266 2548 410 2589 solam
436 2547 570 2587 fidem
596 2546 837 2587 essentiale
863 2545 1081 2587 ecclesiae
1106 2545 1286 2593 faciunt,
1310 2545 1430 2598 quod
1456 2545 1568 2586 scire
1591 2543 1757 2586 doetri-

266 2612 397 2660 nalia,
418 2618 464 2652 et
486 2625 544 2651 ex
564 2611 752 2651 scientia
774 2610 955 2650 credere
973 2609 1091 2662 quod
1110 2622 1215 2649 vera
1237 2609 1341 2657 sint,
1361 2608 1507 2649 salvet
1529 2608 1757 2649 hominem

266 2683 492 2728 utcunque
514 2675 622 2714 vivit
641 2688 649 2724 ;
682 2674 761 2713 sed
783 2686 1039 2713 asseverare
1061 2685 1257 2725 possum,
1281 2671 1401 2725 quod
1424 2685 1557 2720 nemo
1583 2685 1661 2724 per
1681 2671 1758 2712 illa

265 2739 362 2780 sola
388 2738 599 2779 salvetur.
661 2736 768 2778 Vidi
794 2736 956 2790 plures,
983 2736 1120 2776 etiam
1147 2733 1446 2783 doctissimos,
1469 2735 1514 2775 in
1539 2735 1756 2775 infernum

264 2800 520 2855 conjecto&
553 2807 600 2841 at
626 2801 819 2840 vicissim
851 2798 952 2840 illos
983 2799 1056 2852 qui
1082 2799 1294 2839 vixerunt
1323 2797 1569 2839 secundum
1598 2798 1755 2850 cogni-

264 2868 411 2908 tiones
442 2865 534 2905 veri
566 2871 611 2905 et
643 2864 749 2904 boni
780 2877 839 2904 ex
872 2863 1041 2911 Verbo,
1074 2862 1278 2903 elevatos
1309 2863 1352 2902 in
1384 2862 1572 2903 caelum.
1642 2861 1755 2902 Inde

263 2924 407 2983 patet‘
428 2927 548 2981 quod
585 2927 870 2980 cognitiones
907 2925 1015 2966 nihil
1051 2925 1230 2974 faciant,
1264 2925 1342 2966 sed
1379 2926 1472 2966 vita
1508 2924 1753 2965 secundum

263 2992 375 3042 illas,
404 2998 449 3033 et
481 2991 600 3044 quod
632 2991 917 3043 cognitiones
949 2989 1085 3030 modo
1116 2989 1312 3030 doceant
1339 2987 1566 3042 quomodo
1597 2988 1754 3028 viven-
