2060 3476
313 321 399 364 616
540 333 549 337 ζ
727 330 1060 365 APOCALYPSIS
1091 332 1390 365 EXPLICATA.

314 458 450 498 quare
473 444 611 486 etiam
635 444 810 494 dicitur,
838 444 919 485 “in
946 445 1095 498 capite
1121 446 1343 486 montium
1365 445 1614 499 agitabitur
1637 445 1804 488 fruc‘tus

313 507 406 560 ejus
423 507 458 558 ;”
492 511 665 560 “caput
688 507 910 548 montium
922 506 941 522 ’'
964 506 1188 560 significat
1211 507 1386 549 caelum
1410 509 1528 549 unde
1554 522 1580 549 a
1605 508 1804 551 Domino

313 570 400 610 illis
428 570 595 611 bonum
621 570 799 619 amoris,
827 570 947 624 quod
973 576 1043 611 est
1073 569 1312 612 “fructus''
1372 570 1511 624 Apud
1538 571 1712 621 Mosen,

382 664 497 696 “Non
515 665 655 697 recedet
674 671 852 706 sceptrum
869 665 912 697 de
929 665 1104 708 Jehudah,
1126 675 1191 698 nec
1211 666 1396 706 legislator
1411 667 1456 698 ab
1476 666 1568 698 inter
1586 667 1695 708 pedes
1712 667 1801 708 ejus,

486 719 599 750 usque
612 710 696 741 dum
710 710 809 741 venit
822 710 967 741 Schiloh
981 719 1003 747 ;.
1019 735 1026 742 .
1040 735 1048 742 .
1062 735 1069 742 .
1079 710 1136 751 qui
1154 710 1279 750 ligabit
1291 710 1337 741 ad
1350 710 1460 741 vitem
1474 710 1654 742 asininum
1668 710 1803 751 pullum

487 762 602 791 suum,
623 759 657 785 et
674 753 719 784 ad
735 753 844 785 vitem
862 754 1018 785 nobilem
1036 753 1146 785 filium
1164 754 1287 785 asinae
1304 763 1400 791 suae,
1421 754 1504 785 dum
1522 753 1648 785 laverit
1664 753 1702 785 in
1717 754 1803 786 vino

488 797 735 881 indumentugn
752 807 866 836 suum,
883 803 918 829 et
935 797 971 829 in
989 798 1165 838 sanguine
1181 807 1331 829 uvarum
1346 797 1510 829 velamen
1527 807 1630 829 suum
1640 796 1658 810 ’'
1671 796 1800 838 (Genes.

486 840 571 872 xlix.
589 848 638 879 10,
655 849 691 872 11
719 852 725 873 :

312 929 462 982 agitur
479 930 523 969 in
541 943 595 970 eo
613 929 881 983 prophetico
899 929 954 970 de
973 929 1185 978 Domino,
1205 929 1261 970 de
1278 943 1367 983 quo
1384 929 1559 978 dicitur,
1579 932 1604 949 “
1618 928 1801 982 Ligabit

312 992 369 1032 ad
386 992 525 1032 vitem
543 992 764 1032 asininum
782 991 953 1045 pullum
971 1004 1113 1040 suum,
1134 998 1180 1033 et
1207 992 1264 1032 ad
1286 992 1425 1032 vitem
1444 991 1641 1032 nobilem
1664 990 1801 1032 filium

311 1056 463 1096 asinae
490 1054 636 1103 suae,”
661 1061 707 1096 et
734 1055 854 1108 quod
883 1055 1091 1096 “lavabit
1118 1055 1162 1095 in
1188 1056 1292 1096 vino
1318 1055 1630 1096 indumentum
1658 1067 1800 1102 suum,

312 1125 358 1159 et
396 1119 439 1159 in
477 1118 696 1171 sanguine
734 1131 918 1159 uvarum
952 1118 1160 1159 velamen
1197 1117 1365 1167 suum,”
1396 1124 1443 1159 et
1481 1132 1559 1172 per
1592 1116 1802 1158 “vitem'’

247 1171 255 1184 ⁴
313 1180 590 1234 significatur
615 1181 821 1229 ecclesia,
850 1195 900 1222 ac
935 1195 1013 1235 per
1041 1182 1230 1237 “vinum
1243 1180 1262 1196 ’'
1288 1187 1334 1221 et
1364 1181 1667 1233 “sanguinem
1693 1194 1801 1221 uva-

312 1255 409 1282 rum
422 1241 441 1257 ”
467 1242 748 1295 significatur
779 1242 994 1282 Divinum
1022 1242 1210 1283 Verum.
1269 1252 1370 1291 (Quid
1388 1261 1446 1290 per
1464 1253 1594 1289 reliqua.
1610 1252 1754 1281 videatur
1771 1253 1803 1281 in

311 1306 521 1343 explicatione
535 1315 631 1344 super
644 1307 697 1335 illa
711 1307 808 1335 verba
822 1306 854 1335 in
869 1306 1006 1335 Arcanis
1022 1306 1231 1344 ACaelestibus.)
1289 1294 1445 1336 Simile
1471 1308 1550 1348 pel·
1579 1299 1603 1315 ‘⁴
1617 1307 1732 1347 sang
1737 1296 1801 1335 ui·

313 1370 416 1398 nem
431 1371 543 1398 uvae
556 1357 575 1372 ”
590 1357 859 1410 intelligitur
873 1358 916 1398 in
930 1356 1260 1397 Deuteronomio
1277 1355 1443 1409 (xxxii.
1462 1355 1546 1409 14),
1563 1356 1636 1396 ubi
1655 1356 1804 1409 agitur

312 1420 368 1461 de
394 1420 602 1461 Ecclesia
628 1420 834 1474 Antiqua
858 1420 1102 1461 reformata
1128 1433 1206 1473 per
1233 1419 1444 1461 Divinum
1471 1419 1656 1459 Verum.
1707 1434 1710 1437 ⁴

396 1481 479 1535 [fi]
530 1481 606 1521 Ex
642 1481 710 1522 his
742 1495 859 1535 quae
894 1481 939 1522 in
975 1481 1062 1521 hoc
1099 1480 1294 1521 articulo
1330 1486 1377 1520 et
1414 1481 1458 1520 in
1494 1479 1803 1533 praecedente

313 1550 498 1585 ostensa
516 1550 634 1592 sunt,
655 1550 865 1584 constare
883 1549 1037 1596 potest
1055 1542 1142 1583 illis
1160 1543 1233 1596 qui
1250 1548 1506 1595 agnoscunt
1525 1541 1803 1595 spiritualem

314 1620 494 1648 sensum
521 1606 662 1647 Verbi
688 1606 808 1660 quod
840 1619 918 1659 per
947 1606 1238 1647 “Redemisti
1270 1605 1370 1646 Deo
1402 1618 1484 1646 nos
1515 1606 1560 1645 in
1585 1604 1804 1657 sanguine

313 1669 423 1710 tuo”
456 1669 739 1722 intelligatur
774 1667 1030 1722 conjunffio
1067 1681 1168 1710 cum
1206 1668 1371 1709 Divino
1408 1681 1487 1721 per
1520 1668 1802 1721 agnitionem

314 1733 496 1774 Domini
527 1739 574 1774 et
607 1747 685 1786 per
706 1733 1014 1786 receptionem
1046 1731 1196 1772 Divini
1223 1731 1330 1772 Veri
1362 1731 1419 1772 ab
1446 1731 1576 1784 Ipso:
1610 1737 1657 1772 et
1683 1730 1803 1785 quod

313 1795 457 1837 simile
483 1810 562 1850 per
588 1795 923 1849 “sanguinem''
949 1794 1231 1848 intelligatur
1257 1795 1301 1835 in
1328 1794 1464 1835 Libro
1493 1793 1579 1834 hoc
1606 1793 1800 1848 prophe-

313 1860 405 1899 tico
431 1859 474 1899 in
501 1860 650 1912 capite
677 1860 768 1908 xii.,
797 1859 870 1899 ubi
896 1859 1072 1907 dicitur,

379 1955 484 1996 Quod
506 1955 659 1986 Michael
676 1962 711 1987 et
728 1955 846 1995 angeli
863 1954 941 1995 ejus
958 1955 1108 1986 vicerint
1131 1954 1323 1986 draconem
1348 1963 1411 1994 per
1426 1953 1636 1994 sanguinem
1655 1952 1750 1993 Agni
1768 1958 1803 1986 et

487 2009 549 2040 per
566 2000 714 2030 verbum
734 1998 928 2030 testimonii
946 1996 1127 2030 fflillorum
1140 2000 1246 2039 (vers.
1266 1997 1340 2037 11);

316 2096 341 2111 ‘⁴
358 2092 542 2144 sanguis
561 2090 717 2144 Agni''
735 2098 781 2132 et
803 2091 1027 2131 “verbum
1045 2090 1296 2131 testimonii
1310 2089 1328 2105 ’³
1346 2089 1520 2138 dicitur,
1541 2089 1643 2143 quia
1659 2091 1684 2108 “
1697 2102 1801 2129 san-

313 2155 411 2207 guis
438 2154 595 2207 Agni”
621 2153 846 2207 significat
873 2154 1180 2207 receptionem
1213 2153 1363 2192 Divini
1389 2152 1498 2192 Veri
1529 2166 1555 2192 a
1587 2151 1800 2200 Domino,

314 2224 360 2258 et
385 2218 608 2258 “verbum
631 2217 881 2258 testimonii
894 2216 912 2231 ”
934 2217 1216 2269 agnitionem
1240 2215 1389 2255 Divini
1416 2214 1615 2255 Humani
1642 2215 1799 2267 Ipsius.

315 2279 448 2333 Quod
473 2281 694 2332 “sanguis
705 2279 724 2294 ''
746 2278 968 2332 significet
993 2279 1202 2318 Divinum
1226 2291 1395 2327 verum,
1419 2277 1566 2319 adhuc
1590 2283 1801 2318 constare

313 2349 467 2396 potest
494 2357 554 2383 ex
580 2356 715 2383 sensu
741 2343 952 2396 opposito
978 2341 1084 2394 ejus,
1109 2342 1153 2382 in
1179 2355 1267 2395 quo
1293 2345 1316 2361 ‘⁴
1333 2341 1517 2393 sanguis
1530 2340 1549 2356 ’'
1571 2340 1799 2393 significat

313 2406 577 2447 violentiam
605 2406 770 2446 Divino
797 2405 922 2446 Vero
947 2404 1122 2445 illatam
1150 2418 1229 2458 per
1254 2403 1366 2444 falsa
1392 2403 1512 2452 mali,
1541 2410 1588 2444 et
1620 2417 1699 2457 per
1723 2402 1802 2444 illa

314 2467 668 2509 destructionem
705 2468 823 2521 ejus:
872 2473 918 2509 et
955 2468 1057 2521 quia
1093 2468 1304 2521 opposita
1335 2467 1474 2507 etiam
1507 2466 1800 2507 manifestant

313 2532 418 2586 quid
448 2530 725 2584 significatur
751 2531 794 2570 in
822 2544 955 2571 sensu
981 2531 1192 2583 genuino,
1220 2530 1322 2570 ideo
1348 2529 1485 2570 velim
1517 2528 1666 2582 aliqua
1698 2527 1799 2569 loca

314 2595 538 2635 adducere
559 2594 603 2634 in
621 2594 779 2647 quibus
797 2597 821 2613 “
835 2593 1049 2646 sanguis'’
1064 2599 1110 2633 et
1132 2591 1443 2645 “sanguines'’
1460 2592 1504 2632 id
1527 2591 1798 2644 significant.

314 2657 557 2698 Sciendum
598 2663 668 2698 est
701 2657 820 2710 quod
853 2657 1066 2710 pleraque
1105 2657 1150 2696 in
1184 2656 1337 2696 Verbo
1368 2656 1506 2696 etiam
1539 2655 1798 2708 oppositum

314 2734 496 2762 sensum
527 2720 743 2768 habeant,
777 2726 823 2760 et
865 2719 984 2773 quod
1025 2733 1084 2759 ex
1115 2718 1193 2759 illo
1225 2731 1358 2759 sensu
1389 2718 1490 2758 sciri
1521 2717 1663 2770 possit
1694 2717 1799 2770 quid

314 2782 591 2836 significatur
615 2783 659 2823 in
685 2795 819 2822 sensu
845 2782 1054 2834 genuino.
1117 2780 1216 2822 Sint
1243 2782 1395 2834 itaque
1421 2780 1533 2821 haec
1565 2793 1651 2833 pro
1672 2779 1798 2820 illus-

314 2847 511 2887 tratione
528 2845 652 2886 2—-In
677 2845 964 2898 Apocalypsi,

382 2945 403 2972 ¹.⁴
415 2943 597 2975 Secundus
615 2943 776 2982 Angelus
793 2942 917 2974 effudit
933 2942 1090 2982 phialam
1108 2930 1209 2973 suam
1227 2941 1263 2972 in
1281 2950 1390 2979 mare,
1410 2946 1446 2972 et
1468 2938 1601 2971 factum
1619 2946 1673 2971 est
1696 2939 1796 2980 quasi

486 2986 632 3027 sanguis
649 2986 798 3025 mortui;
823 2992 858 3017 et
874 2995 981 3017 omne
997 2985 1130 3017 animal
1142 2986 1268 3017 vivens
1286 2985 1321 3016 in
1335 2984 1425 3016 mari
1443 2989 1621 3016 mortuum
1638 2988 1703 3015 est.
1753 2981 1798 3014 Et
