2060 3476
685 383 793 416 CAP.
816 383 902 424 111.,
925 353 1064 415 x‘rERs.
1094 383 1262 427 17.-—-N.
1286 374 1380 427 238.
1697 373 1776 436 363

281 511 360 552 per
387 497 618 539 “serrum”
643 496 913 555 intelligitur
938 510 1092 538 verum
1118 497 1288 551 absque
1318 497 1466 547 bono;
1499 510 1577 550 per
1605 496 1778 550 “argil-

280 561 371 602 lam
394 560 475 602 luti
488 561 507 577 ''
524 561 683 602 falsum
701 561 821 615 quod
844 575 904 601 ex
927 561 1105 614 propria
1126 560 1457 614 intelligentia3
1490 574 1568 614 per
1587 562 1778 601 “semen

280 624 474 666 hominis
488 624 508 640 ”
538 625 741 666 Verbum
762 624 962 684 'Domini
1001 624 1186 679 (Matth.
1218 625 1309 665 xiii.
1342 635 1410 676 24,
1445 624 1547 678 37);
1590 638 1776 679 quorum

280 688 401 741 quod
419 702 508 729 non
527 689 817 730 cohaerentia
834 689 906 736 sit,
925 687 1195 741 intelligitur
1211 701 1290 741 per
1306 690 1435 727 “non
1454 686 1775 735 cohaerebunt,

279 751 660 805 quemadmodum
685 751 848 792 ferrum
876 765 968 792 non
995 751 1316 792 commiscetur
1341 763 1442 791 cum
1469 749 1664 802 argilla.'’

358 819 488 873 238.
527 820 615 860 “Et
638 819 884 860 miserabilis
912 822 957 859 ot
982 817 1375 872 pauper-.''—Quod
1408 817 1634 870 significet
1664 818 1781 870 quod

279 893 353 921 nec
376 881 519 922 sciant
539 881 658 935 quod
677 881 770 922 illis
797 881 881 921 non'
906 881 999 939 sin?
1021 880 1282 934 cognitiones
1305 879 1404 920 veri
1424 893 1497 919 nec
1516 879 1777 932 cognitiones

279 944 390 994 boni,
421 951 603 986 constat
635 959 695 986 ex
727 938 1056 997 significatione
1085 944 1272 984 “miseri
1285 943 1303 958 '’
1330 957 1407 983 seu
1436 941 1777 990 “miserabilis,”

278 1007 398 1061 quod
424 1008 482 1048 sit
508 1008 581 1061 qui
612 1008 656 1048 in
683 1007 815 1048 nullis
841 1007 1176 1060 cognitionibus
1202 1006 1295 1047 veri
1319 1012 1416 1056 est;
1449 1012 1494 1046 et
1521 1019 1580 1046 ex
1607 1004 1775 1058 signifi-

277 1071 456 1111 catione
475 1070 758 1124 “pauperis,”
776 1071 897 1124 quod
920 1071 977 1112 sit
1000 1071 1073 1124 qui
1094 1071 1139 1111 in
1162 1069 1293 1110 nullis
1316 1069 1649 1122 cognitionibus
1672 1069 1776 1109 boni

277 1140 360 1174 est.
408 1132 543 1186 Quod
568 1133 768 1174 “miser’'
790 1141 836 1174 et
861 1138 1067 1187 “pauper
1078 1133 1097 1148 ’'
1119 1133 1196 1174 illa
1217 1132 1487 1186 significent,
1507 1137 1689 1172 constat
1716 1146 1774 1172 ex

276 1195 474 1250 pluribus
498 1196 607 1238 locis
629 1198 674 1237 in
693 1197 848 1238 Verbo
865 1211 874 1248 ;
909 1203 954 1238 et
973 1203 1207 1250 praeterea
1225 1210 1284 1237 ex
1308 1210 1376 1244 eo,
1396 1196 1516 1249 quod
1535 1195 1711 1235 miseria
1728 1202 1774 1236 et

276 1260 517 1314 paupertas
544 1260 785 1314 spiritualis
811 1274 901 1301 non
928 1260 1048 1301 aliud
1080 1261 1137 1301 sit
1164 1273 1298 1313 quam
1325 1257 1525 1300 defectus
1551 1259 1774 1311 cognitio-

276 1336 382 1363 num
409 1324 501 1364 veri
532 1330 578 1364 et
610 1324 741 1372 boni:
759 1337 863 1364 nam
897 1330 1004 1364 tunc
1037 1324 1216 1377 spiritus
1248 1323 1382 1363 miser
1407 1329 1453 1363 et
1485 1336 1652 1375 pauper
1677 1328 1772 1362 est:

275 1393 322 1427 at
355 1401 462 1428 vero
494 1400 595 1428 cum
626 1386 726 1427 illas
758 1387 974 1440 possidet,
1003 1393 1072 1427 est
1102 1387 1228 1426 dives
1260 1392 1306 1427 et
1338 1385 1606 1439 opulentus;
1639 1400 1774 1439 quare

275 1445 412 1490 etiam
439 1463 517 1503 per
541 1449 757 1490 “divitias
771 1449 790 1464 '’
812 1456 858 1490 et
883 1454 1029 1503 “opes
1041 1449 1060 1464 ”
1081 1450 1125 1490 in
1149 1448 1304 1490 Verbo
1327 1448 1636 1502 significantur
1662 1449 1773 1489 divi—

275 1514 365 1561 tiae
391 1520 437 1554 et
464 1527 572 1567 opes
598 1512 866 1566 spirituales,
894 1527 1009 1567 quae
1035 1519 1139 1553 sunt
1166 1513 1452 1565 cognitiones
1478 1513 1570 1552 veri
1597 1519 1642 1553 et
1669 1512 1774 1552 boni

278 1575 347 1629 (ut
379 1589 488 1617 mox
522 1590 668 1630 supra,
702 1589 743 1616 n.
776 1576 870 1628 236,
900 1582 1133 1617 ostensum
1160 1575 1266 1629 est).
1328 1575 1485 1615 Multis
1517 1576 1559 1615 in
1594 1575 1704 1616 locis
1730 1576 1773 1615 in

201 1649 208 1657 ·
275 1639 431 1680 Verbo
446 1639 606 1680 dicitur
619 1643 643 1659 “
656 1640 789 1680 miser
803 1646 849 1680 et
867 1653 1035 1692 pauper
1051 1639 1085 1679 :’'
1107 1640 1180 1693 qui
1196 1652 1286 1679 non
1298 1640 1382 1679 scit
1398 1652 1579 1679 sensum
1595 1639 1773 1692 spiritu-

274 1701 393 1743 alem
408 1702 563 1752 Verbi,
581 1703 724 1744 credit
743 1703 863 1756 quod
883 1716 974 1743 non
991 1702 1064 1743 alii
1082 1716 1160 1756 per
1176 1702 1278 1743 illos
1295 1701 1623 1755 intelligantur,
1639 1716 1772 1755 quam

274 1766 406 1819 quiin
424 1766 592 1806 mundo
608 1767 755 1806 miseri
773 1772 819 1806 et
838 1779 1056 1819 pauperes
1072 1772 1177 1806 sunt
1194 1780 1203 1816 ;
1227 1779 1329 1806 cum
1344 1771 1498 1806 tamen
1516 1765 1579 1805 illi
1598 1778 1688 1805 non
1706 1766 1772 1805 in-

274 1828 556 1882 telliguntur,
589 1829 670 1870 sed
706 1829 734 1869 ii
765 1829 839 1883 qui
876 1842 967 1869 non
1003 1829 1048 1869 in
1086 1829 1202 1869 veris
1239 1835 1285 1869 et
1323 1828 1452 1868 bonis
1490 1834 1607 1876 sunt,
1641 1829 1774 1882 inque

205 1884 210 1886 ⁴
273 1905 428 1933 eorum
450 1893 809 1945 cognitionibus;
842 1898 889 1933 et
912 1892 1092 1946 quidem
1120 1905 1199 1945 per
1222 1892 1447 1931 “miseros
1459 1890 1477 1906 ’¹
1499 1890 1561 1930 illi
1584 1892 1656 1944 qui
1683 1904 1772 1932 non

273 1955 317 1995 in
339 1955 455 1996 veris
477 1961 580 1996 sunt
603 1956 705 2008 quia
730 1968 820 1996 non
842 1956 886 1995 in
909 1955 1243 2008 cognitionibus
1266 1967 1434 2002 eorum,
1454 1960 1500 2007 et
1523 1967 1601 2006 per
1626 1958 1772 2007 “pau-

273 2032 402 2072 peres
414 2018 433 2034 ”
459 2018 522 2059 illi
547 2019 620 2073 qui
646 2032 737 2059 non
763 2019 807 2059 in
833 2019 962 2059 bonis
988 2024 1092 2059 sunt
1119 2018 1223 2071 quia
1249 2031 1339 2058 non
1365 2018 1410 2057 in
1437 2017 1772 2069 cognitionibus

273 2095 440 2122 eorum.
503 2081 620 2135 Quia
650 2082 739 2123 duo
771 2081 861 2130 illa,
890 2095 1053 2135 nempe
1078 2095 1185 2122 vera
1216 2087 1262 2122 et
1294 2081 1428 2129 bona,
1456 2079 1774 2133 intelliguntur

273 2158 352 2198 per
377 2146 465 2186 duo
490 2145 566 2186 illa
589 2145 784 2193 nomina,
808 2146 910 2186 ideo
935 2146 979 2185 in
1005 2143 1158 2185 multis
1184 2143 1295 2184 locis
1321 2150 1559 2197 utrumque
1582 2143 1770 2194 dicitur;

273 2215 322 2249 ut
347 2209 391 2249 in
417 2209 708 2263 sequentibus
725 2208 935 2262 z—Apud
964 2207 1204 2256 Davidem,
1780 2207 1783 2211 '

338 2303 454 2344 ’‘Ego
478 2304 587 2335 miser
610 2310 645 2335 et
669 2313 813 2344 pauper,
843 2303 998 2335 Domine
1023 2309 1206 2335 memento
1231 2303 1300 2334 mei
1312 2302 1330 2314 '¹
1354 2302 1501 2343 (Psalm.
1521 2303 1568 2334 xl.
1589 2303 1626 2333 18
1647 2300 1706 2344 [B.
1723 2303 1770 2335 A.

451 2345 506 2389 17]
522 2357 530 2386 ;
557 2348 691 2380 Psalm.
708 2348 780 2379 lxx.
797 2348 817 2379 6
836 2346 897 2389 [B.
913 2349 959 2380 A.
978 2345 1049 2389 5]);
1109 2394 1113 2398 ι

273 2430 392 2485 apud
418 2431 627 2479 eundem,

343 2508 364 2522 “
378 2506 518 2590 Ιηειᾶῐὲει
533 2506 695 2581 {ehovah
712 2516 834 2590 aurem
852 2513 950 2538 tuam
974 2513 1010 2538 et
1026 2506 1215 2547 responde,
1236 2506 1318 2547 quia
1341 2506 1449 2537 miser
1465 2511 1500 2537 et
1524 2515 1658 2546 pauper
1674 2516 1742 2546 ego
1753 2505 1772 2517 ''

496 2561 534 2581 sa
551 2561 595 2582 m.
625 2560 743 2582 xxxvi.
763 2559 778 2581 1
807 2559 814 2589 ;

273 2654 393 2708 quod
424 2667 503 2707 per
529 2654 778 2694 “miserum
805 2660 851 2694 et
883 2656 1124 2706 pauperem
1138 2652 1157 2668 ”
1182 2666 1273 2693 non
1299 2651 1612 2705 intelligantur
1638 2653 1771 2694 miser

273 2724 319 2758 et
346 2730 514 2771 pauper
539 2717 687 2770 quoad
713 2717 892 2757 divitias
914 2716 1178 2765 mundanas,
1201 2715 1282 2756 sed
1307 2716 1455 2769 quoad
1478 2716 1656 2756 divitias
1680 2717 1768 2769 spi-

272 2779 470 2826 rituales,
498 2786 641 2834 patet,
669 2781 880 2833 quoniam
913 2780 1061 2820 David
1093 2780 1149 2820 de
1181 2793 1228 2820 se
1261 2779 1346 2820 hoc
1374 2769 1594 2832 lo'quitur;
1633 2793 1768 2832 quare

273 2844 410 2884 etiam
437 2844 568 2892 dixit,
595 2842 848 2896 “Jehovah‚
872 2842 1038 2883 inclina
1063 2855 1214 2883 aurem
1240 2848 1286 2883 et
1312 2842 1572 2895 responde.’'
1632 2842 1768 2895 Apud

273 2907 482 2956 eundem,

342 3004 364 3017 ‘³
376 3002 541 3034 Gladium
560 3003 696 3034 nudant
713 3003 822 3044 impii,
843 3009 878 3035 et
894 3003 1046 3035 tendunt
1062 3013 1182 3035 arcum
1201 3013 1315 3041 suum,
1335 3003 1381 3035 ad
1405 3002 1643 3043 dejiciendum
1663 3002 1767 3033 mise-

448 3057 524 3078 rum
543 3053 578 3078 et
595 3046 815 3087 pauperem”
833 3047 978 3088 (Psalm.
996 3047 1127 3079 xxxvii.
1148 3047 1221 3086 14);
