2060 3476
699 337 806 372 CAP.
831 338 917 379 111.‚
942 337 1080 370 vERs.
1103 337 1251 382 9.—N.
1276 339 1370 369 212.
1701 334 1779 380 315

279 450 326 492 in
357 451 575 493 continua
605 451 745 502 serie;
794 450 935 493 trahit
968 451 1090 492 enim
1122 451 1387 505 principium
1419 450 1571 491 omnia
1602 449 1647 490 in
1678 461 1782 489 suas

278 520 449 568 partes,
474 516 578 569 quia
598 528 701 556 cum
722 514 801 556 illo
823 520 956 556 erunt
977 527 1216 565 connexa;
1248 514 1354 555 inde
1379 513 1468 554 illis
1490 518 1624 553 tanta
1648 512 1782 565 igno-

279 578 429 618 rantia
453 579 498 619 in
524 578 656 619 rebus
682 578 795 619 caeli
821 577 1115 619 et=ecclesiae
1141 583 1226 618 est.
1290 576 1425 630 Quod
1451 575 1539 616 illis
1565 576 1781 629 ignoran-

280 641 345 682 tia
370 642 444 690 sit,
473 648 685 683 constare
711 647 866 695 potest
893 655 953 682 ex
980 655 1049 690 eo,
1077 640 1198 695 quod
1225 654 1317 681 non
1343 641 1490 680 sciant
1507 638 1628 693 *quid
1655 651 1783 679 amor

280 703 493 745 caelestis
518 706 592 759 qui
623 711 694 746 est
720 718 848 746 amor
872 706 916 745 in
949 704 1211 753 Dominum,
1239 703 1346 758 quid
1378 716 1506 744 amor
1537 700 1782 756 spiritualis

280 768 355 821 qui
381 774 451 808 est
479 767 678 809 charitas
703 782 813 822 erga
844 768 1116 822 proximum,
1145 767 1251 822 quid
1283 763 1532 820 proximus,
1561 764 1666 819 quid
1698 764 1781 804 bo-

281 843 402 879 num,
431 831 536 885 quid
563 830 820 885 conjunfflo
848 832 954 872 boni
986 837 1032 872 et
1059 832 1166 880 veri,
1194 830 1300 885 quid
1327 831 1423 871 vita
1449 828 1708 883 spiritualis,
1733 833 1781 869 et

280 893 387 947 quid
413 892 591 935 affectio
617 890 876 948 spiritualis,
904 895 1010 949 quid
1037 894 1332 942 conscientia,
1361 893 1467 947 quid
1494 892 1683 933 liberum
1709 905 1780 932 ar-

280 956 478 1007 bitrium,
503 958 609 1011 quid
631 959 932 1011 regeneratio,
957 958 1063 1012 quid
1090 958 1290 999 tentatio
1317 955 1576 1010 spiritualis,
1601 955 1706 1009 quid
1733 961 1781 995 et

281 1033 359 1061 cur
391 1020 666 1074 Baptismus,
701 1028 747 1062 et
780 1022 885 1075 quid
920 1028 966 1063 et
998 1035 1076 1070 cur
1107 1019 1274 1063 Sancta
1306 1020 1444 1069 Cena,
1479 1019 1584 1074 quid
1623 1018 1781 1059 sensus

279 1084 527 1137 spiritualis
557 1084 712 1133 Verbi,
746 1085 851 1139 quid
883 1084 1059 1126 caelum
1091 1091 1137 1126 et
1170 1085 1404 1133 infernum,
1438 1083 1559 1138 quod
1591 1082 1702 1124 illud
1734 1089 1781 1124 et

280 1146 367 1188 hoc
395 1149 486 1188 sint
513 1162 573 1189 ex
599 1148 799 1189 humano
825 1163 1006 1202 genere,
1032 1156 1077 1190 et
1105 1149 1210 1203 quid
1238 1148 1365 1202 plura
1387 1148 1488 1188 alia.
1551 1147 1626 1187 Ex
1649 1148 1780 1200 igno-

282 1211 430 1252 rantia
455 1210 635 1252 illorum
661 1212 803 1252 fluunt
836 1211 947 1253 falsa
968 1226 1068 1254 cum
1091 1213 1322 1266 cogitatur
1348 1211 1404 1252 de
1436 1211 1537 1259 illis,
1567 1211 1780 1264 quoniam

282 1288 342 1315 ex
374 1274 499 1315 nulla
529 1274 847 1323 illustratione,
882 1282 930 1316 ut
963 1288 1096 1329 supra
1123 1274 1292 1316 di6'cum
1325 1282 1409 1323 est,
1439 1275 1642 1328 cogitare
1675 1287 1780 1328 pos-

278 1343 399 1386 sunt,
439 1351 522 1379 nec
559 1338 756 1392 aliquem
798 1339 943 1379 visum
980 1339 1207 1379 internum
1245 1338 1413 1379 habere
1450 1338 1506 1379 de
1548 1337 1698 1392 aliqua
1734 1351 1781 1378 re

278 1399 518 1453 SPlrituali.
567 1411 750 1449 (Praeterea
763 1411 931 1440 videantur
953 1421 1036 1448 quae
1056 1412 1096 1440 de
1111 1411 1171 1440 hac
1186 1421 1219 1440 re
1238 1411 1270 1440 in
1286 1411 1424 1440 Arcanis
1447 1411 1640 1445 Caclestibus,
1655 1415 1783 1440 ostensa

279 1458 398 1497 [sunt]:
422 1459 521 1496 Quod
534 1468 651 1497 nempe
665 1459 745 1488 fides
759 1464 904 1497 separata
917 1469 937 1489 a
951 1460 1102 1489 charitate
1113 1461 1152 1488 sit
1167 1460 1255 1488 nulla
1274 1460 1363 1493 fides,
1379 1469 1410 1488 n.
1426 1459 1495 1496 654.
1508 1454 1577 1496 724,
1593 1459 1680 1493 1162,
1694 1458 1781 1495 1176,

276 1513 368 1541 2049,
381 1504 472 1538 2116,
481 1502 606 1541 [¹12343,
618 1513 708 1542 2349,
720 1507 810 1542 3849,
821 1505 910 1542 3868,
921 1505 1010 1543 6348,
1020 1514 1110 1542 7039,
1120 1503 1246 1541 [²17822,
1257 1504 1363 1542 9780[,
1372 1505 1479 1542 9783].
1513 1505 1611 1541 Quod
1623 1505 1692 1533 talis
1704 1504 1783 1533 fides

278 1549 310 1577 in
325 1549 424 1578 altera
437 1549 501 1578 vita
514 1554 632 1587 pereat,
645 1558 676 1578 n.
691 1551 779 1583 2228,
792 1551 888 1586 582ο;
912 1558 1011 1587 quum
1027 1559 1086 1588 pro
1100 1550 1255 1587 principio
1269 1550 1398 1587 ponitur
1419 1550 1488 1578 sola
1501 1549 1589 1583 fides,
1605 1550 1694 1586 quod
1709 1558 1784 1578 vera

277 1593 535 1622 contaminentur
548 1594 627 1623 falso
641 1594 807 1632 principio,
821 1603 851 1623 n.
866 1593 996 1632 [³12435;
1019 1596 1108 1632 quod
1123 1604 1182 1624 nec
1197 1604 1230 1623 se
1242 1595 1424 1632 persuaderi
1436 1594 1596 1632 patiantur
1610 1594 1686 1631 quia
1706 1603 1783 1623 con-

278 1643 326 1667 tra
336 1638 536 1676 principium,
551 1647 583 1668 n.
599 1641 688 1676 2385.
732 1639 830 1676 Quod
845 1639 1034 1669 doctrinalia
1048 1640 1089 1669 de
1102 1640 1171 1669 sola
1182 1640 1245 1668 fide
1260 1640 1423 1669 destruant
1438 1640 1633 1674 charitatem,
1646 1648 1677 1669 n.
1690 1640 1781 1676 6353.

279 1685 369 1721 8094.
413 1683 511 1720 Quod
525 1683 568 1712 illi
584 1684 639 1721 qui
659 1683 757 1713 fidem
771 1689 919 1722 separant
939 1694 960 1713 a
973 1685 1134 1719 charitate,
1150 1685 1234 1714 intus
1254 1685 1287 1713 in
1308 1685 1392 1714 falsis
1406 1685 1454 1713 sui
1476 1685 1550 1713 mali
1572 1685 1642 1719 sint,
1658 1684 1782 1713 tametsi

277 1728 340 1757 hoc
348 1737 414 1757 non
423 1728 535 1763 sciunt,
544 1737 576 1758 n.
584 1737 674 1766 7790,
682 1735 773 1766 7950.
807 1729 905 1766 Quod
912 1729 985 1758 ideo
995 1738 1060 1758 non
1071 1730 1130 1758 illis
1138 1730 1289 1768 conjungi
1300 1730 1399 1767 possit
1408 1730 1542 1764 bonum,
1551 1739 1582 1759 n.
1593 1731 1681 1767 8981,
1692 1731 1781 1767 8993.

278 1773 377 1810 Quod
398 1773 478 1802 fides
491 1778 636 1811 separata
649 1774 815 1803 ab-amore
829 1778 861 1803 et
882 1774 1033 1804 charitate
1047 1774 1086 1803 sit
1102 1775 1183 1803 sicut
1203 1775 1258 1803 lux
1272 1775 1394 1809 hiemis,
1409 1775 1442 1803 in
1463 1783 1527 1812 qua
1542 1775 1651 1804 omnia
1665 1775 1783 1803 telluris

277 1822 413 1856 torpent,
429 1822 461 1847 et
474 1818 552 1847 nihil
567 1818 685 1853 messis,
698 1818 819 1848 fructus
834 1823 865 1848 et
879 1819 966 1848 floris
980 1820 1182 1857 producitur;
1205 1824 1238 1848 at
1252 1820 1341 1857 quod
1353 1820 1431 1849 fides
1443 1829 1482 1848 ex
1493 1828 1603 1848 amore
1614 1829 1671 1848 seu
1682 1819 1783 1849 chari·

277 1867 341 1892 tate
354 1863 394 1892 sit
407 1862 488 1892 sicut
506 1863 562 1891 lux
576 1863 657 1892 veris
671 1868 704 1892 et
717 1864 852 1898 aestatis,
867 1864 900 1893 in
915 1873 981 1901 qua
994 1865 1103 1893 omnia
1117 1864 1232 1893 florent
1247 1869 1278 1894 et
1292 1865 1522 1902 producuntur,
1538 1874 1569 1894 n.
1586 1873 1675 1901 2231,
1691 1864 1781 1902 3146,

277 1915 367 1945 3412,
383 1916 474 1945 3413.
517 1908 616 1945 Quod
630 1908 685 1937 lux
699 1908 852 1943 hiemalis,
865 1918 948 1946 quae
963 1913 1010 1938 est
1024 1909 1098 1938 fidei
1113 1913 1276 1947 separatae
1291 1918 1311 1938 a
1332 1909 1492 1943 charitate,
1505 1914 1644 1938 vertatur
1658 1910 1689 1938 in
1704 1910 1782 1938 den-

275 1961 327 1982 sas
340 1953 489 1982 tenebras
503 1961 578 1982 cum
599 1952 703 1982 influit
723 1953 779 1982 lux
794 1962 811 1982 e
826 1954 932 1989 caelo;
955 1958 987 1983 et
1000 1955 1089 1991 quod
1103 1954 1146 1983 illi
1161 1959 1237 1983 tunc
1252 1955 1307 1991 qui
1323 1955 1355 1983 in
1371 1963 1409 1983 ea
1430 1954 1493 1983 fide
1508 1958 1582 1983 sunt
1602 1955 1634 1983 in
1649 1955 1783 1983 caecita-

275 2001 341 2027 tem
356 2001 388 2026 et
401 1997 618 2036 stupiditatem
629 1998 766 2032 veniant,
779 2007 810 2028 n.
822 2007 914 2036 3412,
926 2007 1016 2036 3413.
1060 1999 1159 2036 Quod
1173 1999 1227 2036 qui
1240 1999 1337 2028 fidem
1353 2009 1372 2028 a
1383 1999 1534 2028 charitate
1548 2004 1695 2037 separant
1707 2000 1783 2028 doc-

276 2042 358 2072 trina
372 2046 404 2071 et
417 2042 482 2071 vita
495 2042 528 2071 in
542 2043 680 2072 tenebris
694 2043 765 2078 sint,
781 2043 825 2072 ita
838 2043 871 2072 in
886 2043 1065 2081 ignorantia
1078 2043 1152 2078 veri,
1169 2049 1200 2073 et
1220 2044 1252 2072 in
1268 2044 1362 2078 falsis,
1378 2054 1409 2074 n.
1422 2045 1518 2082 9186,
1542 2045 1630 2082 quod
1651 2054 1685 2073 se
1707 2053 1783 2076 con-

273 2087 385 2128 jiciant
398 2087 431 2116 in
445 2087 525 2117 salsa
537 2091 569 2116 et
582 2087 657 2116 inde
672 2088 766 2122 mala,
782 2097 813 2117 n.
825 2095 916 2126 3325,
933 2090 1022 2126 8094.
1067 2089 1200 2118 Errores
1214 2094 1245 2118 et
1259 2089 1337 2118 falsa
1351 2090 1383 2118 in
1405 2099 1488 2127 quae
1503 2098 1536 2118 se
1551 2090 1732 2127 conjiciunt,
1749 2098 1781 2119 n.

275 2140 367 2169 4721,
382 2141 474 2170 4730,
489 2132 580 2170 4776,
596 2134 686 2170 4783,
701 2140 792 2170 4925,
805 2142 896 2170 7779,
909 2135 998 2171 8313,
1010 2133 1098 2171 8765,
1114 2143 1205 2171 9224.
1249 2130 1350 2171 Quod
1369 2135 1514 2163 Verbum
1537 2134 1595 2163 illis
1616 2135 1655 2163 sit
1677 2135 1782 2164 occlu-

275 2187 358 2213 sum,
374 2187 405 2208 n.
420 2187 511 2216 3773,
524 2181 615 2216 4783,
632 2181 720 2215 8780.
764 2180 862 2216 Quod
878 2189 943 2209 non
959 2181 1087 2209 videant
1101 2185 1132 2209 et
1146 2182 1312 2210 attendant
1326 2182 1367 2210 ad
1382 2181 1490 2210 omnia
1505 2181 1557 2210 illa
1571 2190 1654 2218 quae
1671 2182 1783 2210 Domi-

270 2225 338 2252 'nus
347 2224 440 2253 toties
453 2224 580 2253 locutus
591 2228 638 2253 est
650 2225 691 2253 de
704 2233 814 2254 amore
829 2229 861 2254 et
871 2225 1032 2260 charitate,
1045 2226 1150 2263 deque
1163 2225 1316 2255 fructibus
1327 2235 1384 2255 seu
1395 2226 1487 2255 bonis
1502 2226 1587 2260 actu,
1600 2227 1641 2255 de
1655 2227 1781 2263 quibus,

277 2277 308 2298 n.
326 2277 414 2305 1017,
424 2268 522 2306 3416;
545 2269 634 2306 quod
644 2278 704 2298 nec
717 2269 817 2298 sciant
828 2267 907 2307 qnid
917 2270 1050 2304 bonum,
1062 2270 1106 2300 ita
1116 2279 1175 2300 nec
1191 2271 1268 2307 quid
1280 2271 1422 2300 caelestis
1433 2280 1533 2305 amor,
1547 2275 1578 2300 et
1592 2271 1670 2308 quid
1682 2271 1783 2300 chari-

268 2319 333 2356 vtas,
350 2323 381 2344 n.
394 2313 519 2352 [⁴¹2417·
532 2315 723 2355 36034126,
734 2323 824 2354 9995.
862 2317 960 2353 Quod
971 2317 1129 2354 simplices
1140 2318 1246 2351 corde,
1259 2322 1291 2346 et
1302 2327 1404 2355 usque
1416 2317 1583 2355 sapientes,
1593 2318 1693 2347 sciant
1705 2318 1783 2355 quid

276 2359 399 2389 bonum
414 2359 505 2394 vitae,
521 2359 564 2389 ita
578 2360 656 2397 quid
670 2361 814 2396 charitas,
831 2365 862 2390 et
876 2370 942 2390 non
956 2362 1034 2399 quid
1048 2361 1127 2391 fides
1141 2367 1296 2400 separata,
1312 2371 1343 2392 n.
1359 2371 1449 2400 4741,
1465 2362 1571 2401 4754.)
1756 2358 1759 2362 “

357 2427 477 2459 212.
511 2422 535 2441 ‘¹
551 2418 849 2459 fucosae-iam
881 2419 974 2461 illos
1007 2423 1053 2460 ui
1088 2419 1249 2461 veniant
1282 2424 1327 2461 et
1357 2421 1534 2461 adorent
1565 2421 1621 2461 ad
1652 2422 1782 2475 pedes

278 2476 608 2530 tuos.''——Quod
643 2478 869 2532 significet
904 2485 1074 2520 statum
1112 2494 1262 2520 eorum
1283 2513 1287 2518 .
1290 2487 1398 2533 post
1431 2487 1629 2530 mortem,
1666 2484 1786 2535 quod

276 2545 410 2580 extra
439 2539 604 2580 caelum
633 2546 766 2581 erunt
784 2554 877 2583 ‚non
913 2541 1190 2591 admittendi,
1224 2549 1354 2596 patet
1391 2557 1418 2584 a
1448 2544 1562 2584 serie
1593 2550 1780 2584 antece-

277 2603 483 2643 dentium
515 2609 562 2644 et
597 2605 987 2657 consequentium.
1051 2604 1222 2658 Agitur
1253 2606 1297 2646 in
1329 2605 1415 2647 hoc
1448 2621 1579 2648 versu
1611 2607 1667 2648 de
1693 2606 1781 2648 illis

277 2666 352 2719 qui
384 2665 541 2706 dicunt
568 2679 617 2706 se
643 2680 742 2707 esse
774 2668 818 2707 in
844 2669 961 2708 veris
992 2681 1095 2709 cum
1128 2675 1283 2710 tamen
1315 2676 1420 2711 sunt
1453 2671 1498 2711 in
1529 2670 1652 2711 falsis
1678 2672 1782 2724 quia

280 2729 325 2769 in
357 2728 482 2769 nulla
507 2728 747 2770 charitate.
809 2730 879 2772 De
911 2731 980 2772 his
1012 2732 1056 2772 in
1084 2732 1240 2773 Verbo
1266 2733 1430 2774 dicitur
1455 2734 1575 2787 quod
1602 2734 1781 2774 venturi

277 2792 368 2833 sint
386 2792 443 2833 ad
462 2793 634 2833 ostium
652 2799 699 2834 et
717 2782 952 2847 pulsaturi,
972 2795 1053 2836 sed
1071 2795 1192 2849 quod
1216 2809 1307 2836 non
1324 2795 1626 2838 admittentur
1643 2811 1652 2837 ε
1685 2797 1781 2838 “ad

277 2856 446 2896 ostium
471 2856 624 2896 venire
649 2862 696 2896 et
723 2855 901 2910 pulsare
912 2857 932 2873 '’
958 2864 1029 2899 est
1059 2859 1287 2900 “adorare
1313 2860 1370 2900 ad
1401 2860 1580 2914 pedes.’'
1642 2859 1780 2913 Quod

277 2917 455 2959 dicatur
479 2918 575 2959 “ad
597 2918 738 2972 pedes
761 2920 905 2969 tuos‚’'
927 2927 998 2962 est
1022 2922 1125 2975 quia
1146 2922 1323 2963 caelu-m
1346 2924 1390 2963 in
1413 2929 1516 2964 toto
1534 2923 1780 2977 complexu

278 2980 413 3022 refert
441 2995 578 3022 unum
606 2981 864 3035 hominem;
898 2998 1156 3039 supremum
1183 3000 1260 3027 seu
1293 2988 1479 3028 tertium
1506 2987 1682 3028 caelum
1707 3001 1779 3029 re-
