<?xml version="1.0" encoding="UTF-8"?>
<!DOCTYPE html PUBLIC "-//W3C//DTD XHTML 1.0 Transitional//EN"
    "http://www.w3.org/TR/xhtml1/DTD/xhtml1-transitional.dtd">
<html xmlns="http://www.w3.org/1999/xhtml" xml:lang="en" lang="en">
 <head>
  <title>
</title>
<meta http-equiv="Content-Type" content="text/html;charset=utf-8" />
  <meta name='ocr-system' content='tesseract 3.04.00' />
  <meta name='ocr-capabilities' content='ocr_page ocr_carea ocr_par ocr_line ocrx_word'/>
</head>
<body>
  <div class='ocr_page' id='page_1' title='image "apocalypsisexpli01sweduoft_0613.png"; bbox 0 0 2060 3476; ppageno 0'>
   <div class='ocr_carea' id='block_1_1' title="bbox 660 364 1768 425">
    <p class='ocr_par' dir='ltr' id='par_1_1' title="bbox 660 364 1768 425">
     <span class='ocr_line' id='line_1_1' title="bbox 660 364 1768 425; baseline -0.001 -12"><span class='ocrx_word' id='word_1_1' title='bbox 660 380 767 413; x_wconf 87' lang='lat' dir='ltr'><strong>CAP.</strong></span> <span class='ocrx_word' id='word_1_2' title='bbox 790 364 851 423; x_wconf 65' lang='lat' dir='ltr'>v„</span> <span class='ocrx_word' id='word_1_3' title='bbox 875 380 1014 413; x_wconf 88' lang='lat' dir='ltr'>VERS.</span> <span class='ocrx_word' id='word_1_4' title='bbox 1037 380 1187 425; x_wconf 86' lang='lat' dir='ltr'><strong>9.—N.</strong></span> <span class='ocrx_word' id='word_1_5' title='bbox 1213 369 1380 425; x_wconf 88' lang='lat' dir='ltr'>329[a].</span> <span class='ocrx_word' id='word_1_6' title='bbox 1683 368 1768 423; x_wconf 94' lang='lat'>607</span> 
     </span>
    </p>
   </div>
   <div class='ocr_carea' id='block_1_2' title="bbox 448 492 1771 884">
    <p class='ocr_par' dir='ltr' id='par_1_2' title="bbox 448 492 1771 884">
     <span class='ocr_line' id='line_1_2' title="bbox 449 492 1771 537; baseline -0.003 -10"><span class='ocrx_word' id='word_1_7' title='bbox 449 494 574 527; x_wconf 86' lang='lat' dir='ltr'>videro</span> <span class='ocrx_word' id='word_1_8' title='bbox 590 494 817 536; x_wconf 86' lang='lat' dir='ltr'>sanguinem,</span> <span class='ocrx_word' id='word_1_9' title='bbox 838 493 1042 535; x_wconf 85' lang='lat' dir='ltr'>praeteribo</span> <span class='ocrx_word' id='word_1_10' title='bbox 1059 498 1202 537; x_wconf 73' lang='lat' dir='ltr'>praeter</span> <span class='ocrx_word' id='word_1_11' title='bbox 1219 503 1296 532; x_wconf 89' lang='lat' dir='ltr'>vos,</span> <span class='ocrx_word' id='word_1_12' title='bbox 1313 503 1380 525; x_wconf 91' lang='lat' dir='ltr'>nec</span> <span class='ocrx_word' id='word_1_13' title='bbox 1397 492 1466 524; x_wconf 87' lang='lat' dir='ltr'>erit</span> <span class='ocrx_word' id='word_1_14' title='bbox 1484 492 1521 524; x_wconf 91' lang='lat' dir='ltr'>in</span> <span class='ocrx_word' id='word_1_15' title='bbox 1538 492 1642 524; x_wconf 92' lang='lat' dir='ltr'>vobis</span> <span class='ocrx_word' id='word_1_16' title='bbox 1662 492 1771 533; x_wconf 85' lang='lat' dir='ltr'>plaga</span> 
     </span>
     <span class='ocr_line' id='line_1_3' title="bbox 449 535 1771 580; baseline -0.003 -10"><span class='ocrx_word' id='word_1_17' title='bbox 449 549 472 570; x_wconf 92' lang='lat' dir='ltr'>a</span> <span class='ocrx_word' id='word_1_18' title='bbox 490 539 681 580; x_wconf 84' lang='lat' dir='ltr'>perditore,</span> <span class='ocrx_word' id='word_1_19' title='bbox 704 548 813 580; x_wconf 91' lang='lat' dir='ltr'>quum</span> <span class='ocrx_word' id='word_1_20' title='bbox 837 547 1048 579; x_wconf 90' lang='lat' dir='ltr'>percussero</span> <span class='ocrx_word' id='word_1_21' title='bbox 1068 543 1202 568; x_wconf 87' lang='lat' dir='ltr'>terram</span> <span class='ocrx_word' id='word_1_22' title='bbox 1222 536 1417 577; x_wconf 86' lang='lat' dir='ltr'>Aegypti.”</span> <span class='ocrx_word' id='word_1_23' title='bbox 1465 536 1509 568; x_wconf 91' lang='lat' dir='ltr'>Et</span> <span class='ocrx_word' id='word_1_24' title='bbox 1530 545 1651 578; x_wconf 90' lang='lat' dir='ltr'>porro,</span> <span class='ocrx_word' id='word_1_25' title='bbox 1674 535 1771 567; x_wconf 89' lang='lat' dir='ltr'>“Su-</span> 
     </span>
     <span class='ocr_line' id='line_1_4' title="bbox 449 579 1767 622; baseline -0.003 -8"><span class='ocrx_word' id='word_1_26' title='bbox 449 582 556 614; x_wconf 92' lang='lat' dir='ltr'>metis</span> <span class='ocrx_word' id='word_1_27' title='bbox 573 582 784 614; x_wconf 80' lang='lat' dir='ltr'>fasciculum</span> <span class='ocrx_word' id='word_1_28' title='bbox 800 581 962 622; x_wconf 89' lang='lat' dir='ltr'>hyssopi,</span> <span class='ocrx_word' id='word_1_29' title='bbox 982 586 1018 612; x_wconf 91' lang='lat' dir='ltr'>et</span> <span class='ocrx_word' id='word_1_30' title='bbox 1034 580 1223 621; x_wconf 88' lang='lat' dir='ltr'>intingetis</span> <span class='ocrx_word' id='word_1_31' title='bbox 1240 580 1277 611; x_wconf 92' lang='lat' dir='ltr'>in</span> <span class='ocrx_word' id='word_1_32' title='bbox 1294 580 1510 620; x_wconf 88' lang='lat' dir='ltr'>sanguinem</span> <span class='ocrx_word' id='word_1_33' title='bbox 1528 579 1588 621; x_wconf 91' lang='lat' dir='ltr'>qui</span> <span class='ocrx_word' id='word_1_34' title='bbox 1605 579 1642 611; x_wconf 89' lang='lat' dir='ltr'>in</span> <span class='ocrx_word' id='word_1_35' title='bbox 1659 579 1767 620; x_wconf 89' lang='lat' dir='ltr'>pelvi,</span> 
     </span>
     <span class='ocr_line' id='line_1_5' title="bbox 449 623 1770 666; baseline -0.003 -8"><span class='ocrx_word' id='word_1_36' title='bbox 449 632 486 658; x_wconf 91' lang='lat' dir='ltr'>et</span> <span class='ocrx_word' id='word_1_37' title='bbox 498 626 675 666; x_wconf 87' lang='lat' dir='ltr'>attingere</span> <span class='ocrx_word' id='word_1_38' title='bbox 688 625 827 658; x_wconf 82' lang='lat' dir='ltr'>facietis</span> <span class='ocrx_word' id='word_1_39' title='bbox 839 634 947 666; x_wconf 91' lang='lat' dir='ltr'>super</span> <span class='ocrx_word' id='word_1_40' title='bbox 957 624 1236 665; x_wconf 88' lang='lat' dir='ltr'>superliminare</span> <span class='ocrx_word' id='word_1_41' title='bbox 1250 630 1286 656; x_wconf 87' lang='lat' dir='ltr'>et</span> <span class='ocrx_word' id='word_1_42' title='bbox 1297 624 1388 656; x_wconf 92' lang='lat' dir='ltr'>duos</span> <span class='ocrx_word' id='word_1_43' title='bbox 1402 630 1526 664; x_wconf 88' lang='lat' dir='ltr'>postes</span> <span class='ocrx_word' id='word_1_44' title='bbox 1536 624 1580 655; x_wconf 88' lang='lat' dir='ltr'>de</span> <span class='ocrx_word' id='word_1_45' title='bbox 1593 623 1770 663; x_wconf 85' lang='lat' dir='ltr'>sanguine</span> 
     </span>
     <span class='ocr_line' id='line_1_6' title="bbox 448 666 1770 711; baseline -0.002 -10"><span class='ocrx_word' id='word_1_46' title='bbox 448 670 507 711; x_wconf 87' lang='lat' dir='ltr'>qui</span> <span class='ocrx_word' id='word_1_47' title='bbox 521 670 558 701; x_wconf 91' lang='lat' dir='ltr'>in</span> <span class='ocrx_word' id='word_1_48' title='bbox 572 670 686 711; x_wconf 89' lang='lat' dir='ltr'>pelvi:</span> <span class='ocrx_word' id='word_1_49' title='bbox 711 679 777 701; x_wconf 90' lang='lat' dir='ltr'>vos</span> <span class='ocrx_word' id='word_1_50' title='bbox 791 674 912 701; x_wconf 91' lang='lat' dir='ltr'>autem</span> <span class='ocrx_word' id='word_1_51' title='bbox 928 678 1001 700; x_wconf 90' lang='lat' dir='ltr'>non</span> <span class='ocrx_word' id='word_1_52' title='bbox 1016 668 1160 699; x_wconf 87' lang='lat' dir='ltr'>exibitis</span> <span class='ocrx_word' id='word_1_53' title='bbox 1174 667 1362 709; x_wconf 88' lang='lat' dir='ltr'>quisquam</span> <span class='ocrx_word' id='word_1_54' title='bbox 1377 674 1479 699; x_wconf 90' lang='lat' dir='ltr'>extra</span> <span class='ocrx_word' id='word_1_55' title='bbox 1491 667 1624 699; x_wconf 86' lang='lat' dir='ltr'>ostium</span> <span class='ocrx_word' id='word_1_56' title='bbox 1639 666 1770 698; x_wconf 88' lang='lat' dir='ltr'>domus</span> 
     </span>
     <span class='ocr_line' id='line_1_7' title="bbox 449 710 1771 755; baseline -0.003 -10"><span class='ocrx_word' id='word_1_57' title='bbox 449 723 537 745; x_wconf 87' lang='lat' dir='ltr'>suae</span> <span class='ocrx_word' id='word_1_58' title='bbox 556 723 669 755; x_wconf 92' lang='lat' dir='ltr'>usque</span> <span class='ocrx_word' id='word_1_59' title='bbox 688 722 816 750; x_wconf 90' lang='lat' dir='ltr'>mane;</span> <span class='ocrx_word' id='word_1_60' title='bbox 841 718 876 744; x_wconf 92' lang='lat' dir='ltr'>et</span> <span class='ocrx_word' id='word_1_61' title='bbox 895 712 1066 744; x_wconf 88' lang='lat' dir='ltr'>transibit</span> <span class='ocrx_word' id='word_1_62' title='bbox 1083 711 1247 754; x_wconf 89' lang='lat' dir='ltr'>Jehovah</span> <span class='ocrx_word' id='word_1_63' title='bbox 1268 711 1313 743; x_wconf 91' lang='lat' dir='ltr'>ad</span> <span class='ocrx_word' id='word_1_64' title='bbox 1335 711 1606 751; x_wconf 89' lang='lat' dir='ltr'>percutiendum</span> <span class='ocrx_word' id='word_1_65' title='bbox 1626 710 1771 751; x_wconf 89' lang='lat' dir='ltr'>Aegyp-</span> 
     </span>
     <span class='ocr_line' id='line_1_8' title="bbox 448 754 1770 798; baseline -0.003 -9"><span class='ocrx_word' id='word_1_66' title='bbox 448 763 536 794; x_wconf 85' lang='lat' dir='ltr'>tum,</span> <span class='ocrx_word' id='word_1_67' title='bbox 548 767 699 798; x_wconf 89' lang='lat' dir='ltr'>cumque</span> <span class='ocrx_word' id='word_1_68' title='bbox 707 756 838 789; x_wconf 89' lang='lat' dir='ltr'>viderit</span> <span class='ocrx_word' id='word_1_69' title='bbox 847 756 1062 796; x_wconf 88' lang='lat' dir='ltr'>sanguinem</span> <span class='ocrx_word' id='word_1_70' title='bbox 1072 765 1180 796; x_wconf 86' lang='lat' dir='ltr'>super</span> <span class='ocrx_word' id='word_1_71' title='bbox 1188 755 1453 796; x_wconf 86' lang='lat' dir='ltr'>superliminari</span> <span class='ocrx_word' id='word_1_72' title='bbox 1465 761 1501 787; x_wconf 92' lang='lat' dir='ltr'>et</span> <span class='ocrx_word' id='word_1_73' title='bbox 1511 764 1620 795; x_wconf 91' lang='lat' dir='ltr'>super</span> <span class='ocrx_word' id='word_1_74' title='bbox 1628 754 1770 785; x_wconf 89' lang='lat' dir='ltr'>duobus</span> 
     </span>
     <span class='ocr_line' id='line_1_9' title="bbox 449 798 1771 842; baseline -0.003 -9"><span class='ocrx_word' id='word_1_75' title='bbox 449 801 622 841; x_wconf 89' lang='lat' dir='ltr'>postibus,</span> <span class='ocrx_word' id='word_1_76' title='bbox 639 801 849 841; x_wconf 88' lang='lat' dir='ltr'>praeteribit</span> <span class='ocrx_word' id='word_1_77' title='bbox 860 800 1024 842; x_wconf 89' lang='lat' dir='ltr'>Jehovah</span> <span class='ocrx_word' id='word_1_78' title='bbox 1037 806 1179 840; x_wconf 89' lang='lat' dir='ltr'>praeter</span> <span class='ocrx_word' id='word_1_79' title='bbox 1192 799 1337 836; x_wconf 87' lang='lat' dir='ltr'>ostium,</span> <span class='ocrx_word' id='word_1_80' title='bbox 1354 805 1389 830; x_wconf 90' lang='lat' dir='ltr'>et</span> <span class='ocrx_word' id='word_1_81' title='bbox 1403 809 1476 830; x_wconf 89' lang='lat' dir='ltr'>non</span> <span class='ocrx_word' id='word_1_82' title='bbox 1491 798 1674 839; x_wconf 90' lang='lat' dir='ltr'>permittet</span> <span class='ocrx_word' id='word_1_83' title='bbox 1691 807 1771 838; x_wconf 90' lang='lat' dir='ltr'>per-</span> 
     </span>
     <span class='ocr_line' id='line_1_10' title="bbox 448 841 1766 884; baseline -0.002 -8"><span class='ocrx_word' id='word_1_84' title='bbox 448 844 586 876; x_wconf 91' lang='lat' dir='ltr'>cussori</span> <span class='ocrx_word' id='word_1_85' title='bbox 606 845 729 876; x_wconf 89' lang='lat' dir='ltr'>venire</span> <span class='ocrx_word' id='word_1_86' title='bbox 751 845 797 876; x_wconf 92' lang='lat' dir='ltr'>ad</span> <span class='ocrx_word' id='word_1_87' title='bbox 820 844 948 876; x_wconf 89' lang='lat' dir='ltr'>domos</span> <span class='ocrx_word' id='word_1_88' title='bbox 964 849 1104 875; x_wconf 88' lang='lat' dir='ltr'>vestras</span> <span class='ocrx_word' id='word_1_89' title='bbox 1124 843 1170 875; x_wconf 86' lang='lat' dir='ltr'>ad</span> <span class='ocrx_word' id='word_1_90' title='bbox 1195 842 1467 884; x_wconf 88' lang='lat' dir='ltr'>percutiendum</span> <span class='ocrx_word' id='word_1_91' title='bbox 1478 842 1497 854; x_wconf 86' lang='lat'>&#39;&#39;</span> <span class='ocrx_word' id='word_1_92' title='bbox 1516 842 1641 883; x_wconf 85' lang='lat' dir='ltr'><em>(Exod.</em></span> <span class='ocrx_word' id='word_1_93' title='bbox 1658 841 1718 874; x_wconf 90' lang='lat' dir='ltr'>xii.</span> <span class='ocrx_word' id='word_1_94' title='bbox 1737 849 1766 880; x_wconf 91' lang='lat'>7,</span> 
     </span>
    </p>
   </div>
   <div class='ocr_carea' id='block_1_3' title="bbox 449 889 656 928">
    <p class='ocr_par' dir='ltr' id='par_1_3' title="bbox 449 889 656 928">
     <span class='ocr_line' id='line_1_11' title="bbox 449 889 656 928; baseline 0.01 -9"><span class='ocrx_word' id='word_1_95' title='bbox 449 896 500 927; x_wconf 85' lang='lat'>13,</span> <span class='ocrx_word' id='word_1_96' title='bbox 516 896 568 926; x_wconf 85' lang='lat'>22,</span> <span class='ocrx_word' id='word_1_97' title='bbox 583 889 656 928; x_wconf 88' lang='lat'><strong>23):</strong></span> 
     </span>
    </p>
   </div>
   <div class='ocr_carea' id='block_1_4' title="bbox 231 995 1783 3075">
    <p class='ocr_par' dir='ltr' id='par_1_4' title="bbox 231 995 1783 3075">
     <span class='ocr_line' id='line_1_12' title="bbox 272 995 1766 1052; baseline -0.003 -13"><span class='ocrx_word' id='word_1_98' title='bbox 272 998 345 1051; x_wconf 91' lang='lat' dir='ltr'>qui</span> <span class='ocrx_word' id='word_1_99' title='bbox 377 1011 468 1038; x_wconf 92' lang='lat' dir='ltr'>non</span> <span class='ocrx_word' id='word_1_100' title='bbox 500 998 586 1039; x_wconf 90' lang='lat' dir='ltr'>scit</span> <span class='ocrx_word' id='word_1_101' title='bbox 617 998 738 1051; x_wconf 90' lang='lat' dir='ltr'>quod</span> <span class='ocrx_word' id='word_1_102' title='bbox 770 997 929 1052; x_wconf 88' lang='lat' dir='ltr'>aliquis</span> <span class='ocrx_word' id='word_1_103' title='bbox 962 1011 1120 1038; x_wconf 91' lang='lat' dir='ltr'>sensus</span> <span class='ocrx_word' id='word_1_104' title='bbox 1151 996 1394 1050; x_wconf 88' lang='lat' dir='ltr'>spiritualis</span> <span class='ocrx_word' id='word_1_105' title='bbox 1430 996 1475 1037; x_wconf 94' lang='lat' dir='ltr'>in</span> <span class='ocrx_word' id='word_1_106' title='bbox 1507 995 1662 1036; x_wconf 91' lang='lat' dir='ltr'>Verbo</span> <span class='ocrx_word' id='word_1_107' title='bbox 1694 995 1766 1043; x_wconf 91' lang='lat' dir='ltr'>sit,</span> 
     </span>
     <span class='ocr_line' id='line_1_13' title="bbox 271 1058 1768 1115; baseline -0.002 -13"><span class='ocrx_word' id='word_1_108' title='bbox 271 1061 415 1102; x_wconf 88' lang='lat' dir='ltr'>credit</span> <span class='ocrx_word' id='word_1_109' title='bbox 441 1061 562 1115; x_wconf 92' lang='lat' dir='ltr'>quod</span> <span class='ocrx_word' id='word_1_110' title='bbox 588 1075 667 1115; x_wconf 90' lang='lat' dir='ltr'>per</span> <span class='ocrx_word' id='word_1_111' title='bbox 691 1060 1027 1114; x_wconf 89' lang='lat' dir='ltr'>“sanguinem”</span> <span class='ocrx_word' id='word_1_112' title='bbox 1053 1060 1124 1102; x_wconf 92' lang='lat' dir='ltr'>hic</span> <span class='ocrx_word' id='word_1_113' title='bbox 1151 1060 1435 1113; x_wconf 87' lang='lat' dir='ltr'>intelligatur</span> <span class='ocrx_word' id='word_1_114' title='bbox 1461 1059 1644 1112; x_wconf 90' lang='lat' dir='ltr'>sanguis</span> <span class='ocrx_word' id='word_1_115' title='bbox 1672 1058 1768 1099; x_wconf 89' lang='lat' dir='ltr'>Do-</span> 
     </span>
     <span class='ocr_line' id='line_1_14' title="bbox 271 1122 1767 1178; baseline -0.002 -13"><span class='ocrx_word' id='word_1_116' title='bbox 271 1124 379 1165; x_wconf 91' lang='lat' dir='ltr'>mini</span> <span class='ocrx_word' id='word_1_117' title='bbox 397 1138 530 1178; x_wconf 91' lang='lat' dir='ltr'>super</span> <span class='ocrx_word' id='word_1_118' title='bbox 546 1138 704 1175; x_wconf 90' lang='lat' dir='ltr'>cruce;</span> <span class='ocrx_word' id='word_1_119' title='bbox 738 1124 818 1165; x_wconf 90' lang='lat' dir='ltr'>sed</span> <span class='ocrx_word' id='word_1_120' title='bbox 840 1124 927 1165; x_wconf 94' lang='lat' dir='ltr'>hoc</span> <span class='ocrx_word' id='word_1_121' title='bbox 950 1138 1131 1178; x_wconf 87' lang='lat' dir='ltr'>prorsus</span> <span class='ocrx_word' id='word_1_122' title='bbox 1149 1137 1240 1164; x_wconf 90' lang='lat' dir='ltr'>non</span> <span class='ocrx_word' id='word_1_123' title='bbox 1258 1123 1528 1176; x_wconf 86' lang='lat' dir='ltr'>intelligitur</span> <span class='ocrx_word' id='word_1_124' title='bbox 1544 1123 1588 1163; x_wconf 91' lang='lat' dir='ltr'>in</span> <span class='ocrx_word' id='word_1_125' title='bbox 1612 1122 1767 1172; x_wconf 89' lang='lat' dir='ltr'>caelo;</span> 
     </span>
     <span class='ocr_line' id='line_1_15' title="bbox 271 1185 1769 1241; baseline -0.001 -14"><span class='ocrx_word' id='word_1_126' title='bbox 271 1201 426 1228; x_wconf 90' lang='lat' dir='ltr'>verum</span> <span class='ocrx_word' id='word_1_127' title='bbox 444 1187 503 1228; x_wconf 93' lang='lat' dir='ltr'>ibi</span> <span class='ocrx_word' id='word_1_128' title='bbox 520 1187 672 1241; x_wconf 84' lang='lat' dir='ltr'>angeli</span> <span class='ocrx_word' id='word_1_129' title='bbox 689 1201 767 1241; x_wconf 89' lang='lat' dir='ltr'>per</span> <span class='ocrx_word' id='word_1_130' title='bbox 781 1186 953 1229; x_wconf 89' lang='lat' dir='ltr'>Cenam</span> <span class='ocrx_word' id='word_1_131' title='bbox 972 1186 1238 1228; x_wconf 89' lang='lat' dir='ltr'>Paschalem</span> <span class='ocrx_word' id='word_1_132' title='bbox 1257 1186 1329 1227; x_wconf 91' lang='lat' dir='ltr'>hic</span> <span class='ocrx_word' id='word_1_133' title='bbox 1346 1186 1490 1227; x_wconf 91' lang='lat' dir='ltr'>simile</span> <span class='ocrx_word' id='word_1_134' title='bbox 1504 1185 1769 1238; x_wconf 87' lang='lat' dir='ltr'>intelligunt</span> 
     </span>
     <span class='ocr_line' id='line_1_16' title="bbox 273 1249 1768 1304; baseline -0.001 -13"><span class='ocrx_word' id='word_1_135' title='bbox 273 1250 392 1303; x_wconf 92' lang='lat' dir='ltr'>quod</span> <span class='ocrx_word' id='word_1_136' title='bbox 415 1264 494 1304; x_wconf 92' lang='lat' dir='ltr'>per</span> <span class='ocrx_word' id='word_1_137' title='bbox 511 1249 726 1291; x_wconf 65' lang='lat' dir='ltr'>Sanctam</span> <span class='ocrx_word' id='word_1_138' title='bbox 744 1250 916 1292; x_wconf 89' lang='lat' dir='ltr'>Cenam</span> <span class='ocrx_word' id='word_1_139' title='bbox 935 1251 1192 1291; x_wconf 89' lang='lat' dir='ltr'>institutam</span> <span class='ocrx_word' id='word_1_140' title='bbox 1215 1264 1241 1290; x_wconf 92' lang='lat' dir='ltr'>a</span> <span class='ocrx_word' id='word_1_141' title='bbox 1264 1249 1476 1298; x_wconf 91' lang='lat' dir='ltr'>Domino,</span> <span class='ocrx_word' id='word_1_142' title='bbox 1495 1249 1540 1289; x_wconf 93' lang='lat' dir='ltr'>in</span> <span class='ocrx_word' id='word_1_143' title='bbox 1559 1262 1646 1302; x_wconf 89' lang='lat' dir='ltr'>qua</span> <span class='ocrx_word' id='word_1_144' title='bbox 1666 1249 1768 1289; x_wconf 90' lang='lat' dir='ltr'>loco</span> 
     </span>
     <span class='ocr_line' id='line_1_17' title="bbox 271 1311 1769 1366; baseline -0.001 -12"><span class='ocrx_word' id='word_1_145' title='bbox 271 1314 455 1366; x_wconf 89' lang='lat' dir='ltr'>pecudis</span> <span class='ocrx_word' id='word_1_146' title='bbox 496 1313 727 1355; x_wconf 88' lang='lat' dir='ltr'>Paschalis</span> <span class='ocrx_word' id='word_1_147' title='bbox 767 1320 873 1355; x_wconf 88' lang='lat' dir='ltr'>sunt</span> <span class='ocrx_word' id='word_1_148' title='bbox 914 1314 1047 1354; x_wconf 91' lang='lat' dir='ltr'>Panis</span> <span class='ocrx_word' id='word_1_149' title='bbox 1088 1319 1134 1354; x_wconf 92' lang='lat' dir='ltr'>et</span> <span class='ocrx_word' id='word_1_150' title='bbox 1172 1313 1369 1354; x_wconf 86' lang='lat' dir='ltr'>Vinum:</span> <span class='ocrx_word' id='word_1_151' title='bbox 1413 1318 1460 1354; x_wconf 87' lang='lat' dir='ltr'>et</span> <span class='ocrx_word' id='word_1_152' title='bbox 1500 1318 1608 1353; x_wconf 90' lang='lat' dir='ltr'>tunc</span> <span class='ocrx_word' id='word_1_153' title='bbox 1651 1311 1769 1353; x_wconf 86' lang='lat' dir='ltr'>dixit</span> 
     </span>
     <span class='ocr_line' id='line_1_18' title="bbox 273 1375 1768 1430; baseline -0.001 -13"><span class='ocrx_word' id='word_1_154' title='bbox 273 1376 492 1417; x_wconf 90' lang='lat' dir='ltr'>Dominus</span> <span class='ocrx_word' id='word_1_155' title='bbox 524 1377 644 1430; x_wconf 93' lang='lat' dir='ltr'>quod</span> <span class='ocrx_word' id='word_1_156' title='bbox 682 1377 814 1417; x_wconf 89' lang='lat' dir='ltr'>Panis</span> <span class='ocrx_word' id='word_1_157' title='bbox 851 1383 974 1418; x_wconf 90' lang='lat' dir='ltr'>esset</span> <span class='ocrx_word' id='word_1_158' title='bbox 1011 1376 1128 1418; x_wconf 91' lang='lat' dir='ltr'>Caro</span> <span class='ocrx_word' id='word_1_159' title='bbox 1165 1376 1323 1430; x_wconf 85' lang='lat' dir='ltr'>Ipsius,</span> <span class='ocrx_word' id='word_1_160' title='bbox 1358 1381 1404 1416; x_wconf 91' lang='lat' dir='ltr'>et</span> <span class='ocrx_word' id='word_1_161' title='bbox 1439 1375 1610 1416; x_wconf 89' lang='lat' dir='ltr'>Vinum</span> <span class='ocrx_word' id='word_1_162' title='bbox 1646 1381 1768 1416; x_wconf 87' lang='lat' dir='ltr'>esset</span> 
     </span>
     <span class='ocr_line' id='line_1_19' title="bbox 271 1438 1768 1494; baseline -0.001 -14"><span class='ocrx_word' id='word_1_163' title='bbox 271 1439 465 1493; x_wconf 85' lang='lat' dir='ltr'>Sanguis</span> <span class='ocrx_word' id='word_1_164' title='bbox 484 1440 628 1494; x_wconf 89' lang='lat' dir='ltr'>Ipsius</span> <span class='ocrx_word' id='word_1_165' title='bbox 645 1454 654 1491; x_wconf 87' lang='lat'>;</span> <span class='ocrx_word' id='word_1_166' title='bbox 682 1446 728 1481; x_wconf 91' lang='lat' dir='ltr'>et</span> <span class='ocrx_word' id='word_1_167' title='bbox 747 1440 932 1494; x_wconf 92' lang='lat' dir='ltr'>quisque</span> <span class='ocrx_word' id='word_1_168' title='bbox 951 1440 1051 1489; x_wconf 88' lang='lat' dir='ltr'>scit,</span> <span class='ocrx_word' id='word_1_169' title='bbox 1071 1445 1149 1480; x_wconf 92' lang='lat' dir='ltr'>aut</span> <span class='ocrx_word' id='word_1_170' title='bbox 1172 1440 1285 1480; x_wconf 87' lang='lat' dir='ltr'>scire</span> <span class='ocrx_word' id='word_1_171' title='bbox 1308 1444 1477 1492; x_wconf 89' lang='lat' dir='ltr'>potest,</span> <span class='ocrx_word' id='word_1_172' title='bbox 1497 1438 1617 1492; x_wconf 93' lang='lat' dir='ltr'>quod</span> <span class='ocrx_word' id='word_1_173' title='bbox 1640 1438 1768 1491; x_wconf 87' lang='lat' dir='ltr'>panis</span> 
     </span>
     <span class='ocr_line' id='line_1_20' title="bbox 271 1502 1768 1557; baseline -0.002 -13"><span class='ocrx_word' id='word_1_174' title='bbox 271 1510 317 1544; x_wconf 90' lang='lat' dir='ltr'>et</span> <span class='ocrx_word' id='word_1_175' title='bbox 335 1504 486 1544; x_wconf 87' lang='lat' dir='ltr'>vinum</span> <span class='ocrx_word' id='word_1_176' title='bbox 510 1504 600 1544; x_wconf 87' lang='lat' dir='ltr'>sint</span> <span class='ocrx_word' id='word_1_177' title='bbox 619 1517 733 1557; x_wconf 90' lang='lat' dir='ltr'>quae</span> <span class='ocrx_word' id='word_1_178' title='bbox 756 1504 960 1544; x_wconf 91' lang='lat' dir='ltr'>nutriunt</span> <span class='ocrx_word' id='word_1_179' title='bbox 984 1516 1160 1557; x_wconf 90' lang='lat' dir='ltr'>corpus,</span> <span class='ocrx_word' id='word_1_180' title='bbox 1181 1503 1309 1556; x_wconf 88' lang='lat' dir='ltr'>panis</span> <span class='ocrx_word' id='word_1_181' title='bbox 1331 1508 1381 1543; x_wconf 92' lang='lat' dir='ltr'>ut</span> <span class='ocrx_word' id='word_1_182' title='bbox 1405 1502 1529 1543; x_wconf 91' lang='lat' dir='ltr'>cibus</span> <span class='ocrx_word' id='word_1_183' title='bbox 1552 1507 1598 1542; x_wconf 90' lang='lat' dir='ltr'>et</span> <span class='ocrx_word' id='word_1_184' title='bbox 1615 1502 1768 1542; x_wconf 88' lang='lat' dir='ltr'>vinum</span> 
     </span>
     <span class='ocr_line' id='line_1_21' title="bbox 271 1563 1766 1620; baseline -0.001 -14"><span class='ocrx_word' id='word_1_185' title='bbox 271 1572 320 1607; x_wconf 89' lang='lat' dir='ltr'>ut</span> <span class='ocrx_word' id='word_1_186' title='bbox 343 1571 503 1620; x_wconf 90' lang='lat' dir='ltr'>potus;</span> <span class='ocrx_word' id='word_1_187' title='bbox 537 1572 583 1607; x_wconf 91' lang='lat' dir='ltr'>et</span> <span class='ocrx_word' id='word_1_188' title='bbox 601 1566 721 1619; x_wconf 92' lang='lat' dir='ltr'>quod</span> <span class='ocrx_word' id='word_1_189' title='bbox 743 1566 787 1606; x_wconf 91' lang='lat' dir='ltr'>in</span> <span class='ocrx_word' id='word_1_190' title='bbox 806 1565 976 1615; x_wconf 90' lang='lat' dir='ltr'>Verbo,</span> <span class='ocrx_word' id='word_1_191' title='bbox 997 1565 1117 1619; x_wconf 92' lang='lat' dir='ltr'>quod</span> <span class='ocrx_word' id='word_1_192' title='bbox 1140 1566 1183 1606; x_wconf 90' lang='lat' dir='ltr'>in</span> <span class='ocrx_word' id='word_1_193' title='bbox 1207 1579 1288 1606; x_wconf 89' lang='lat' dir='ltr'>suo</span> <span class='ocrx_word' id='word_1_194' title='bbox 1306 1565 1404 1605; x_wconf 91' lang='lat' dir='ltr'>sinu</span> <span class='ocrx_word' id='word_1_195' title='bbox 1427 1570 1497 1605; x_wconf 90' lang='lat' dir='ltr'>est</span> <span class='ocrx_word' id='word_1_196' title='bbox 1521 1563 1766 1617; x_wconf 86' lang='lat' dir='ltr'>spirituale,</span> 
     </span>
     <span class='ocr_line' id='line_1_22' title="bbox 271 1627 1769 1683; baseline -0.001 -13"><span class='ocrx_word' id='word_1_197' title='bbox 271 1630 408 1670; x_wconf 84' lang='lat' dir='ltr'>etiam</span> <span class='ocrx_word' id='word_1_198' title='bbox 445 1629 522 1670; x_wconf 90' lang='lat' dir='ltr'>illa</span> <span class='ocrx_word' id='word_1_199' title='bbox 553 1628 846 1683; x_wconf 84' lang='lat' dir='ltr'>spiritualiter</span> <span class='ocrx_word' id='word_1_200' title='bbox 881 1628 1181 1682; x_wconf 85' lang='lat' dir='ltr'>intelligenda</span> <span class='ocrx_word' id='word_1_201' title='bbox 1217 1629 1320 1677; x_wconf 88' lang='lat' dir='ltr'>sint,</span> <span class='ocrx_word' id='word_1_202' title='bbox 1355 1629 1418 1669; x_wconf 89' lang='lat' dir='ltr'>ita</span> <span class='ocrx_word' id='word_1_203' title='bbox 1453 1628 1622 1682; x_wconf 91' lang='lat' dir='ltr'>“panis</span> <span class='ocrx_word' id='word_1_204' title='bbox 1638 1627 1656 1642; x_wconf 90' lang='lat'>&#39;’</span> <span class='ocrx_word' id='word_1_205' title='bbox 1688 1641 1769 1681; x_wconf 86' lang='lat' dir='ltr'>pro</span> 
     </span>
     <span class='ocr_line' id='line_1_23' title="bbox 272 1690 1769 1746; baseline -0.001 -14"><span class='ocrx_word' id='word_1_206' title='bbox 272 1693 394 1733; x_wconf 91' lang='lat' dir='ltr'>omni</span> <span class='ocrx_word' id='word_1_207' title='bbox 426 1693 526 1733; x_wconf 92' lang='lat' dir='ltr'>cibo</span> <span class='ocrx_word' id='word_1_208' title='bbox 553 1692 785 1746; x_wconf 86' lang='lat' dir='ltr'>spirituali,</span> <span class='ocrx_word' id='word_1_209' title='bbox 814 1698 860 1733; x_wconf 90' lang='lat' dir='ltr'>et</span> <span class='ocrx_word' id='word_1_210' title='bbox 889 1693 1080 1733; x_wconf 89' lang='lat' dir='ltr'>“vinum</span> <span class='ocrx_word' id='word_1_211' title='bbox 1093 1692 1111 1707; x_wconf 86' lang='lat'>’&#39;</span> <span class='ocrx_word' id='word_1_212' title='bbox 1137 1706 1217 1746; x_wconf 91' lang='lat' dir='ltr'>pro</span> <span class='ocrx_word' id='word_1_213' title='bbox 1244 1692 1367 1733; x_wconf 91' lang='lat' dir='ltr'>omni</span> <span class='ocrx_word' id='word_1_214' title='bbox 1399 1698 1510 1746; x_wconf 88' lang='lat' dir='ltr'>potu</span> <span class='ocrx_word' id='word_1_215' title='bbox 1536 1690 1769 1746; x_wconf 87' lang='lat' dir='ltr'>spirituali.</span> 
     </span>
     <span class='ocr_line' id='line_1_24' title="bbox 273 1754 1769 1809; baseline 0 -14"><span class='ocrx_word' id='word_1_216' title='bbox 273 1754 408 1796; x_wconf 93' lang='lat' dir='ltr'>Cibus</span> <span class='ocrx_word' id='word_1_217' title='bbox 440 1755 681 1809; x_wconf 89' lang='lat' dir='ltr'>spiritualis</span> <span class='ocrx_word' id='word_1_218' title='bbox 714 1761 783 1796; x_wconf 91' lang='lat' dir='ltr'>est</span> <span class='ocrx_word' id='word_1_219' title='bbox 816 1768 951 1796; x_wconf 90' lang='lat' dir='ltr'>omne</span> <span class='ocrx_word' id='word_1_220' title='bbox 982 1755 1150 1795; x_wconf 90' lang='lat' dir='ltr'>bonum</span> <span class='ocrx_word' id='word_1_221' title='bbox 1178 1755 1297 1809; x_wconf 93' lang='lat' dir='ltr'>quod</span> <span class='ocrx_word' id='word_1_222' title='bbox 1330 1756 1692 1796; x_wconf 89' lang='lat' dir='ltr'>communicatur</span> <span class='ocrx_word' id='word_1_223' title='bbox 1723 1761 1769 1796; x_wconf 94' lang='lat' dir='ltr'>et</span> 
     </span>
     <span class='ocr_line' id='line_1_25' title="bbox 272 1818 1770 1872; baseline 0 -13"><span class='ocrx_word' id='word_1_224' title='bbox 272 1819 405 1859; x_wconf 88' lang='lat' dir='ltr'>datur</span> <span class='ocrx_word' id='word_1_225' title='bbox 422 1819 592 1859; x_wconf 88' lang='lat' dir='ltr'>homini</span> <span class='ocrx_word' id='word_1_226' title='bbox 609 1833 635 1859; x_wconf 91' lang='lat' dir='ltr'>a</span> <span class='ocrx_word' id='word_1_227' title='bbox 655 1818 868 1867; x_wconf 88' lang='lat' dir='ltr'>Domino,</span> <span class='ocrx_word' id='word_1_228' title='bbox 889 1832 940 1859; x_wconf 92' lang='lat' dir='ltr'>ac</span> <span class='ocrx_word' id='word_1_229' title='bbox 959 1825 1094 1872; x_wconf 92' lang='lat' dir='ltr'>potus</span> <span class='ocrx_word' id='word_1_230' title='bbox 1112 1818 1354 1872; x_wconf 87' lang='lat' dir='ltr'>spiritualis</span> <span class='ocrx_word' id='word_1_231' title='bbox 1372 1825 1442 1860; x_wconf 90' lang='lat' dir='ltr'>est</span> <span class='ocrx_word' id='word_1_232' title='bbox 1462 1833 1596 1860; x_wconf 92' lang='lat' dir='ltr'>omne</span> <span class='ocrx_word' id='word_1_233' title='bbox 1615 1832 1770 1860; x_wconf 90' lang='lat' dir='ltr'>verum</span> 
     </span>
     <span class='ocr_line' id='line_1_26' title="bbox 272 1881 1768 1936; baseline 0 -14"><span class='ocrx_word' id='word_1_234' title='bbox 272 1883 393 1936; x_wconf 90' lang='lat' dir='ltr'>quod</span> <span class='ocrx_word' id='word_1_235' title='bbox 411 1882 773 1923; x_wconf 87' lang='lat' dir='ltr'>communicatur</span> <span class='ocrx_word' id='word_1_236' title='bbox 784 1888 836 1936; x_wconf 70' lang='lat' dir='ltr'>⁴et</span> <span class='ocrx_word' id='word_1_237' title='bbox 854 1882 987 1922; x_wconf 89' lang='lat' dir='ltr'>datur</span> <span class='ocrx_word' id='word_1_238' title='bbox 1004 1881 1175 1922; x_wconf 90' lang='lat' dir='ltr'>homini</span> <span class='ocrx_word' id='word_1_239' title='bbox 1192 1896 1218 1922; x_wconf 89' lang='lat' dir='ltr'>a</span> <span class='ocrx_word' id='word_1_240' title='bbox 1241 1882 1453 1923; x_wconf 91' lang='lat' dir='ltr'>Domino.</span> <span class='ocrx_word' id='word_1_241' title='bbox 1517 1882 1644 1923; x_wconf 91' lang='lat' dir='ltr'>Haec</span> <span class='ocrx_word' id='word_1_242' title='bbox 1664 1882 1768 1931; x_wconf 90' lang='lat' dir='ltr'>duo,</span> 
     </span>
     <span class='ocr_line' id='line_1_27' title="bbox 273 1945 1770 1999; baseline 0 -13"><span class='ocrx_word' id='word_1_243' title='bbox 273 1959 435 1999; x_wconf 86' lang='lat' dir='ltr'>nempe</span> <span class='ocrx_word' id='word_1_244' title='bbox 467 1945 635 1986; x_wconf 92' lang='lat' dir='ltr'>bonum</span> <span class='ocrx_word' id='word_1_245' title='bbox 668 1951 715 1986; x_wconf 90' lang='lat' dir='ltr'>et</span> <span class='ocrx_word' id='word_1_246' title='bbox 741 1958 910 1994; x_wconf 88' lang='lat' dir='ltr'>verum,</span> <span class='ocrx_word' id='word_1_247' title='bbox 940 1959 1017 1986; x_wconf 90' lang='lat' dir='ltr'>seu</span> <span class='ocrx_word' id='word_1_248' title='bbox 1043 1959 1170 1986; x_wconf 89' lang='lat' dir='ltr'>amor</span> <span class='ocrx_word' id='word_1_249' title='bbox 1195 1951 1242 1986; x_wconf 90' lang='lat' dir='ltr'>et</span> <span class='ocrx_word' id='word_1_250' title='bbox 1269 1945 1394 1994; x_wconf 84' lang='lat' dir='ltr'>fides,</span> <span class='ocrx_word' id='word_1_251' title='bbox 1422 1945 1591 1987; x_wconf 89' lang='lat' dir='ltr'>faciunt</span> <span class='ocrx_word' id='word_1_252' title='bbox 1622 1945 1770 1986; x_wconf 91' lang='lat' dir='ltr'>homi-</span> 
     </span>
     <span class='ocr_line' id='line_1_28' title="bbox 273 2000 1770 2063; baseline 0.001 -14"><span class='ocrx_word' id='word_1_253' title='bbox 273 2022 376 2049; x_wconf 91' lang='lat' dir='ltr'>nem</span> <span class='ocrx_word' id='word_1_254' title='bbox 414 2008 693 2062; x_wconf 87' lang='lat' dir='ltr'>spiritualem</span> <span class='ocrx_word' id='word_1_255' title='bbox 714 2022 723 2059; x_wconf 91' lang='lat'>;</span> <span class='ocrx_word' id='word_1_256' title='bbox 770 2022 845 2049; x_wconf 83' lang='lat' dir='ltr'>seu</span> <span class='ocrx_word' id='word_1_257' title='bbox 885 2022 1012 2049; x_wconf 82' lang='lat' dir='ltr'>amor</span> <span class='ocrx_word' id='word_1_258' title='bbox 1048 2014 1090 2048; x_wconf 85' lang='lat' dir='ltr'>et</span> <span class='ocrx_word' id='word_1_259' title='bbox 1115 2000 1237 2063; x_wconf 50' lang='lat' dir='ltr'>fidei⁸</span> <span class='ocrx_word' id='word_1_260' title='bbox 1277 2009 1453 2058; x_wconf 88' lang='lat' dir='ltr'>dicitur,</span> <span class='ocrx_word' id='word_1_261' title='bbox 1493 2009 1596 2063; x_wconf 90' lang='lat' dir='ltr'>quia</span> <span class='ocrx_word' id='word_1_262' title='bbox 1635 2023 1770 2050; x_wconf 92' lang='lat' dir='ltr'>omne</span> 
     </span>
     <span class='ocr_line' id='line_1_29' title="bbox 271 2070 1770 2116; baseline 0.001 -3"><span class='ocrx_word' id='word_1_263' title='bbox 271 2072 440 2113; x_wconf 92' lang='lat' dir='ltr'>bonum</span> <span class='ocrx_word' id='word_1_264' title='bbox 463 2078 533 2112; x_wconf 92' lang='lat' dir='ltr'>est</span> <span class='ocrx_word' id='word_1_265' title='bbox 556 2072 722 2112; x_wconf 87' lang='lat' dir='ltr'>amoris</span> <span class='ocrx_word' id='word_1_266' title='bbox 745 2077 791 2112; x_wconf 90' lang='lat' dir='ltr'>et</span> <span class='ocrx_word' id='word_1_267' title='bbox 814 2084 949 2112; x_wconf 90' lang='lat' dir='ltr'>omne</span> <span class='ocrx_word' id='word_1_268' title='bbox 971 2085 1127 2112; x_wconf 89' lang='lat' dir='ltr'>verum</span> <span class='ocrx_word' id='word_1_269' title='bbox 1150 2078 1221 2112; x_wconf 92' lang='lat' dir='ltr'>est</span> <span class='ocrx_word' id='word_1_270' title='bbox 1244 2070 1359 2112; x_wconf 90' lang='lat' dir='ltr'>fidei.</span> <span class='ocrx_word' id='word_1_271' title='bbox 1398 2112 1401 2116; x_wconf 82' lang='grc'>,</span> <span class='ocrx_word' id='word_1_272' title='bbox 1422 2072 1534 2113; x_wconf 91' lang='lat' dir='ltr'>Inde</span> <span class='ocrx_word' id='word_1_273' title='bbox 1558 2079 1770 2114; x_wconf 87' lang='lat' dir='ltr'>constare</span> 
     </span>
     <span class='ocr_line' id='line_1_30' title="bbox 273 2134 1770 2189; baseline 0 -13"><span class='ocrx_word' id='word_1_274' title='bbox 273 2141 426 2189; x_wconf 89' lang='lat' dir='ltr'>potest</span> <span class='ocrx_word' id='word_1_275' title='bbox 463 2135 583 2189; x_wconf 91' lang='lat' dir='ltr'>quod</span> <span class='ocrx_word' id='word_1_276' title='bbox 624 2149 703 2188; x_wconf 91' lang='lat' dir='ltr'>per</span> <span class='ocrx_word' id='word_1_277' title='bbox 741 2137 948 2188; x_wconf 88' lang='lat' dir='ltr'>“panem</span> <span class='ocrx_word' id='word_1_278' title='bbox 964 2134 983 2149; x_wconf 94' lang='lat'>&#39;’</span> <span class='ocrx_word' id='word_1_279' title='bbox 1020 2134 1304 2188; x_wconf 89' lang='lat' dir='ltr'>intelligatur</span> <span class='ocrx_word' id='word_1_280' title='bbox 1342 2135 1555 2176; x_wconf 91' lang='lat' dir='ltr'>Divinum</span> <span class='ocrx_word' id='word_1_281' title='bbox 1594 2135 1770 2176; x_wconf 91' lang='lat' dir='ltr'>Bonum</span> 
     </span>
     <span class='ocr_line' id='line_1_31' title="bbox 274 2197 1771 2252; baseline 0.001 -14"><span class='ocrx_word' id='word_1_282' title='bbox 274 2199 424 2239; x_wconf 90' lang='lat' dir='ltr'>Divini</span> <span class='ocrx_word' id='word_1_283' title='bbox 446 2198 632 2238; x_wconf 92' lang='lat' dir='ltr'>Amoris</span> <span class='ocrx_word' id='word_1_284' title='bbox 655 2198 853 2246; x_wconf 90' lang='lat' dir='ltr'>Domini,</span> <span class='ocrx_word' id='word_1_285' title='bbox 878 2203 924 2238; x_wconf 91' lang='lat' dir='ltr'>et</span> <span class='ocrx_word' id='word_1_286' title='bbox 948 2198 1097 2251; x_wconf 92' lang='lat' dir='ltr'>quoad</span> <span class='ocrx_word' id='word_1_287' title='bbox 1119 2197 1365 2247; x_wconf 90' lang='lat' dir='ltr'>hominem,</span> <span class='ocrx_word' id='word_1_288' title='bbox 1390 2198 1433 2239; x_wconf 92' lang='lat' dir='ltr'>id</span> <span class='ocrx_word' id='word_1_289' title='bbox 1456 2204 1690 2252; x_wconf 88' lang='lat' dir='ltr'>receptum</span> <span class='ocrx_word' id='word_1_290' title='bbox 1713 2199 1771 2239; x_wconf 90' lang='lat' dir='ltr'>ab</span> 
     </span>
     <span class='ocr_line' id='line_1_32' title="bbox 273 2260 1770 2315; baseline 0.001 -14"><span class='ocrx_word' id='word_1_291' title='bbox 273 2261 380 2312; x_wconf 90' lang='lat' dir='ltr'>illo;</span> <span class='ocrx_word' id='word_1_292' title='bbox 422 2267 469 2302; x_wconf 91' lang='lat' dir='ltr'>et</span> <span class='ocrx_word' id='word_1_293' title='bbox 500 2261 619 2315; x_wconf 93' lang='lat' dir='ltr'>quod</span> <span class='ocrx_word' id='word_1_294' title='bbox 656 2275 735 2315; x_wconf 91' lang='lat' dir='ltr'>per</span> <span class='ocrx_word' id='word_1_295' title='bbox 769 2261 963 2302; x_wconf 83' lang='lat' dir='ltr'>“vinum</span> <span class='ocrx_word' id='word_1_296' title='bbox 978 2260 997 2276; x_wconf 89' lang='lat'>&#39;&#39;</span> <span class='ocrx_word' id='word_1_297' title='bbox 1029 2260 1312 2314; x_wconf 87' lang='lat' dir='ltr'>intelligatur</span> <span class='ocrx_word' id='word_1_298' title='bbox 1349 2261 1563 2302; x_wconf 88' lang='lat' dir='ltr'>Divinum</span> <span class='ocrx_word' id='word_1_299' title='bbox 1598 2262 1770 2302; x_wconf 92' lang='lat' dir='ltr'>Verum</span> 
     </span>
     <span class='ocr_line' id='line_1_33' title="bbox 273 2324 1771 2379; baseline 0.001 -14"><span class='ocrx_word' id='word_1_300' title='bbox 273 2325 523 2378; x_wconf 88' lang='lat' dir='ltr'>procedens</span> <span class='ocrx_word' id='word_1_301' title='bbox 541 2339 600 2365; x_wconf 88' lang='lat' dir='ltr'>ex</span> <span class='ocrx_word' id='word_1_302' title='bbox 624 2324 789 2365; x_wconf 90' lang='lat' dir='ltr'>Divino</span> <span class='ocrx_word' id='word_1_303' title='bbox 813 2324 942 2365; x_wconf 90' lang='lat' dir='ltr'>Bono</span> <span class='ocrx_word' id='word_1_304' title='bbox 966 2324 1114 2365; x_wconf 89' lang='lat' dir='ltr'>Divini</span> <span class='ocrx_word' id='word_1_305' title='bbox 1133 2324 1318 2365; x_wconf 89' lang='lat' dir='ltr'>Amoris</span> <span class='ocrx_word' id='word_1_306' title='bbox 1338 2325 1535 2374; x_wconf 90' lang='lat' dir='ltr'>Domini,</span> <span class='ocrx_word' id='word_1_307' title='bbox 1556 2331 1602 2366; x_wconf 89' lang='lat' dir='ltr'>et</span> <span class='ocrx_word' id='word_1_308' title='bbox 1621 2326 1771 2379; x_wconf 89' lang='lat' dir='ltr'>quoad</span> 
     </span>
     <span class='ocr_line' id='line_1_34' title="bbox 273 2387 1770 2442; baseline 0.001 -14"><span class='ocrx_word' id='word_1_309' title='bbox 273 2389 518 2437; x_wconf 90' lang='lat' dir='ltr'>hominem,</span> <span class='ocrx_word' id='word_1_310' title='bbox 546 2388 590 2428; x_wconf 93' lang='lat' dir='ltr'>id</span> <span class='ocrx_word' id='word_1_311' title='bbox 616 2394 850 2441; x_wconf 91' lang='lat' dir='ltr'>receptum</span> <span class='ocrx_word' id='word_1_312' title='bbox 878 2387 934 2428; x_wconf 89' lang='lat' dir='ltr'>ab</span> <span class='ocrx_word' id='word_1_313' title='bbox 960 2387 1051 2428; x_wconf 93' lang='lat' dir='ltr'>illo.</span> <span class='ocrx_word' id='word_1_314' title='bbox 1115 2387 1232 2441; x_wconf 81' lang='lat' dir='ltr'>Quia</span> <span class='ocrx_word' id='word_1_315' title='bbox 1264 2388 1486 2428; x_wconf 89' lang='lat' dir='ltr'>Dominus</span> <span class='ocrx_word' id='word_1_316' title='bbox 1513 2389 1621 2429; x_wconf 91' lang='lat' dir='ltr'>dicit</span> <span class='ocrx_word' id='word_1_317' title='bbox 1649 2388 1770 2442; x_wconf 92' lang='lat' dir='ltr'>quod</span> 
     </span>
     <span class='ocr_line' id='line_1_35' title="bbox 274 2449 1771 2504; baseline 0 -12"><span class='ocrx_word' id='word_1_318' title='bbox 274 2450 391 2492; x_wconf 88' lang='lat' dir='ltr'>Caro</span> <span class='ocrx_word' id='word_1_319' title='bbox 414 2451 558 2504; x_wconf 87' lang='lat' dir='ltr'>Ipsius</span> <span class='ocrx_word' id='word_1_320' title='bbox 581 2451 639 2491; x_wconf 95' lang='lat' dir='ltr'>sit</span> <span class='ocrx_word' id='word_1_321' title='bbox 662 2450 808 2498; x_wconf 90' lang='lat' dir='ltr'>Panis,</span> <span class='ocrx_word' id='word_1_322' title='bbox 829 2456 875 2491; x_wconf 90' lang='lat' dir='ltr'>et</span> <span class='ocrx_word' id='word_1_323' title='bbox 899 2449 1092 2503; x_wconf 85' lang='lat' dir='ltr'>Sanguis</span> <span class='ocrx_word' id='word_1_324' title='bbox 1116 2451 1261 2504; x_wconf 89' lang='lat' dir='ltr'>Ipsius</span> <span class='ocrx_word' id='word_1_325' title='bbox 1279 2452 1336 2491; x_wconf 91' lang='lat' dir='ltr'>sit</span> <span class='ocrx_word' id='word_1_326' title='bbox 1355 2451 1538 2500; x_wconf 90' lang='lat' dir='ltr'>Vinum,</span> <span class='ocrx_word' id='word_1_327' title='bbox 1559 2458 1771 2492; x_wconf 89' lang='lat' dir='ltr'>constare</span> 
     </span>
     <span class='ocr_line' id='line_1_36' title="bbox 231 2513 1770 2567; baseline 0.001 -13"><span class='ocrx_word' id='word_1_328' title='bbox 231 2529 234 2533; x_wconf 93' lang='lat'>·</span> <span class='ocrx_word' id='word_1_329' title='bbox 274 2519 428 2567; x_wconf 90' lang='lat' dir='ltr'>potest</span> <span class='ocrx_word' id='word_1_330' title='bbox 461 2513 581 2567; x_wconf 93' lang='lat' dir='ltr'>quod</span> <span class='ocrx_word' id='word_1_331' title='bbox 613 2526 692 2566; x_wconf 89' lang='lat' dir='ltr'>per</span> <span class='ocrx_word' id='word_1_332' title='bbox 725 2513 960 2554; x_wconf 88' lang='lat' dir='ltr'>“Carnem</span> <span class='ocrx_word' id='word_1_333' title='bbox 994 2513 1178 2554; x_wconf 91' lang='lat' dir='ltr'>Domini</span> <span class='ocrx_word' id='word_1_334' title='bbox 1193 2513 1211 2528; x_wconf 85' lang='lat'>&#39;’</span> <span class='ocrx_word' id='word_1_335' title='bbox 1243 2513 1526 2566; x_wconf 88' lang='lat' dir='ltr'>intelligatur</span> <span class='ocrx_word' id='word_1_336' title='bbox 1558 2514 1770 2555; x_wconf 89' lang='lat' dir='ltr'>Divinum</span> 
     </span>
     <span class='ocr_line' id='line_1_37' title="bbox 275 2575 1770 2630; baseline 0.001 -14"><span class='ocrx_word' id='word_1_337' title='bbox 275 2577 449 2617; x_wconf 90' lang='lat' dir='ltr'>Bonum</span> <span class='ocrx_word' id='word_1_338' title='bbox 489 2576 641 2616; x_wconf 89' lang='lat' dir='ltr'>Divini</span> <span class='ocrx_word' id='word_1_339' title='bbox 679 2575 864 2616; x_wconf 87' lang='lat' dir='ltr'>Amoris</span> <span class='ocrx_word' id='word_1_340' title='bbox 902 2576 1061 2629; x_wconf 88' lang='lat' dir='ltr'>Ipsius,</span> <span class='ocrx_word' id='word_1_341' title='bbox 1101 2583 1147 2617; x_wconf 90' lang='lat' dir='ltr'>et</span> <span class='ocrx_word' id='word_1_342' title='bbox 1185 2590 1264 2630; x_wconf 90' lang='lat' dir='ltr'>per</span> <span class='ocrx_word' id='word_1_343' title='bbox 1303 2577 1583 2618; x_wconf 87' lang='lat' dir='ltr'>“comedere</span> <span class='ocrx_word' id='word_1_344' title='bbox 1594 2577 1612 2592; x_wconf 93' lang='lat'><em>”</em></span> <span class='ocrx_word' id='word_1_345' title='bbox 1646 2577 1770 2618; x_wconf 90' lang='lat' dir='ltr'>illam</span> 
     </span>
     <span class='ocr_line' id='line_1_38' title="bbox 273 2639 1771 2697; baseline 0.001 -17"><span class='ocrx_word' id='word_1_346' title='bbox 273 2639 556 2697; x_wconf 77' lang='lat' dir='ltr'>intelligatur</span> <span class='ocrx_word' id='word_1_347' title='bbox 586 2639 786 2692; x_wconf 88' lang='lat' dir='ltr'>recipere</span> <span class='ocrx_word' id='word_1_348' title='bbox 823 2639 883 2688; x_wconf 91' lang='lat' dir='ltr'>id,</span> <span class='ocrx_word' id='word_1_349' title='bbox 917 2640 1205 2692; x_wconf 89' lang='lat' dir='ltr'>appropriare</span> <span class='ocrx_word' id='word_1_350' title='bbox 1231 2640 1339 2688; x_wconf 80' lang='lat' dir='ltr'>sibi,</span> <span class='ocrx_word' id='word_1_351' title='bbox 1374 2646 1420 2681; x_wconf 93' lang='lat' dir='ltr'>et</span> <span class='ocrx_word' id='word_1_352' title='bbox 1457 2641 1519 2681; x_wconf 93' lang='lat' dir='ltr'>sic</span> <span class='ocrx_word' id='word_1_353' title='bbox 1558 2639 1771 2693; x_wconf 87' lang='lat' dir='ltr'>conjungi</span> 
     </span>
     <span class='ocr_line' id='line_1_39' title="bbox 274 2701 1772 2756; baseline 0.001 -13"><span class='ocrx_word' id='word_1_354' title='bbox 274 2703 502 2753; x_wconf 89' lang='lat' dir='ltr'>Domino;</span> <span class='ocrx_word' id='word_1_355' title='bbox 541 2708 587 2743; x_wconf 90' lang='lat' dir='ltr'>et</span> <span class='ocrx_word' id='word_1_356' title='bbox 619 2702 739 2756; x_wconf 92' lang='lat' dir='ltr'>quod</span> <span class='ocrx_word' id='word_1_357' title='bbox 771 2716 850 2756; x_wconf 94' lang='lat' dir='ltr'>per</span> <span class='ocrx_word' id='word_1_358' title='bbox 884 2701 1204 2755; x_wconf 84' lang='lat' dir='ltr'>“Sanguinem</span> <span class='ocrx_word' id='word_1_359' title='bbox 1238 2702 1421 2743; x_wconf 92' lang='lat' dir='ltr'>Domini</span> <span class='ocrx_word' id='word_1_360' title='bbox 1436 2703 1456 2718; x_wconf 93' lang='lat'>’‘</span> <span class='ocrx_word' id='word_1_361' title='bbox 1487 2703 1772 2756; x_wconf 82' lang='lat' dir='ltr'>intelligatur</span> 
     </span>
     <span class='ocr_line' id='line_1_40' title="bbox 274 2765 1770 2819; baseline 0 -12"><span class='ocrx_word' id='word_1_362' title='bbox 274 2766 486 2807; x_wconf 91' lang='lat' dir='ltr'>Divinum</span> <span class='ocrx_word' id='word_1_363' title='bbox 509 2765 680 2806; x_wconf 91' lang='lat' dir='ltr'>Verum</span> <span class='ocrx_word' id='word_1_364' title='bbox 707 2765 959 2819; x_wconf 89' lang='lat' dir='ltr'>procedens</span> <span class='ocrx_word' id='word_1_365' title='bbox 982 2779 1042 2806; x_wconf 87' lang='lat' dir='ltr'>ex</span> <span class='ocrx_word' id='word_1_366' title='bbox 1066 2765 1230 2807; x_wconf 91' lang='lat' dir='ltr'>Divino</span> <span class='ocrx_word' id='word_1_367' title='bbox 1257 2766 1387 2807; x_wconf 91' lang='lat' dir='ltr'>Bono</span> <span class='ocrx_word' id='word_1_368' title='bbox 1411 2767 1561 2807; x_wconf 93' lang='lat' dir='ltr'>Divini</span> <span class='ocrx_word' id='word_1_369' title='bbox 1585 2766 1770 2807; x_wconf 89' lang='lat' dir='ltr'>Amoris</span> 
     </span>
     <span class='ocr_line' id='line_1_41' title="bbox 274 2828 1770 2884; baseline 0.001 -15"><span class='ocrx_word' id='word_1_370' title='bbox 274 2830 432 2883; x_wconf 90' lang='lat' dir='ltr'>Ipsius,</span> <span class='ocrx_word' id='word_1_371' title='bbox 452 2835 498 2870; x_wconf 93' lang='lat' dir='ltr'>et</span> <span class='ocrx_word' id='word_1_372' title='bbox 521 2842 599 2882; x_wconf 88' lang='lat' dir='ltr'>per</span> <span class='ocrx_word' id='word_1_373' title='bbox 618 2828 839 2870; x_wconf 84' lang='lat' dir='ltr'>“bibere’&#39;</span> <span class='ocrx_word' id='word_1_374' title='bbox 855 2828 980 2869; x_wconf 90' lang='lat' dir='ltr'>illum</span> <span class='ocrx_word' id='word_1_375' title='bbox 1003 2829 1287 2882; x_wconf 90' lang='lat' dir='ltr'>intelligatur</span> <span class='ocrx_word' id='word_1_376' title='bbox 1307 2831 1506 2884; x_wconf 89' lang='lat' dir='ltr'>recipere</span> <span class='ocrx_word' id='word_1_377' title='bbox 1529 2830 1586 2878; x_wconf 92' lang='lat' dir='ltr'>id,</span> <span class='ocrx_word' id='word_1_378' title='bbox 1607 2843 1770 2883; x_wconf 91' lang='lat' dir='ltr'>appro-</span> 
     </span>
     <span class='ocr_line' id='line_1_42' title="bbox 273 2891 1769 2947; baseline 0.001 -14"><span class='ocrx_word' id='word_1_379' title='bbox 273 2893 415 2946; x_wconf 88' lang='lat' dir='ltr'>priare</span> <span class='ocrx_word' id='word_1_380' title='bbox 442 2892 538 2941; x_wconf 90' lang='lat' dir='ltr'>sibi,</span> <span class='ocrx_word' id='word_1_381' title='bbox 567 2898 613 2933; x_wconf 90' lang='lat' dir='ltr'>et</span> <span class='ocrx_word' id='word_1_382' title='bbox 639 2892 701 2932; x_wconf 91' lang='lat' dir='ltr'>sic</span> <span class='ocrx_word' id='word_1_383' title='bbox 729 2891 943 2945; x_wconf 87' lang='lat' dir='ltr'>conjungi</span> <span class='ocrx_word' id='word_1_384' title='bbox 972 2892 1184 2933; x_wconf 90' lang='lat' dir='ltr'>Domino.</span> <span class='ocrx_word' id='word_1_385' title='bbox 1246 2892 1401 2934; x_wconf 91' lang='lat' dir='ltr'>Etiam</span> <span class='ocrx_word' id='word_1_386' title='bbox 1429 2894 1616 2934; x_wconf 91' lang='lat' dir='ltr'>nutritio</span> <span class='ocrx_word' id='word_1_387' title='bbox 1643 2894 1769 2947; x_wconf 90' lang='lat' dir='ltr'>spiri-</span> 
     </span>
     <span class='ocr_line' id='line_1_43' title="bbox 273 2954 1783 3023; baseline 0.001 -28"><span class='ocrx_word' id='word_1_388' title='bbox 273 2954 406 2996; x_wconf 89' lang='lat' dir='ltr'>tualis</span> <span class='ocrx_word' id='word_1_389' title='bbox 429 2961 499 2996; x_wconf 89' lang='lat' dir='ltr'>est</span> <span class='ocrx_word' id='word_1_390' title='bbox 522 2969 581 2995; x_wconf 88' lang='lat' dir='ltr'>ex</span> <span class='ocrx_word' id='word_1_391' title='bbox 603 2955 724 2995; x_wconf 92' lang='lat' dir='ltr'>bono</span> <span class='ocrx_word' id='word_1_392' title='bbox 747 2961 793 2996; x_wconf 91' lang='lat' dir='ltr'>et</span> <span class='ocrx_word' id='word_1_393' title='bbox 815 2969 924 2996; x_wconf 90' lang='lat' dir='ltr'>vero</span> <span class='ocrx_word' id='word_1_394' title='bbox 946 2969 1060 3010; x_wconf 89' lang='lat' dir='ltr'>quae</span> <span class='ocrx_word' id='word_1_395' title='bbox 1083 2955 1336 3009; x_wconf 91' lang='lat' dir='ltr'>procedunt</span> <span class='ocrx_word' id='word_1_396' title='bbox 1363 2970 1389 2997; x_wconf 90' lang='lat' dir='ltr'>a</span> <span class='ocrx_word' id='word_1_397' title='bbox 1416 2956 1628 3005; x_wconf 90' lang='lat' dir='ltr'>Domino,</span> <span class='ocrx_word' id='word_1_398' title='bbox 1654 2954 1783 3023; x_wconf 47' lang='lat' dir='ltr'>sicut(</span> 
     </span>
     <span class='ocr_line' id='line_1_44' title="bbox 272 3014 1767 3075; baseline 0.001 -15"><span class='ocrx_word' id='word_1_399' title='bbox 272 3025 341 3060; x_wconf 81' lang='lat' dir='ltr'>est</span> <span class='ocrx_word' id='word_1_400' title='bbox 365 3014 550 3060; x_wconf 70' lang='lat' dir='ltr'>nut‘ritio</span> <span class='ocrx_word' id='word_1_401' title='bbox 573 3020 718 3060; x_wconf 87' lang='lat' dir='ltr'>omnis</span> <span class='ocrx_word' id='word_1_402' title='bbox 741 3020 940 3073; x_wconf 89' lang='lat' dir='ltr'>corporis</span> <span class='ocrx_word' id='word_1_403' title='bbox 963 3033 1022 3061; x_wconf 87' lang='lat' dir='ltr'>ex</span> <span class='ocrx_word' id='word_1_404' title='bbox 1045 3020 1145 3061; x_wconf 91' lang='lat' dir='ltr'>cibo</span> <span class='ocrx_word' id='word_1_405' title='bbox 1168 3026 1215 3061; x_wconf 91' lang='lat' dir='ltr'>et</span> <span class='ocrx_word' id='word_1_406' title='bbox 1238 3026 1374 3075; x_wconf 88' lang='lat' dir='ltr'>potu:</span> <span class='ocrx_word' id='word_1_407' title='bbox 1409 3021 1512 3062; x_wconf 90' lang='lat' dir='ltr'>inde</span> <span class='ocrx_word' id='word_1_408' title='bbox 1535 3021 1672 3062; x_wconf 88' lang='lat' dir='ltr'>etiam</span> <span class='ocrx_word' id='word_1_409' title='bbox 1696 3027 1767 3062; x_wconf 89' lang='lat' dir='ltr'>est</span> 
     </span>
    </p>
   </div>
  </div>
 </body>
</html>
