2060 3476
270 348 354 390 224
682 346 1016 381 APOCALYPSIS
1047 348 1348 383 EXPLICATA„

270 462 437 512 “reges
449 458 468 475 ”
499 465 604 501 sunt
639 459 735 514 ipsa
765 474 884 510 vera,
920 461 1179 515 “principes
1214 460 1436 503 feminae’'
1467 466 1571 503 sunt
1603 475 1757 503 eorum

267 523 413 574 bona;
446 537 525 577 per
552 523 664 564 haec
696 530 742 565 et
773 524 850 565 illa
881 525 983 578 quia
1013 525 1151 566 homo
1182 531 1474 578 regeneratur
1504 531 1550 566 et
1582 539 1758 579 quoque

266 583 417 633 alitur,
437 584 602 625 dicitur
623 585 744 638 quod
766 591 898 626 erunt
919 589 944 606 “
958 585 1252 627 lactatrices''
1270 591 1317 626 et
1337 585 1589 626 “nutritii.'’
1647 595 1759 635 (Quod

210 658 215 663 ·
265 647 364 676 homo
384 657 442 686 per
456 657 530 677 vera
544 652 575 677 et
595 657 653 686 per
666 649 762 678 vitam
777 650 954 678 secundum
974 649 1028 679 illa
1041 654 1252 687 regeneretur,
1267 649 1411 678 videatur
1430 649 1463 678 in
1478 650 1638 679 Doctrina
1651 651 1759 680 Novae

266 704 509 742 Hierosolymae,
529 714 561 735 n.
581 714 630 742 23,
651 714 699 743 24,
720 714 768 742 27,
791 705 873 744 186.)
944 695 1032 736 Hic
1064 701 1135 736 est
1166 708 1326 735 sensus
1360 688 1566 736 in‘ternus
1596 695 1756 737 horum

241 755 530 806 ¹verborum;
572 757 668 810 quis
699 757 867 810 absque
898 770 952 798 eo
984 770 1117 798 sensu
1154 754 1462 797 intellecturus
1493 763 1614 798 esset
1651 756 1757 798 illa?

265 817 405 871 Apud
431 819 639 868 eundem,

334 917 467 949 “Dixit
489 917 663 960 Jehovah‚
685 918 775 950 Ecce
805 919 882 959 Ego
906 919 1113 959 expandens
1138 918 1272 959 super”
1298 918 1602 960 Hierosolymam,
1633 919 1757 952 “sicut

439 961 596 1000 fluvium,
611 972 746 1003 pacem,
760 968 795 993 et
808 963 898 994 sicut
908 968 1103 994 torrentem
1120 960 1399 1004 [inundantem],
1415 962 1568 1003 gloriam
1581 963 1752 1003 gentium,

438 1011 477 1036 ut
487 1006 632 1046 sugatis.
682 1030 777 1038 .....
786 1006 914 1037 Veniet
925 1006 970 1037 ad
981 1006 1271 1046 congregandum
1283 1015 1409 1037 omnes
1420 1012 1545 1046 gentes
1556 1012 1591 1037 et
1602 1006 1752 1046 linguas,

438 1055 476 1080 ut
487 1049 633 1080 veniant
644 1049 858 1090 videantque
871 1049 1022 1089 gloriam
1036 1058 1164 1081 meam.
1213 1073 1307 1081 .....
1316 1050 1592 1081 Annuntiabunt
1604 1050 1755 1090 gloriam

438 1101 555 1124 meam
573 1091 608 1124 in
625 1093 792 1133 gentibus
807 1102 813 1131 ;
838 1099 922 1124 tunc
938 1093 1115 1124 adducent
1130 1092 1258 1124 fratres
1271 1098 1411 1124 vestros
1428 1103 1472 1124 ex
1488 1093 1655 1125 omnibus
1671 1103 1757 1134 gen-

438 1136 532 1168 tibus
557 1146 685 1167 munus
709 1136 867 1178 jehovae
891 1145 998 1176 super
1013 1136 1112 1178 equis
1137 1142 1172 1168 et
1195 1145 1301 1177 super
1322 1146 1425 1168 curru
1429 1161 1520 1175 .....
1528 1136 1573 1168 ad
1597 1143 1756 1169 montem

438 1178 639 1211 sanctitatis
657 1179 786 1211 meae''
803 1179 898 1220 (lxvi.
919 1188 969 1218 12,
988 1179 1128 1220 18-2o);

266 1285 291 1302 “
307 1281 656 1334 Hierosolyma”
673 1282 732 1322 ibi
749 1287 819 1322 est
837 1281 1029 1322 ecclesia
1051 1281 1232 1322 Domini
1253 1282 1297 1322 in
1316 1281 1451 1322 caelis
1468 1288 1515 1323 et
1537 1282 1580 1322 in
1599 1282 1727 1323 terris
1745 1296 1754 1332 ;

264 1343 461 1384 ecclesia
482 1343 526 1383 in
548 1342 688 1383 caelis
710 1343 890 1392 dicitur,
913 1343 1017 1397 quia
1041 1343 1102 1383 ibi
1127 1343 1267 1383 etiam
1289 1349 1360 1383 est
1382 1342 1578 1384 ecclesia
1600 1353 1757 1393 (videatur

263 1414 296 1443 in
311 1423 407 1451 opere
422 1414 473 1443 De
491 1414 580 1443 Caelo
594 1417 625 1442 et
637 1414 773 1452 Inferna¹
787 1422 818 1443 n.
832 1413 986 1452 221-227)
1004 1417 1013 1454 ;
1045 1416 1125 1456 per
1148 1407 1174 1423 “
1187 1408 1353 1456 gentes
1378 1409 1424 1443 et
1451 1402 1629 1456 linguas
1642 1403 1661 1418 ”
1686 1404 1754 1444 in-

265 1464 532 1518 telliguntur
546 1478 704 1506 omnes
723 1465 795 1518 qui
813 1465 855 1505 in
875 1464 1004 1505 bonis
1022 1465 1185 1505 amoris
1203 1470 1248 1505 et
1267 1464 1369 1505 inde
1387 1465 1502 1505 veris
1519 1478 1527 1504 :
1555 1463 1753 1518 [dicitur]

267 1528 530 1568 “adducere
552 1542 611 1568 ex
634 1527 839 1568 omnibus
862 1528 1072 1581 gentibus
1090 1541 1248 1568 munus
1264 1527 1462 1581 Jehovae
1485 1541 1616 1581 super
1632 1528 1755 1582 equis

265 1598 311 1632 et
329 1605 460 1644 super
474 1590 639 1640 curru,'’
657 1590 722 1644 [et
740 1590 829 1645 hic]
849 1595 874 1611 “
889 1604 1047 1631 munus
1062 1591 1261 1644 Jehovae
1273 1590 1292 1606 ”
1309 1596 1378 1631 est
1397 1590 1542 1631 cultus
1560 1604 1619 1631 ex
1636 1590 1756 1636 bono

264 1655 443 1703 amoris,
474 1655 612 1708 “equi
642 1661 687 1695 et
715 1667 865 1700 currus
878 1653 897 1669 ”
919 1660 1024 1694 sunt
1055 1652 1378 1695 intellectualia
1404 1659 1449 1694 et
1476 1651 1755 1703 doctrinalia,

265 1729 370 1756 nam
392 1730 451 1756 ex
474 1715 542 1756 his
565 1722 611 1756 et
631 1729 766 1769 super
782 1715 850 1756 his
872 1715 1087 1756 fundatur
1104 1715 1268 1756 cultus.
1327 1725 1439 1764 (Quod
1454 1722 1557 1762 “equi
1571 1729 1603 1754 et
1617 1724 1755 1754 currus··

264 1780 317 1809 illa
333 1780 519 1817 significent,
534 1779 679 1808 videatur
693 1779 725 1808 in
744 1779 900 1817 opusculo
916 1779 966 1808 De
980 1779 1072 1817 Equo
1086 1779 1176 1814 Albo,
1192 1787 1223 1809 n.
1241 1778 1322 1818 1-5.)
1379 1767 1520 1822 APUd
1542 1768 1753 1816 eundem,

333 1869 355 1882 ‘⁴
368 1867 445 1899 Fiet
461 1867 496 1898 in
511 1867 568 1899 die
585 1867 647 1899 illo
665 1867 835 1899 Radicem
848 1867 1007 1909 Jischaji,
1024 1867 1082 1909 qui
1100 1872 1199 1899 stans
1216 1867 1252 1898 in
1270 1867 1412 1908 signum
1430 1867 1654 1908 populorum,
1670 1877 1756 1908 gen-

439 1917 492 1943 tes
509 1910 708 1952 quaerent’'
726 1911 786 1950 (xi.
806 1914 878 1951 10);

265 2007 457 2048 “Radix
491 2006 682 2060 Ischaji”
710 2013 779 2048 est
812 2007 1059 2057 Dominus;
1094 2010 1251 2048 “stare
1281 2007 1324 2047 in
1357 2007 1533 2060 signum
1565 2006 1753 2060 populo-

263 2070 398 2119 rum‚''
430 2077 500 2112 est
533 2077 580 2111 ut
612 2070 816 2111 videatur
847 2071 903 2111 ab
934 2070 1019 2111 illis
1050 2071 1123 2124 qui
1158 2071 1201 2110 in
1233 2070 1348 2111 veris
1380 2076 1510 2120 sunt;
1555 2073 1754 2123 “gentes

263 2134 337 2187 qui
362 2139 579 2188 quaerent
592 2133 611 2148 ‘’
637 2139 740 2174 sunt
766 2134 839 2187 qui
870 2133 914 2173 in
939 2133 1059 2174 bono
1085 2133 1272 2173 amoris:
1307 2133 1501 2174 creditur
1526 2133 1645 2187 quod
1677 2147 1755 2186 per

266 2201 466 2250 “gentes
479 2196 498 2212 '’
523 2197 582 2236 ibi
613 2196 924 2249 intelligantur
953 2202 1116 2248 gentes
1142 2209 1255 2249 quae
1281 2209 1541 2236 accessurae
1573 2202 1676 2237 sunt
1708 2202 1754 2238 et

266 2260 510 2300 Dominum
556 2260 805 2312 agniturae,
851 2273 911 2299 ex
956 2259 1112 2312 quibus
1158 2258 1349 2299 ecclesia
1393 2273 1506 2312 quae
1550 2259 1756 2301 Ecclesia

265 2322 478 2364 Gentium
509 2328 724 2373 vocatur3
762 2328 809 2363 at
841 2335 930 2362 non
962 2321 1024 2362 illi
1055 2336 1133 2375 per
1166 2321 1394 2375 “gentes''
1425 2321 1754 2375 intelliguntur,

263 2385 344 2426 sed
371 2399 528 2426 omnes
555 2386 628 2439 qui
653 2386 698 2425 in
724 2398 877 2426 amore
902 2391 948 2426 et
975 2384 1061 2426 fide
1087 2386 1130 2425 in
1158 2385 1400 2425 Dominum
1427 2386 1546 2434 sunt,
1569 2386 1662 2426 sive
1686 2386 1753 2425 in-

265 2453 335 2488 tra
360 2447 604 2487 ecclesiam
635 2447 729 2487 sive
759 2453 895 2487 extra
924 2447 1051 2487 illam
1081 2448 1172 2487 sint
1203 2456 1362 2496 (videatur
1379 2457 1412 2486 in
1431 2466 1527 2495 opere
1546 2458 1597 2486 De
1619 2457 1709 2487 Caelo
1727 2460 1757 2486 et

264 2518 401 2557 Inferna,
414 2527 445 2547 n.
459 2519 529 2555 308,
544 2515 745 2556 [¹1318-328).
803 2506 945 2560 Apud
970 2507 1181 2555 eundem,

332 2604 610 2689 “H⁰¹‚¹19f{¹¹,b(¹¹¹¹t
635 2604 687 2688 Τξ
713 2604 864 2645 populus
887 2604 1037 2643 validus,
1064 2605 1148 2637 urbs
1171 2604 1330 2646 gentium
1355 2604 1555 2645 potentium
1579 2603 1754 2636 timebunt

472 2658 491 2680 e
550 2658 631 2680 xxv.
648 2657 667 2688 3
694 2658 701 2687 ;

264 2725 383 2780 apud
409 2725 615 2774 eundem,

332 2801 510 2842 “Aperite
527 2806 648 2841 portas
664 2806 704 2832 ut
719 2800 938 2841 ingrediatur
953 2810 1042 2841 gens
1058 2800 1154 2842 justa
1167 2810 1190 2838 :.
1205 2825 1213 2833 .
1226 2825 1234 2834 .
1249 2800 1431 2834 ‚addidisti
1446 2800 1556 2841 genti,
1574 2799 1749 2842 Jehovah.

438 2844 606 2876 addidisti
622 2844 732 2885 genti,
751 2844 969 2885 glorificatus
985 2854 1024 2876 es
1036 2843 1054 2857 '⁸
1072 2844 1179 2884 (xxvi.
1201 2842 1266 2883 1²12,
1285 2844 1338 2885 15)
1352 2853 1360 2884 ;

265 2922 380 2976 apud
407 2921 615 2971 eundem,

332 2999 354 3013 ‘⁸
364 2997 658 3039 Appropinquate
671 3003 795 3039 gentes
806 2998 850 3030 ad
863 2997 1088 3036 audiendum,
1103 3004 1138 3030 et
1151 2997 1272 3039 populi
1285 2997 1479 3030 auscultate
1489 2996 1507 3009 ”
1520 2995 1652 3038 (xxxiv.
1669 2994 1701 3037 1)
1713 3005 1722 3035 ς
