2060 3476
391 351 469 404 508
802 358 1136 393 APOCALYPSIS
1166 359 1465 393 EXPLICATA.

387 473 433 514 in
457 472 742 526 Apocalypsi,

509 547 616 580 Filius
633 548 790 580 hominis
810 548 978 581 “habens
995 549 1031 580 in
1045 558 1153 581 manu
1169 548 1292 581 dextra
1308 548 1430 580 stellas
1447 553 1584 588 septem
1595 545 1614 560 ”
1631 546 1666 587 (i.
1682 547 1754 588 16)⁴:

387 624 507 679 apud
534 624 771 674 Davidem,

456 702 478 715 ‘⁴
491 699 814 785 Dextra‘lehovag)
824 700 908 733 facit
929 700 1185 739 fortitudinem,
1208 700 1333 731 dextra
1349 698 1508 741 Jehovae
1528 697 1709 731 exaltata”
1729 698 1873 739 (Psalm-

562 753 677 776 cxvui.
694 751 744 783 15,
761 752 776 775 1
817 769 825 776 .

471 845 552 901 [0.]
595 845 713 900 Quia
737 860 816 900 per
843 845 1136 895 “dextram,”
1162 858 1265 886 cum
1290 846 1347 886 de
1372 844 1550 898 angelis
1575 851 1621 886 et
1647 844 1703 885 de
1727 844 1876 885 homi-

379 908 530 958 nibus,
563 908 833 961 intelligitur
863 908 1086 961 sapientia
1117 913 1163 948 et
1200 906 1506 960 intelligentia
1537 920 1650 960 quae
1685 906 1773 947 illis
1805 912 1875 948 est

388 985 448 1012 ex
471 970 635 1012 Divino
658 970 786 1012 Bono
809 984 887 1024 per
909 970 1122 1011 Divinum
1145 969 1317 1011 Verum
1339 969 1590 1023 procedens
1612 983 1638 1010 a
1663 969 1874 1018 Domino,

388 1033 490 1075 ideo
536 1064 538 1067 -

452 1122 627 1206 Visus(elst
640 1121 854 1205 Ζεξοῑιειῖιςαε·
860 1121 1038 1163 ‘Angelus
1056 1121 1201 1153 Domini
1219 1127 1319 1153 stans
1335 1131 1357 1152 a
1369 1120 1502 1152 dextris
1519 1120 1640 1152 altaris
1657 1118 1878 1152 suffimenti”

609 1176 650 1197 uc
674 1176 684 1197 1
712 1174 750 1197 11

454 1209 507 1241 Ae
517 1210 615 1241 visus
629 1216 683 1241 est
695 1209 867 1249 angelus
858 1219 894 1240 m
909 1214 1155 1247 monumento,
1168 1208 1227 1240 ubi
1240 1208 1356 1247 fuerat
1368 1207 1555 1246 Dominus,
1569 1207 1698 1239 sedens
1712 1216 1733 1238 a
1745 1206 1878 1238 dextris
1929 1222 1935 1228 ·

576 1253 624 1284 M
644 1263 664 1283 r

454 1296 506 1328 Ac
526 1252 605 1328 id(eo
621 1252 895 1328 Zvcesmdiicganu
913 1296 1050 1337 positae
1069 1305 1091 1327 a
1106 1295 1250 1334 dextris,
1271 1301 1306 1327 et
1324 1295 1411 1326 hirci
1428 1305 1450 1326 a
1465 1294 1618 1326 sinistris
1635 1293 1779 1334 (Matth.
1793 1303 1875 1326 xxv.

563 1348 616 1380 33,
632 1348 683 1380 34·
700 1339 790 1382 seq.)
804 1349 812 1380 ;

390 1442 468 1482 per
491 1431 638 1470 “oves
649 1428 669 1444 ''
691 1428 750 1470 ibi
775 1427 1092 1481 intelliguntur
1113 1427 1186 1481 qui
1213 1426 1256 1468 in
1282 1427 1398 1468 veris
1424 1440 1484 1468 ex
1509 1426 1631 1467 bono
1657 1431 1776 1474 sunt,
1801 1439 1879 1466 seu

389 1492 433 1532 in
460 1490 545 1532 fide
571 1492 663 1533 veri
689 1505 748 1532 ex
775 1491 895 1532 bono
921 1491 1181 1541 charitatis;
1215 1503 1294 1544 per
1322 1488 1537 1544 “hircos’'
1563 1494 1716 1530 autem
1742 1487 1878 1538 intel-

390 1555 591 1608 liguntur
622 1556 695 1609 qui
731 1555 775 1596 in
811 1553 898 1595 fide
930 1554 1098 1608 absque
1130 1553 1367 1602 charitate,
1401 1566 1514 1606 quae
1550 1551 1660 1592 fides
1690 1557 1880 1592 vocatur

389 1618 486 1659 sola
508 1617 633 1667 fides,
653 1624 699 1659 et
722 1618 766 1659 in
790 1631 837 1658 se
859 1615 1066 1671 spectata
1088 1623 1157 1658 est
1181 1615 1304 1656 nulla
1325 1615 1447 1656 fides.
1510 1614 1627 1668 Quia
1646 1612 1879 1655 “dextra’'

389 1680 500 1722 talia
518 1679 816 1735 significabat',
833 1680 935 1721 ideo
953 1678 1142 1720 Aharon
1162 1685 1207 1720 et
1226 1677 1301 1719 filii
1319 1677 1411 1732 ejus
1429 1691 1531 1719 cum
1548 1677 1879 1731 inauguraban-

389 1751 461 1785 tur
483 1744 526 1785 in
553 1744 872 1793 sacerdotium,

454 1835 607 1876 Sanguis
631 1835 865 1875 spargebatur
888 1843 995 1874 super
1018 1842 1140 1865 eorum
1164 1832 1357 1864 auriculam
1378 1832 1551 1868 dextram,
1574 1836 1609 1862 et
1632 1839 1738 1870 super
1757 1838 1880 1862 eorum

562 1879 707 1910 dextrae
725 1887 851 1909 manus
868 1883 903 1909 et
919 1877 1032 1909 dextri
1051 1876 1150 1917 pedis
1169 1876 1333 1917 pollicem
1352 1875 1475 1916 (Exod.
1489 1875 1584 1906 xxix.
1600 1874 1675 1914 20);

389 1981 468 2021 per
488 1971 512 1987 ‘¹
525 1965 812 2020 sanguinem'
816 1965 899 2006 'ibi
917 1964 1195 2018 significatur
1214 1964 1425 2004 Divinum
1444 1962 1614 2004 Verum
1632 1975 1691 2002 ex
1715 1960 1880 2001 Divino

390 2031 544 2081 Bono3
578 2043 656 2083 per
684 2028 965 2070 “auriculam
992 2027 1237 2069 dextram’'
1263 2025 1540 2080 significatur
1571 2024 1880 2078 perceptivum

388 2094 482 2135 veri
499 2107 558 2134 ex
576 2093 697 2134 bono
714 2106 723 2143 ;
757 2106 834 2145 per
852 2091 1104 2132 “dextram
1123 2103 1304 2131 manum
1317 2089 1335 2104 '’
1350 2096 1396 2130 et
1417 2089 1670 2129 “dextrum
1687 2087 1850 2141 pedem
1860 2085 1881 2101 ”

389 2155 666 2210 significatur
683 2154 990 2207 intelligentia
1007 2160 1053 2195 et
1077 2154 1285 2207 potentia
1302 2152 1393 2193 veri
1416 2165 1475 2192 ex
1497 2151 1618 2191 bono
1636 2150 1680 2190 in
1702 2150 1881 2190 interno

390 2233 467 2260 seu
498 2218 717 2272 spirituali
754 2217 937 2258 homine
975 2223 1021 2258 et
1058 2217 1102 2257 in
1139 2222 1333 2257 externo
1369 2228 1447 2255 seu
1478 2212 1685 2261 naturali,
1719 2214 1766 2252 et'
1802 2225 1881 2266 per

392 2286 418 2304 “
438 2282 647 2337 pollicem
663 2281 682 2296 '’
724 2279 1003 2334 significatur
1043 2279 1238 2333 plenum.
1320 2276 1545 2330 Quoniam
1586 2275 1798 2329 pleraque
1836 2275 1882 2315 in

391 2346 546 2387 Verbo
569 2345 707 2386 etiam
725 2343 983 2397 oppositum
1004 2354 1185 2383 sensum
1207 2341 1393 2390 habent,
1413 2353 1548 2418 quare
1570 2339 1708 2379 etiam
1729 2338 1881 2378 “dex-

391 2416 486 2460 tra,
492 2408 511 2424 ''
543 2415 589 2449 et
621 2408 665 2448 in
696 2421 750 2448 eo
782 2419 915 2446 sensu
947 2390 1171 2459 significat
1201 2402 1434 2445 “dextra’'
1463 2401 1622 2443 falsum
1653 2415 1713 2442 ex
1744 2400 1879 2467 malo,

391 2485 442 2513 ac
460 2471 855 2513 ratiocinationem
870 2475 916 2510 et
935 2481 1134 2522 pugnam
1149 2467 1241 2520 ejus
1256 2472 1416 2508 contra
1429 2478 1583 2506 verum
1599 2478 1658 2506 ex
1676 2464 1822 2504 bono:
1827 2486 1883 2492 —

391 2535 458 2577 Ut
485 2533 604 2588 apud
631 2533 870 2581 Davidem,
1861 2535 1863 2539 ’

459 2624 482 2638 “
495 2622 667 2655 Exaltasti
684 2622 845 2653 dextram
862 2620 1085 2652 inimicorum
1103 2618 1180 2660 ejus
1192 2618 1210 2631 ”
1227 2618 1374 2659 (Psalm.
1388 2617 1521 2649 lxxxix.
1535 2625 1577 2656 43
1596 2614 1657 2659 [B.
1671 2616 1717 2648 A.
1730 2612 1825 2657 42]):

391 2699 510 2753 apud
536 2698 744 2746 eundem,

460 2774 653 2815 “Quorum
681 2783 721 2804 os
749 2773 904 2813 loquitur
926 2771 1133 2809 vanitatem,
1162 2775 1198 2802 et
1224 2770 1350 2802 dextra
1376 2778 1508 2801 eorumv
1524 2768 1649 2800 dextra
1675 2766 1852 2799 mendacii
1862 2765 1882 2779 ”

565 2817 712 2857 (Psalm.
726 2817 829 2848 cxliv.
845 2817 875 2854 8,
893 2815 964 2856 11):
1863 2828 1865 2831 -

392 2894 511 2948 apud
536 2892 742 2942 Esaiam,

461 2972 484 2985 ⁴⁸
496 2969 546 3002 Ut
565 2979 638 3000 non
654 2968 783 3052 {ripiitt
801 2968 958 3053 ani113am
979 2977 1092 3006 suam,
1109 2976 1174 2999 nec
1191 2966 1295 3004 dicat,
1312 2964 1442 2997 Nonne
1459 2963 1681 2996 mendacium
1702 2962 1738 2994 in
1757 2962 1883 2994 dextra

566 3022 647 3044 mea
722 3021 744 3043 x
759 3021 805 3044 ιν.
820 3019 880 3044 20:
