2060 3476
276 346 358 387 288
693 354 1026 388 APOCALYPSIS
1058 356 1357 388 EXPLICATA.

274 473 343 508 est
371 467 570 508 Domino
596 481 674 521 per
699 480 900 509 amorem
927 474 973 509 et
1000 467 1159 519 fidem;
1191 475 1237 510 et
1264 467 1532 522 conjuntffio,
1556 469 1699 523 qualis
1724 470 1766 512 in

275 530 444 571 mundo
476 530 555 572 fuit
588 544 689 572 cum
722 531 935 580 Domino,
969 538 1123 573 manet
1159 532 1387 573 hominem
1425 538 1528 586 post
1561 539 1768 574 mortem.

276 592 351 633 Ex
378 593 445 634 his
472 600 681 635 constare
708 600 860 648 potest
893 595 1012 648 quod
1039 609 1117 648 per
1145 595 1342 636 “librum
1365 596 1485 636 vitae
1497 595 1516 611 '‘
1541 595 1769 650 intelliga-

275 662 346 697 tur
372 657 492 710 quod
525 671 583 698 ex
617 657 814 699 Domino
845 658 1107 711 inscriptum
1139 665 1209 699 est
1241 658 1434 699 hominis
1465 660 1650 712 spiritui,
1684 660 1769 700 hoc

275 726 359 768 est,
393 720 514 773 quod
546 719 638 773 ejus
669 721 793 762 cordi
830 727 877 761 et
908 722 1099 770 animae,
1128 735 1220 769 seu,
1255 722 1375 775 quod
1407 722 1527 763 idem
1559 729 1643 770 est,
1677 721 1770 775 ejus

276 783 416 823 amori
448 789 494 824 et
526 782 655 834 fidei;
697 790 744 824 et
775 783 895 837 quod
927 797 953 824 a
985 783 1181 824 Domino
1212 784 1466 825 inscribitur
1492 784 1675 833 homini,
1699 791 1769 826 est

275 845 464 887 caelum.
526 845 600 886 Ex
627 846 694 886 his
717 859 832 887 nunc
860 852 988 899 patet
1010 846 1115 900 quid
1142 860 1220 900 per
1244 846 1440 888 “librum
1463 847 1614 888 vitae‘’
1636 846 1770 888 intel-

276 908 429 961 ligitur
455 909 498 949 in
525 909 817 963 sequentibus
842 909 910 950 his
937 909 1048 950 locis
1065 909 1274 963 z—Apud
1299 909 1542 959 Danielem,

367 1010 390 1023 ‘⁴
403 1008 582 1050 Antiquus
600 1009 737 1040 dierum
756 1009 917 1040 consedit
921 1033 1013 1045 .....
1022 1014 1058 1040 et
1074 1009 1153 1040 libri
1170 1009 1283 1050 aperti
1301 1008 1414 1041 sunt’'
1431 1009 1505 1050 (vii.
1524 1007 1591 1052 [9,]
1610 1011 1662 1051 10)
1677 1019 1684 1049 ;

276 1084 394 1138 apud
421 1085 630 1134 eundern,

346 1162 367 1175 ¹‘
381 1160 559 1201 Eripietur
576 1160 740 1202 populus,
761 1161 880 1193 omnis
898 1161 958 1203 qui
975 1161 1179 1193 invenietur
1196 1162 1348 1203 scriptus
1365 1162 1401 1193 in
1420 1161 1539 1194 libro''
1557 1162 1631 1203 (xii.
1646 1161 1697 1203 1):

276 1238 393 1290 apud
422 1238 658 1286 Davidem,

345 1315 367 1328 ‘⁴
382 1313 578 1401 Deleanffgr
592 1314 728 1400 eqlibgff)
736 1315 900 1352 vitarum,
917 1321 952 1346 et
968 1324 1047 1346 cum
1065 1314 1169 1355 justis
1187 1325 1259 1346 non
1278 1315 1478 1347 scribantur
1489 1315 1507 1328 '’
1520 1315 1667 1356 (Psalm.
1682 1315 1769 1350 lxix.

455 1366 496 1399 29
568 1384 575 1391 .
630 1384 637 1391 .
656 1367 674 1391 2
742 1370 749 1398 ;

277 1434 394 1487 apud
425 1434 600 1482 Mosen,

343 1509 464 1542 Moses
481 1509 580 1548 dixit,
601 1511 623 1524 “
635 1509 723 1542 Dele
740 1520 797 1542 me
814 1520 946 1551 quaeso
963 1521 982 1542 e
999 1510 1089 1542 libro
1103 1521 1207 1552 quem
1225 1511 1396 1552 scripsisti
1411 1521 1418 1549 ;
1443 1517 1478 1543 et
1491 1511 1580 1543 dixit
1592 1511 1767 1554 Jehovah,

452 1553 557 1585 Illum
574 1554 633 1595 qui
650 1555 811 1595 peccavit
829 1554 929 1592 Mihi,
948 1555 1076 1586 delebo
1093 1565 1112 1586 e
1130 1555 1220 1586 libro
1230 1554 1248 1567 '¹
1265 1554 1391 1595 (Exod.
1408 1555 1515 1587 xxxii.
1534 1563 1586 1594 32,
1604 1555 1677 1596 33):

276 1630 320 1671 in
346 1629 635 1683 Apocalypsi,

345 1706 589 1738 ‘Adorabunt
613 1706 763 1738 bestiam
789 1716 914 1738 omnes
932 1717 1082 1748 quorum
1100 1717 1172 1738 non
1190 1713 1273 1738 sunt
1293 1707 1426 1748 scripta
1449 1708 1597 1739 nomina
1622 1707 1657 1739 in
1682 1707 1773 1740 libro

451 1750 546 1782 vitae
563 1750 689 1791 Agni'’
706 1750 792 1790 <xiiii
810 1751 850 1789 8;
875 1761 952 1791 cap.
969 1751 1052 1784 xvii.
1071 1750 1126 1791 8)-;

277 1826 396 1875 alibi,

349 1903 476 1935 “Vidi.
492 1929 498 1935 .
513 1929 520 1936 .
535 1903 645 1944 ‚quod
669 1903 749 1935 libri
767 1904 879 1944 aperti
897 1904 990 1942 sint;
1015 1910 1050 1936 et
1066 1904 1156 1936 liber
1172 1904 1262 1936 alius
1279 1910 1423 1945 apertus
1440 1910 1495 1936 est
1534 1905 1569 1936 ui
1591 1910 1646 1936 est
1663 1905 1768 1943 vitae,

451 1954 486 1979 et
502 1947 648 1988 judicati
666 1954 749 1979 sunt
767 1949 897 1979 mortui
913 1948 1014 1989 juxta
1030 1958 1073 1980 ea
1089 1957 1179 1989 quae
1197 1948 1330 1989 scripta
1346 1954 1431 1979 sunt
1448 1949 1483 1979 in
1499 1946 1518 1973 [¹
1533 1949 1631 1980 libris
1648 1958 1773 1980 secun-

450 1992 533 2023 dum
552 2001 662 2032 opera
678 1991 818 2023 illorum
834 2001 857 2030 ;.
872 2017 879 2024 .
894 2017 901 2023 .
916 1998 966 2024 .et
990 1991 1019 2023 si
1045 1992 1122 2033 quis
1140 2001 1212 2022 non
1231 1992 1399 2023 inventus
1424 1997 1478 2023 est
1502 1992 1539 2023 in
1564 1992 1653 2023 libro
1677 1992 1771 2024 vitae

451 2035 614 2075 scriptus,
635 2033 772 2075 ejectus
788 2041 843 2066 est
860 2035 895 2066 in
914 2042 1081 2076 stagnum
1100 2034 1223 2076 ignis''
1241 2035 1356 2076 (Apoc.
1373 2045 1430 2067 xx.
1445 2043 1500 2072 .12,
1521 2043 1571 2074 13,
1584 2033 1674 2075 [²115)
1692 2049 1699 2077 ;

276 2107 395 2159 alibi,

346 2189 368 2203 ¹‘
381 2188 461 2220 Non
480 2188 754 2228 ingredientur”
769 2189 805 2220 in
825 2188 964 2220 Novam
982 2188 1284 2229 Hierosolymam,
1301 2190 1323 2203 ‘⁴
1335 2189 1402 2220 nisi
1417 2189 1475 2230 qui
1492 2189 1612 2229 scripti
1629 2190 1664 2220 in
1682 2189 1773 2221 libro

451 2232 545 2264 vitae
563 2232 659 2273 Agni
671 2232 689 2244 '¹
706 2231 820 2274 (Apoc.
840 2232 910 2264 xxi.
929 2231 984 2271 27)
999 2242 1006 2268 ;

276 2309 394 2363 apud
423 2309 662 2359 Davidem,

345 2388 367 2401 ‘¹
379 2386 461 2418 Non
480 2386 583 2418 latuit
596 2386 647 2418 Te
664 2396 705 2418 os
719 2396 837 2418 meum
851 2396 930 2418 cum
948 2384 1063 2419 faetus
1082 2396 1161 2418 sum
1180 2387 1216 2418 in
1234 2386 1373 2418 occulto
1388 2396 1411 2423 ;.
1427 2411 1434 2419 .
1448 2411 1455 2418 .
1470 2396 1593 2426 .super
1605 2386 1696 2418 libro
1712 2391 1775 2418 tuo

450 2440 576 2461 omnes
594 2430 715 2470 scripti
733 2436 816 2461 sunt
828 2430 916 2468 dies,
934 2430 1059 2471 quibus
1077 2430 1233 2468 formati,
1250 2436 1285 2461 et
1303 2440 1376 2461 non
1390 2440 1483 2461 unus
1500 2440 1543 2461 ex
1560 2430 1628 2461 illis
1645 2429 1774 2461 deest'’

450 2474 596 2512 (Psalm.
611 2474 751 2505 cxxxix.
771 2481 821 2512 15,
839 2473 892 2514 16)
909 2483 915 2512 ;

276 2576 354 2617 per
375 2562 496 2616 quod
521 2565 718 2602 “omnes
740 2562 835 2603 dies
857 2562 1062 2615 inscripti
1084 2561 1217 2611 sint‚''
1239 2561 1510 2614 intelligitur
1531 2561 1651 2615 quod
1674 2573 1772 2601 om-

276 2637 357 2664 neS
379 2628 528 2663 Status
550 2623 687 2662 Vitae.
746 2633 859 2671 (Quod
875 2633 984 2662 omnia
999 2638 1029 2662 et
1043 2633 1169 2671 singula
1182 2641 1265 2670 quae
1279 2633 1378 2662 homo
1393 2632 1550 2670 cogitavit,
1563 2632 1672 2666 voluit,
1687 2632 1776 2660 locu-

274 2689 325 2713 tus
347 2688 402 2718 est,
418 2683 490 2720 egit,
510 2683 608 2711 immo
629 2691 712 2719 quae
733 2683 810 2712 vidit
832 2688 863 2712 et
883 2683 1015 2717 audivit,
1038 2683 1100 2711 sint
1120 2683 1207 2720 apud
1229 2682 1392 2711 hominem
1415 2682 1447 2710 in
1468 2682 1577 2720 spiritu
1599 2682 1665 2720 ejus
1685 2681 1776 2719 quasi

274 2729 431 2766 inscripta,
447 2729 529 2756 adeo
550 2732 585 2756 ut
606 2737 733 2765 prorsus
755 2728 832 2756 nihil
854 2728 943 2762 desit,
959 2728 1105 2756 videatur
1124 2728 1156 2756 in
1172 2736 1268 2765 opere
1283 2727 1334 2756 De
1352 2728 1442 2756 Caelo
1457 2730 1487 2755 et
1507 2727 1643 2765 Inferna,
1660 2735 1690 2756 n.
1705 2726 1774 2763 462,

274 2774 350 2811 463:
373 2778 404 2803 et
417 2773 450 2802 in
463 2773 604 2801 Arcanis
622 2773 817 2807 Caelestibus,
834 2782 864 2802 n.
882 2773 1074 2810 2469-2494,
1090 2774 1187 2810 7398:
1210 2776 1241 2801 et
1255 2772 1344 2809 quod
1365 2772 1398 2800 id
1420 2772 1458 2800 sit
1473 2771 1580 2799 uliber
1594 2770 1702 2799 vitae''
1718 2771 1776 2799 ho-

274 2819 376 2853 minis,
392 2827 423 2848 n.
440 2826 528 2854 2474,
544 2817 634 2855 9386,
649 2819 739 2855 9841,
757 2824 870 2854 105o5;
894 2822 926 2846 et
940 2822 1113 2855 praeterea,
1129 2827 1160 2847 n.
1176 2824 1266 2854 5212,
1283 2817 1371 2852 8067,
1387 2825 1476 2854 9334.
1492 2824 1581 2854 9723,
1597 2815 1701 2853 9841.)

353 2884 491 2915 200.
529 2873 608 2912 “Et
625 2873 847 2913 confitebor·
864 2886 1008 2913 nomen
1028 2872 1118 2925 ejus
1139 2885 1283 2912 cot-am
1302 2872 1425 2912 Patr-e
1445 2883 1548 2918 meo,
1572 2874 1616 2911 ei
1634 2883 1775 2911 cot-am

275 2934 436 2987 angelis
458 2931 789 2986 Ejus.''-Quod
814 2933 1038 2985 significet
1060 2932 1180 2985 quod
1198 2932 1246 2972 in
1270 2931 1442 2972 Divino
1464 2931 1585 2972 Bono
1603 2936 1646 2971 et
1667 2930 1773 2970 inde

274 2995 319 3035 in
350 2995 515 3036 Divino
547 2993 656 3036 Vero
685 3000 825 3043 erunt,
851 3000 1038 3039 constat
1071 3008 1129 3035 ex
1162 2992 1491 3047 significatione
1521 2991 1771 3033 “confiteri
