2060 3476
653 401 758 435 CAP.
779 402 839 444 v.‚
861 402 1000 435 VERS.
1028 402 1196 434 12.—N.
1221 392 1397 448 340[d].
1684 391 1767 448 643

282 513 373 567 [d.]
415 513 555 567 Apud
579 513 786 564 Esaiam,

347 603 368 615 ‘¹
380 600 422 632 In
442 601 499 633 die
519 601 580 633 illo
599 601 666 633 erit
685 601 813 633 semita
831 611 876 633 ex
891 601 1062 642 Aegypto
1085 601 1121 632 in
1141 601 1354 638 Aschurem,
1374 607 1414 634 ut
1432 602 1554 634 veniat
1573 602 1715 634 Aschur
1732 602 1770 633 in

452 645 668 686 Aegyptum,
692 650 727 676 et
746 645 933 686 Aegyptus
957 645 993 676 in
1018 645 1228 683 Aschurem,
1251 651 1290 676 ut
1314 646 1472 677 serviant
1494 645 1664 686 Aegyptii
1689 655 1769 677 cum

452 689 612 720 Aschure
626 699 633 721 :
654 689 690 720 in
704 688 762 720 die
774 689 836 720 illo
849 689 915 720 erit
930 688 1041 719 Israel
1055 689 1148 720 trina
1161 688 1328 729 Aegypto
1342 695 1377 720 et
1390 689 1553 727 Aschuri,
1567 687 1770 720 benedictio

453 732 489 763 in
504 733 621 763 medio
635 738 760 770 terrae,
775 733 829 763 cui
846 733 1032 764 benedicet
1044 731 1206 774 Jehovah
1219 730 1409 774 [Zebaoth]
1423 733 1584 770 dicendo,
1601 733 1771 764 Benedic-

452 782 509 807 tus
529 775 681 816 populus
701 786 802 807 meus
821 776 1018 816 Aegyptus.
1033 781 1068 807 et
1088 785 1178 816 opus
1198 786 1368 807 manuum
1389 786 1547 808 mearum
1567 776 1719 814 Aschur,
1735 783 1771 808 et

451 819 629 851 hereditas
647 829 727 851 mea
744 819 884 851 Israel”
901 819 985 859 (xix.
1003 819 1144 860 23-25):

277 920 356 960 per
379 907 673 957 “Israelem,’'
692 907 1011 949 “Aschurem”
1032 913 1079 949 et
1105 907 1406 961 “Aegyptum
1417 908 1437 923 ’'
1459 907 1770 962 significantur

277 970 363 1010 tria
392 983 506 1024 quae
538 977 643 1012 sunt
675 971 792 1025 apud
823 970 1032 1019 homines
1063 970 1298 1020 ecclesiae,
1326 985 1490 1025 nempe
1522 972 1768 1025 spirituale,

275 1032 497 1074 rationale
534 1039 581 1074 et
619 1033 930 1083 scientificum,
969 1048 1049 1087 per
1087 1034 1371 1083 “Israelemf'
1408 1034 1654 1088 spirituale,
1690 1047 1770 1088 per

279 1094 604 1138 “Aschurem”
629 1097 866 1146 rationale,
895 1103 942 1138 et
970 1110 1050 1151 per
1077 1096 1417 1150 “Aegyptum''
1444 1097 1767 1138 scientificum:

276 1159 379 1212 quia
410 1172 544 1201 omne
575 1159 798 1201 rationale
833 1160 1028 1201 hominis
1064 1161 1283 1201 formatur
1315 1174 1395 1214 per
1425 1160 1688 1210 scientifica,
1722 1168 1769 1202 et

275 1227 513 1276 utrumque
535 1237 594 1264 ex
617 1222 835 1277 spirituali
856 1223 976 1277 quod
998 1237 1023 1264 e
1045 1223 1174 1264 caelo
1195 1237 1221 1264 a
1245 1223 1457 1272 Domino,
1479 1225 1626 1264 omnis
1648 1224 1769 1264 enim

275 1285 581 1338 intelligentia
606 1286 699 1327 veri
729 1293 777 1327 et
808 1287 954 1327 omnis
980 1286 1227 1340 applicatio
1253 1287 1543 1327 scientiarum
1573 1286 1631 1328 ad
1662 1301 1770 1328 vera

275 1348 379 1389 inde
414 1354 499 1398 est,
533 1348 636 1390 ideo
666 1349 830 1390 dicitur
859 1349 979 1403 quod
1013 1350 1215 1390 “semita
1251 1350 1334 1390 erit
1372 1364 1431 1390 ex
1466 1349 1689 1403 Aegypto
1724 1350 1768 1391 in

275 1410 547 1461 Aschurem,
580 1418 633 1459 ut,
661 1412 815 1453 veniat
846 1411 1030 1453 Aschur
1064 1413 1108 1452 in
1141 1411 1411 1466 Aegyptum
1445 1419 1491 1453 et
1523 1412 1770 1466 Aegyptus

274 1475 319 1515 in
342 1473 614 1524 Aschurem,
638 1480 685 1515 et
708 1475 906 1516 serviant
924 1474 1146 1528 Aegyptii
1169 1488 1270 1515 cum
1289 1475 1498 1516 Aschure
1515 1475 1548 1525 ;’'
1579 1481 1626 1516 et
1649 1475 1767 1523 dein,

277 1537 396 1591 quod
421 1537 599 1579 “Israel
625 1538 709 1579 erit
735 1539 854 1579 trina
879 1537 1102 1592 Aegypto
1128 1545 1175 1579 et
1201 1538 1413 1587 Aschuri,
1441 1537 1699 1579 benedictio
1724 1539 1769 1579 in

276 1601 425 1642 medio
442 1607 589 1642 terrae
606 1601 640 1652 ;”
668 1601 904 1642 “medium
916 1601 935 1617 ”
952 1600 1175 1655 significat
1194 1602 1401 1642 intimum
1424 1615 1450 1642 a
1471 1616 1560 1655 quo
1581 1601 1766 1655 reliqua,

275 1678 353 1705 seu
375 1678 400 1705 a
418 1678 506 1718 quo
528 1670 677 1705 totum
699 1663 926 1717 (videatur
947 1678 1092 1718 supra,
1113 1678 1154 1705 n.
1173 1662 1327 1719 [¹³313)‚
1347 1671 1393 1706 et
1414 1668 1439 1685 “
1453 1671 1572 1706 terra
1583 1664 1602 1680 ''
1619 1664 1768 1706 eccle-

276 1727 387 1768 siam
406 1728 480 1768 ubi
502 1727 602 1768 illa:
627 1734 674 1768 et
696 1728 797 1781 quia
815 1727 1046 1781 spirituale
1064 1734 1134 1769 est
1153 1742 1178 1768 a
1196 1742 1285 1782 quo
1307 1727 1533 1787 rationale
1552 1734 1599 1769 et
1621 1728 1768 1768 scien-

278 1789 447 1831 tificum
492 1790 779 1844 applicantur
817 1791 1024 1843 genuinis
1068 1791 1198 1839 veris,
1245 1791 1348 1831 ideo
1394 1790 1534 1831 Israel
1580 1796 1771 1831 vocatur

279 1853 546 1894 “hereditas
557 1852 577 1868 ”
599 1867 677 1894 seu
699 1852 830 1893 heres
853 1853 975 1893 domi
997 1853 1071 1906 qui
1094 1853 1297 1906 possidet
1321 1854 1486 1902 omnia,
1511 1859 1557 1894 et
1584 1852 1767 1894 Aschur

279 1917 426 1969 “opus
452 1929 664 1956 manuum
691 1916 923 1957 mearum”
949 1917 1051 1969 quia
1077 1916 1182 1956 inde
1207 1916 1425 1957 formatur
1449 1916 1687 1965 rationale,
1715 1929 1767 1957 ac

281 1977 519 2032 Aegyptus
543 1985 733 2019 vocatur
751 1978 979 2032 “populus
1005 1977 1303 2020 benedictus”
1323 1980 1426 2033 quia
1451 1979 1495 2019 in
1518 1978 1769 2020 scientifico

276 2047 323 2083 ut
349 2042 393 2082 in
425 2055 506 2082 suo
537 2041 699 2083 ultimo
731 2048 835 2083 sunt
867 2042 1020 2082 omnia
1051 2041 1196 2095 simul.
1257 2042 1333 2083 Ex
1366 2042 1435 2082 his
1467 2043 1608 2083 etiam
1639 2048 1770 2095 patet

274 2105 394 2159 quod
417 2119 495 2158 per
516 2103 916 2146 “benedictionem
929 2104 947 2120 ”
969 2105 1013 2145 in
1032 2104 1188 2145 Verbo
1210 2105 1494 2158 intelligatur
1512 2103 1768 2146 benedictio

275 2168 529 2222 spiritualis.
586 2167 725 2222 Apud
749 2167 1031 2217 Saclzariam,

343 2257 687 2299 “Quemadmodum
718 2257 836 2289 fuistis
867 2255 1072 2289 maledictio
1103 2257 1198 2289 inter
1223 2263 1361 2297 gentes,
1389 2257 1519 2289 domus
1546 2257 1707 2299 Jehudae
1735 2263 1770 2289 et

435 2301 576 2333 ‘domus
595 2301 750 2340 Israelis,
770 2301 821 2333 sie
838 2301 996 2333 liberabo
1013 2311 1091 2339 vos,
1110 2307 1149 2333 ut
1166 2302 1244 2333 sitis
1262 2300 1465 2333 benedictio
1476 2301 1494 2313 '¹
1511 2301 1598 2342 (viii.
1616 2301 1687 2341 13):

274 2390 387 2430 haec
406 2387 526 2431 dicta
545 2395 650 2430 sunt
669 2389 726 2430 de
744 2389 937 2430 ecclesia
955 2389 1213 2438 devastata,
1233 2395 1280 2430 et
1306 2389 1362 2430 de
1385 2389 1579 2430 ecclesia
1596 2389 1769 2429 instau-

222 2463 226 2466 ’
274 2453 415 2493 randa
457 2466 484 2493 a
524 2452 749 2503 Domino;
795 2453 994 2493 “domus
1023 2452 1226 2505 Jehudae
1271 2459 1318 2493 et
1356 2452 1517 2493 domus
1559 2452 1770 2492 Israelis’'

275 2514 533 2568 significant
556 2515 811 2563 ecclesiam,
830 2515 902 2556 hic
922 2516 965 2555 in
983 2521 1174 2569 utroque
1197 2528 1357 2566 sensu;
1391 2514 1584 2556 ecclesia
1606 2514 1768 2555 devas-

275 2584 375 2622 tata
415 2578 578 2619 dicitur
619 2576 940 2619 “maledictio'’
972 2578 1074 2631 quia
1115 2578 1175 2618 ibi
1217 2577 1385 2618 malum
1423 2583 1469 2619 et
1510 2577 1686 2626 falsum,
1720 2584 1767 2618 at

275 2640 468 2682 ecclesia
499 2641 794 2681 instauranda
825 2641 988 2681 dicitur
1016 2639 1310 2682 “benedictio
1324 2640 1343 2655 ''
1375 2641 1478 2695 quia
1508 2640 1568 2680 ibi
1598 2640 1767 2681 bonum

274 2709 321 2745 et
346 2716 515 2744 verum.
575 2702 714 2757 Apud
747 2703 986 2752 Davidem,

342 2775 661 2878 “JehDraSeJ5alus,
681 2801 788 2833 super
803 2791 975 2833 populum
992 2798 1092 2824 tuum
1111 2790 1314 2824 benedictio
1331 2791 1419 2824 tua”
1436 2791 1583 2832 (Psalm.
1599 2791 1648 2824 iii.
1665 2801 1686 2832 9
1704 2789 1765 2833 [B.

276 2916 573 2960 “benedictio
602 2918 804 2971 Jehovae
835 2931 968 2972 super
998 2917 1214 2971 populum
1250 2917 1667 2971 suum‘’'significat
1697 2917 1766 2958 in-

273 2981 444 3023 fluxum
475 2987 522 3022 et
552 2982 862 3035 receptionem
893 2981 1000 3022 boni
1031 2987 1078 3022 et
1109 2982 1228 3032 veri;
1274 2980 1503 3035 “populus
1533 2979 1766 3033 Jehovae”

274 3045 483 3086 dicuntur
500 3045 573 3100 qui
594 3045 639 3085 in
661 3045 782 3086 bono
804 3043 1150 3110 spiritualisunt
1177 3042 1402 3098 (videatur
1419 3057 1565 3097 supra,
1585 3057 1626 3084 n.
1648 3041 1764 3097 331).
