2060 3476
284 415 293 443 l
309 412 332 442 2
693 409 1026 445 APOCALYPSIS
1057 412 1356 445 EXPLICATA.

361 521 730 572 Primum—Cur
753 523 971 566 Dominus
993 524 1050 565 ad
1073 524 1252 566 Petrum
1275 525 1405 575 dixit,

347 620 368 633 ⁸¹
382 618 458 659 Ego
482 619 546 650 tibi
570 619 659 657 dico,
680 619 763 660 quia
785 625 822 651 tu
839 629 877 651 es
897 619 1034 657 Petrus,
1054 625 1089 651 et
1113 630 1220 661 super
1237 621 1303 652 hac
1319 627 1420 661 petra
1435 622 1629 654 aedificabo
1646 633 1764 656 meam

450 662 636 694 ecclesiam
652 672 658 700 ;
674 686 682 695 .
699 687 707 695 .
725 687 733 695 .
749 668 785 694 et
800 663 892 694 dabo
910 663 971 694 tibi
988 663 1105 695 claves
1122 664 1222 704 regni
1236 665 1416 697 caelorum
1427 664 1446 677 ''
1461 665 1605 706 (Matth.
1621 667 1692 700 xvi.
1711 668 1761 706 18,

454 707 517 746 19).

277 788 484 841 Apparet
516 802 575 829 ex
607 787 758 829 littera
783 789 896 829 sicut
929 789 1063 829 Petro
1094 789 1202 830 data
1227 790 1284 831 sit
1315 790 1390 831 illa
1415 792 1634 844 potentia,
1661 805 1767 834 cum

277 859 430 893 tamen
467 852 588 892 nulla
624 853 731 892 data
767 858 836 893 est
874 853 1032 903 Petro;
1074 853 1153 893 sed
1190 851 1356 894 dictum
1391 855 1449 895 ad
1485 855 1623 905 illum,
1661 858 1764 910 quia

278 915 474 955 “Petrus
487 915 505 930 '’
536 914 818 968 significabat
843 928 995 956 verum
1027 929 1086 956 ex
1118 916 1239 957 bono
1269 917 1390 971 quod
1421 931 1447 958 a
1478 918 1688 968 Domino,
1716 926 1762 962 et

276 991 382 1018 vero
422 991 481 1019 ex
522 978 642 1018 bono
682 978 801 1032 quod
843 992 868 1018 a
909 978 1106 1020 Domino
1147 985 1217 1020 est
1257 981 1402 1021 omnis
1442 982 1662 1035 potentia,
1699 983 1764 1024 ita

277 1040 473 1083 Domino
495 1054 553 1082 ex
576 1041 696 1082 bono
718 1054 796 1094 per
817 1053 970 1081 verum
994 1049 1097 1088 (quod
1113 1050 1156 1080 ita
1170 1050 1218 1086 sit,
1231 1047 1420 1082 inusti-atum
1437 1053 1544 1083 videas
1559 1053 1591 1082 in
1607 1054 1764 1092 opusculo

277 1104 327 1132 De
349 1103 466 1132 Ultimo
485 1102 628 1143 Judisio,
644 1112 675 1133 n.
692 1105 756 1140 57).

358 1153 565 1194 Alterum
594 1166 805 1194 arcanum
835 1153 954 1206 quod
985 1153 1124 1194 videri
1156 1160 1309 1206 potest
1341 1167 1442 1196 cum
1473 1155 1610 1196 scitur
1640 1156 1761 1210 quod

278 1216 502 1257 ‘Petrus”
548 1215 770 1268 significet
815 1215 963 1264 fidem,
1005 1222 1088 1264 est,
1092 1216 1239 1258 -Cur
1282 1217 1502 1258 Dominus
1545 1218 1662 1260 dixit
1703 1219 1761 1260 ad

277 1279 415 1327 illum,
443 1278 562 1332 quod

340 1367 544 1408 Antequam
569 1367 683 1407 gallus
707 1367 883 1404 cecinerit.
903 1373 958 1399 ter
982 1367 1104 1408 Ipsum
1128 1365 1369 1409 abnegaturus
1393 1375 1511 1408 esset;
1536 1370 1630 1411 quod
1653 1370 1760 1403 etiam

447 1409 581 1442 facium
599 1417 652 1443 est
669 1410 811 1452 (Matth.
828 1411 922 1443 xxvi.
943 1419 997 1451 34,
1017 1410 1120 1452 seq.).

276 1494 357 1534 Per
378 1493 455 1535 illa
477 1493 824 1547 significabatur,
849 1494 968 1548 quod
990 1493 1149 1535 ultimo
1171 1501 1374 1549 tempore
1400 1495 1617 1538 ecclesiae
1639 1496 1761 1539 nulla

275 1563 394 1598 esset
425 1556 536 1598 fides
567 1557 611 1597 in
644 1557 887 1598 Dominum
918 1557 1020 1611 quia
1051 1557 1173 1598 nulla
1203 1558 1428 1609 charitas;
1476 1556 1758 1612 “1¹¹gallicini-

274 1633 347 1660 um
360 1619 379 1635 ’'
405 1619 522 1661 enim
554 1633 695 1674 aeque
726 1634 777 1661 ac
812 1619 1093 1660 “diluculum
1109 1620 1127 1635 ’'
1150 1620 1372 1674 significat
1405 1621 1610 1663 ultimum
1642 1628 1758 1664 tem-

273 1697 354 1736 pus
395 1683 613 1724 ecclesiae
654 1693 699 1729 (n.
724 1692 898 1734 [2110134);
950 1696 1001 1724 ac
1041 1683 1195 1724 “tria’'
1227 1683 1298 1724 vel
1334 1684 1475 1725 “ter’'
1505 1684 1760 1738 significant

274 1746 550 1800 completum
586 1746 643 1786 ad
683 1744 817 1786 finem
850 1757 895 1795 (n.
913 1757 1001 1792 2788,
1016 1763 1105 1794 4495,
1121 1755 1345 1795 5159,[⁸]9198,
1363 1765 1470 1794 10127.
1513 1758 1611 1795 Quod
1625 1758 1696 1788 finis
1710 1768 1761 1789 ec-

272 1809 384 1838 clesiae
399 1809 438 1838 sit
452 1809 583 1846 quando
598 1817 664 1837 non
680 1808 759 1837 fides
773 1808 849 1846 quia
863 1817 929 1837 non
944 1808 1090 1843 charitas,
1106 1808 1251 1837 videatur
1266 1809 1298 1837 in
1317 1809 1473 1846 opusculo
1490 1809 1541 1838 De
1560 1809 1678 1839 Ultimo
1695 1808 1761 1849 Ju—

272 1859 362 1894 a'icio,
378 1868 409 1888 n.
426 1867 534 1896 33-39,
551 1858 644 1895 seq.).

365 1908 557 1950 Tertium
592 1921 802 1949 arcanum
837 1908 957 1962 quod
987 1907 1127 1949 videri
1158 1914 1325 1961 potest,
1358 1907 1622 1962 est‚—Quid
1647 1910 1758 1952 haec

272 1971 505 2026 sequentia
530 1972 585 2012 de
612 1971 745 2012 Petro
771 1977 816 2012 et
841 1971 1047 2024 Johanne
1074 1970 1355 2024 significant:

337 2062 440 2106 Jesus
453 2065 540 2097 dixit
556 2065 600 2097 ad
616 2065 771 2102 Petrum,
791 2066 813 2079 “
825 2064 947 2096 Simon
961 2063 1064 2106 Jona,
1081 2064 1200 2105 diligis
1218 2063 1302 2097 Me?
1345 2089 1354 2097 .
1371 2089 1379 2097 .
1397 2089 1405 2097 .
1422 2089 1431 2097 .
1461 2064 1553 2097 Dicit
1571 2064 1623 2104 Ei,
1642 2064 1756 2098 Etiam

447 2109 611 2146 Domine,
640 2108 695 2140 Tu
719 2108 787 2140 seis
811 2108 905 2149 quod
929 2117 1046 2139 amem
1072 2107 1134 2140 Te.
1185 2107 1278 2139 Dicit
1301 2108 1344 2146 ei,
1374 2108 1483 2140 Pasce
1507 2118 1620 2149 agnos
1644 2119 1755 2142 meos.

447 2153 540 2184 Dicit
563 2153 595 2183 ei
620 2152 787 2189 secundo,
815 2152 937 2183 Simon
961 2151 1065 2193 Jona,
1092 2151 1210 2191 diligis
1236 2151 1319 2184 Me?
1363 2151 1424 2184 Ait
1450 2151 1517 2189 Illi,
1546 2152 1661 2184 Etiam
1687 2152 1760 2184 Do-

445 2198 550 2234 mine,
570 2196 624 2227 'ru
641 2196 710 2227 scis
734 2195 827 2236 quod
844 2205 961 2226 amem
979 2195 1043 2227 Te.
1094 2195 1185 2226 Dicit
1202 2195 1245 2233 ei,
1268 2195 1378 2226 Pasce
1391 2199 1488 2227 'oves
1505 2205 1614 2228 meas.
1665 2195 1758 2228 Dicit

444 2240 476 2270 ei
500 2240 616 2276 tertio
645 2239 768 2271 Simon
793 2238 896 2280 Jona
916 2248 1015 2270 amas
1041 2237 1125 2271 Me?
1170 2238 1408 2270 contristatus
1432 2245 1487 2270 est
1512 2238 1648 2277 Petrus,
1676 2240 1757 2280 quia

444 2284 533 2315 dixit
549 2284 582 2314 ei
598 2283 714 2320 tertio,
736 2281 846 2314 Amas
865 2282 946 2320 Me;
978 2288 1013 2314 et
1029 2282 1112 2313 dicit
1134 2282 1186 2319 Ei,
1209 2282 1373 2320 Domine,
1394 2282 1449 2314 Tu
1466 2282 1587 2314 omnia
1602 2285 1683 2321 scis,
1703 2283 1757 2315 Tu

444 2321 631 2367 cog‘noscis
649 2327 743 2367 quod
759 2336 877 2357 amem
894 2325 956 2358 Te.
1008 2325 1052 2357 Et
1068 2326 1151 2357 dicit
1168 2326 1211 2363 ei,
1234 2326 1343 2357 Pasce
1361 2335 1447 2357 oves
1465 2336 1574 2358 meas.
1623 2326 1753 2364 Amen,

444 2380 548 2402 amen
566 2370 643 2401 dico
660 2370 734 2407 tibi,
755 2379 833 2401 cum
851 2379 949 2400 esses
965 2369 1095 2409 junior,
1115 2369 1285 2409 cingebas
1301 2375 1334 2401 te
1351 2369 1478 2409 ipsum,
1498 2375 1533 2400 et
1549 2369 1756 2401 ambulabas

444 2424 513 2455 quo
530 2414 696 2445 volebas·
689 2438 696 2451 ,
714 2413 856 2454 quando
868 2419 987 2444 autem
999 2413 1172 2451 senueris,
1187 2413 1358 2444 extendes
1371 2423 1498 2444 manus
1512 2419 1601 2450 tuas,
1618 2419 1653 2444 et
1666 2413 1756 2445 alius

445 2464 478 2489 te
503 2458 620 2497 cinget
645 2463 678 2488 et
695 2458 798 2488 ducet
815 2466 884 2497 quo
902 2466 974 2487 non
994 2456 1057 2488 vis.
1112 2481 1229 2488 ......
1239 2456 1282 2487 Et
1298 2456 1365 2487 hoc
1382 2456 1509 2487 effatus
1526 2456 1611 2488 dicit
1634 2457 1677 2493 ei,
1697 2457 1758 2488 Se-

444 2511 550 2541 quere
570 2501 640 2532 Me.
691 2500 896 2532 Conversus
916 2500 1040 2531 Petrus
1059 2499 1153 2531 videt
1169 2499 1379 2540 discipulum
1394 2509 1498 2540 quem
1515 2500 1684 2540 diligebat
1699 2500 1757 2542 Je-

444 2554 504 2576 sus
528 2550 759 2585 sequentem·
752 2568 860 2582 .....
877 2549 912 2575 et
935 2543 1031 2581 dicit,
1054 2543 1219 2581 Domine,
1238 2543 1294 2574 hic
1319 2543 1426 2586 quid?
1472 2543 1566 2575 Dicit
1589 2544 1621 2575 ei
1637 2543 1757 2599 Jesus3

445 2588 480 2619 Si
498 2598 578 2619 eum
596 2587 679 2618 volo
696 2597 842 2619 manere
859 2587 972 2619 donec
990 2587 1143 2624 veniam,
1164 2587 1247 2629 quid
1263 2586 1308 2618 ad
1325 2587 1383 2618 te?
1427 2586 1483 2618 Tu
1499 2597 1648 2628 sequere
1667 2586 1757 2619 Me”

443 2630 543 2673 (Joh.
559 2631 629 2663 xxi.
650 2629 813 2671 15—[⁴]22).

276 2712 395 2766 Quid
422 2714 533 2756 haec
556 2715 829 2769 significant,
853 2715 988 2756 nemo
1010 2715 1124 2756 scire
1150 2720 1305 2768 potest
1328 2713 1411 2763 nisi
1438 2701 1552 2754 s‘ciat
1578 2725 1758 2753 sensum

275 2777 515 2826 internum,
545 2785 591 2819 et
623 2779 743 2833 quod
772 2779 969 2818 “Petrus
985 2777 1003 2793 ”
1036 2777 1261 2830 significet
1293 2776 1442 2824 fidem,
1471 2789 1522 2816 ac
1553 2775 1757 2828 “Johan-

276 2839 384 2879 nes”
406 2840 574 2881 bonum
597 2841 858 2891 charitatis;
892 2842 957 2881 ita
978 2839 1205 2881 “Petrus’'
1226 2838 1328 2880 illos
1346 2840 1390 2879 in
1405 2838 1598 2879 ecclesia
1619 2837 1691 2890 qui
1714 2837 1757 2876 in

274 2901 361 2943 fide
383 2910 502 2951 sunt,
520 2910 565 2944 et
584 2904 852 2956 “johannes
866 2903 1003 2944 ”illos
1025 2904 1098 2957 qui
1120 2903 1164 2943 in
1182 2903 1304 2943 bono
1326 2901 1576 2942 charitatis.
1624 2899 1757 2953 Quod

271 2964 401 3016 Jesus
433 2972 502 3006 ter
534 2967 702 3008 dixerit
734 2967 791 3007 ad
824 2967 1020 3012 Petrum,
1058 2965 1240 3006 “Amas
1274 2964 1388 3013 Me,'’
1420 2970 1466 3005 et
1499 2964 1665 3004 Petrusv
1689 2969 1758 3003 ter

275 3028 454 3077 dixerit,
493 3028 622 3082 “[Tu
650 3029 755 3083 scis]
792 3030 911 3083 quod
944 3042 1092 3070 amem
1127 3028 1233 3078 Te‚”
1260 3035 1305 3068 et
1338 3027 1456 3081 quod
1486 3026 1616 3079 Jesus
1648 3031 1756 3068 tunc
