2060 3476
708 350 816 382 CAP.
838 350 884 391 1.‚
908 350 1047 383 VERs.
1072 351 1217 394 3.—N.
1245 353 1307 395 14.
1710 339 1757 399 1‘7

266 476 371 505 nem
393 469 478 512 est,
497 463 638 504 influit
661 464 705 504 in
727 462 902 504 caelum
919 463 1039 518 quod
1061 464 1104 504 in
1127 463 1219 513 illo,
1238 470 1284 505 et
1308 465 1520 519 recipitur
1541 472 1756 519 quantum

269 527 636 580 correspondent.
697 535 811 574 (Quod
826 536 950 565 caelum
965 536 1004 565 sit
1018 536 1051 564 in
1064 536 1205 570 homine,
1218 541 1250 565 et
1263 537 1354 574 quod
1367 537 1528 566 internum
1541 537 1690 572 hominis,
1705 539 1759 576 qui

266 590 298 618 in
312 598 424 619 amore
439 590 566 619 caelesti
581 594 638 624 est,
653 589 693 618 sit
709 589 835 619 caelum
857 589 890 618 in
911 589 1044 619 minima
1063 589 1166 618 forma
1178 591 1434 627 correspondens
1448 591 1600 626 maximo,
1614 591 1761 621 videatur

264 641 297 669 in
311 649 410 678 opere
426 641 477 670 De
495 641 586 670 Caelo
600 644 631 669 et
644 640 781 678 Infimo,
797 648 829 670 n.
844 641 959 676 51-58;
989 644 1021 669 et
1035 641 1125 677 quod
1146 640 1172 669 is
1193 640 1227 668 in
1244 641 1369 669 caelum
1385 641 1491 670 veniat
1511 641 1567 678 qui
1588 642 1714 671 caelum
1728 642 1761 672 in

263 699 297 719 se
312 690 419 725 habet,
435 690 468 719 in
485 690 642 719 Doctrina
657 690 768 719 Novae
783 690 1027 728 Hierosolymae,
1043 699 1074 720 n.
1091 690 1256 727 232-236.)

344 755 433 799 13.
471 743 897 799 “Loqens.''-—Quod
914 744 1137 798 significet
1154 745 1275 798 quod
1282 745 1555 798 percipiant,
1576 752 1760 788 constat

265 820 323 847 ex
343 805 671 860 significatione
691 810 715 826 “
729 805 881 859 legere
891 806 910 821 '’
929 806 1145 854 Verbum,
1165 807 1284 860 quod
1307 807 1363 847 sit
1382 821 1440 847 ex
1460 807 1762 858 illustratione

265 869 533 923 intelligere,
567 870 630 910 ita
660 870 914 923 percipere;
951 869 1141 922 “legere
1155 869 1175 885 ”
1207 870 1326 910 enim
1357 869 1500 911 simile
1531 862 1763 924 significati

266 946 366 974 cum
398 932 558 980 videre,
586 934 688 987 quia
719 932 876 986 legens
907 933 1046 979 videt,
1074 939 1120 974 et
1149 933 1339 974 “videre
1354 932 1373 947 ”
1399 933 1623 987 significat
1655 947 1755 988 per-

266 997 414 1050 cipere
440 1010 498 1037 ex
526 995 826 1036 illustratione
856 994 925 1050 (ut
948 1010 1057 1037 mox
1080 1010 1224 1050 supra,
1253 1010 1294 1037 n.
1327 996 1410 1051 11).

345 1070 434 1114 14.
469 1060 547 1100 “ft
557 1059 770 1101 audientes
788 1060 907 1101 verba
918 1060 1396 1114 prophetiae.'¹—Quod
1408 1061 1630 1114 significet
1644 1061 1763 1115 quod

265 1121 339 1163 illi
359 1121 517 1162 vivant
536 1122 769 1162 secundum
800 1122 1047 1163 doffrinam
1077 1122 1199 1172 caeli,
1227 1129 1410 1163 constat
1441 1137 1501 1163 ex
1533 1123 1758 1176 significa-

266 1186 390 1226 tione
424 1184 652 1233 “audire‚”
683 1185 803 1239 quod
835 1186 892 1226 sit
924 1187 1154 1240 percipere
1186 1192 1232 1227 et
1258 1186 1441 1227 obedire
1473 1195 1528 1232 (de
1544 1204 1655 1233 quan.
1671 1202 1760 1234 2542,

265 1253 355 1291 3869,
369 1253 459 1290 4653,
475 1259 564 1290 5017,
580 1253 670 1290 7216,
687 1254 775 1290 8361,
793 1255 882 1291 8990,
898 1262 987 1291 9311.
1003 1263 1092 1291 9397,
1111 1253 1237 1294 10061),‚
1254 1246 1316 1290 ita
1334 1259 1510 1299 quoque
1525 1247 1674 1287 Vivere
1689 1260 1759 1288 Se-

267 1307 463 1348 cundum
500 1307 572 1356 id;
619 1320 723 1347 nam
760 1308 832 1361 qui
871 1309 1122 1361 percipiunt
1160 1315 1206 1349 et
1238 1309 1468 1357 obediunt,
1502 1308 1564 1349 illi
1600 1310 1766 1366 vivunt,

267 1370 513 1411 secundum
538 1370 609 1410 id:
643 1377 689 1411 et
715 1384 773 1411 ex
802 1370 1131 1424 significatione
1156 1372 1430 1412 “verborum
1457 1372 1761 1426 prophetiae,’'

268 1433 388 1487 quod
420 1434 509 1474 sint
541 1447 647 1474 vera
677 1447 791 1487 quae
823 1433 1055 1475 doctrinae
1087 1434 1226 1484 caeli;
1267 1435 1472 1476 “verba”
1505 1437 1623 1476 enim
1655 1443 1759 1478 sunt

266 1511 372 1538 vera
395 1505 440 1543 (n.
456 1506 544 1543 4692·
561 1498 1016 1551 5075)‚et“prophetia
1029 1498 1048 1513 ''
1061 1505 1130 1539 est
1150 1496 1354 1539 doc'trina
1369 1506 1414 1545 (n.
1431 1514 1519 1544 2534.
1535 1507 1656 1550 7269);
1689 1499 1759 1541 hic

267 1559 472 1602 doctrina
503 1560 629 1609 caeli,
658 1560 759 1614 quia
790 1568 860 1602 est
892 1561 1130 1615 prophetia
1152 1561 1292 1602 Verbi
1318 1562 1437 1615 quod
1469 1576 1493 1603 e
1519 1562 1647 1604 caelo
1675 1570 1759 1604 est.

268 1623 403 1677 Quod
442 1623 662 1664 “audire‘'
698 1624 756 1664 sit
794 1624 977 1665 obedire
1007 1624 1060 1665 'et
1095 1625 1261 1674 vivere,
1296 1632 1366 1666 est
1398 1626 1501 1679 quia
1536 1625 1614 1666 illa
1645 1640 1760 1680 quae

266 1687 507 1728 audiuntur
532 1686 650 1740 apud
681 1686 906 1728 caelestes
935 1687 1125 1741 angelos
1157 1688 1331 1729 intrant
1357 1689 1526 1739 vitam;
1559 1689 1639 1730 sed
1671 1689 1758 1730 hoc

266 1750 369 1804 quia
385 1750 593 1803 ignotum
611 1755 696 1798 est,
715 1749 851 1790 velim
874 1751 1027 1804 paucis
1045 1750 1270 1792 illustrare
1287 1750 1474 1792 z-Sunt
1492 1752 1583 1792 bini
1602 1765 1760 1793 sensus

267 1813 438 1854 homini
469 1807 566 1854 dat'i
610 1814 685 1866 qui
715 1813 964 1855 inserviunt
996 1828 1077 1867 pro
1109 1814 1267 1855 mediis
1299 1816 1543 1868 recipiendi
1574 1815 1651 1856 illa
1682 1829 1761 1869 per

267 1890 381 1931 quae
418 1876 639 1918 rationale
675 1876 906 1926 formatur,
945 1883 992 1918 et
1030 1892 1207 1932 quoque
1243 1877 1320 1919 illa
1357 1892 1436 1932 per
1472 1893 1585 1932 quae
1622 1878 1760 1920 homo

266 1939 532 1992 reformatur
547 1954 557 1991 ;
590 1953 767 1993 nempe,
792 1953 950 1981 sensus
972 1942 1092 1981 visus
1114 1948 1160 1982 et
1187 1955 1345 1982 sensus
1367 1942 1570 1983 auditus:
1604 1942 1760 1996 reliqui

267 2016 425 2044 sensus
451 2016 532 2056 pro
553 2002 650 2043 aliis
675 2003 826 2043 usibus
852 2010 970 2044 sunt.
1032 2003 1117 2044 Illa
1139 2018 1254 2058 quae
1279 2005 1451 2045 intrant
1478 2018 1557 2058 per
1578 2018 1760 2046 sensum

267 2066 401 2114 visus,
425 2066 598 2106 intrant
623 2067 667 2106 in
690 2065 783 2117 ejus
808 2064 1107 2115 intellectum,
1132 2073 1178 2108 et
1206 2080 1307 2108 eum
1334 2066 1591 2118 illustrant;
1624 2082 1760 2122 quare

267 2141 346 2182 per
366 2128 578 2169 “visum''
600 2128 880 2182 significatur
901 2128 1162 2170 intellectus
1184 2129 1436 2171 illustratus
1455 2144 1464 2181 ;
1492 2144 1760 2184 correspon-

267 2191 346 2232 det
373 2192 492 2232 enim
515 2190 773 2232 intellthus
794 2192 906 2233 visui
932 2192 1063 2242 oculi,
1088 2194 1204 2234 sicut
1231 2193 1310 2234 lux
1338 2193 1452 2234 caeli
1478 2193 1565 2235 luci
1592 2194 1759 2235 mundi.

269 2254 354 2296 Illa
379 2262 532 2296 autern
554 2269 668 2309 quae
694 2255 867 2297 intrant
894 2269 974 2310 per
999 2270 1181 2297 sensum
1207 2257 1400 2306 auditus,
1424 2258 1597 2310 intrant
1622 2258 1667 2298 in
1693 2258 1760 2297 in-

268 2317 503 2360 tellectum
535 2325 583 2359 et
614 2317 745 2359 simul
776 2319 820 2359 in
852 2319 1167 2370 voluntatem;
1210 2334 1346 2374 quare
1377 2334 1456 2374 per
1489 2319 1761 2361 “auditum'‘

268 2381 546 2435 significatur
571 2382 804 2435 perceptio
829 2388 876 2423 et
902 2382 1187 2424 obedientia:
1221 2383 1324 2424 inde
1350 2389 1421 2424 est
1448 2383 1567 2436 quod
1599 2383 1643 2424 in
1675 2382 1760 2423 lin-

268 2445 368 2498 guis
408 2444 615 2485 humanis
654 2451 889 2499 receptum
930 2446 988 2486 sit
1029 2446 1178 2486 dicere
1219 2446 1410 2487 “audire
1450 2446 1677 2500 aliquem’'
1714 2453 1760 2488 et

269 2521 446 2562 quoque
463 2508 656 2549 “audire
670 2508 841 2557 alicui‚'’
857 2514 954 2549 tum
968 2512 993 2528 “
1005 2509 1191 2549 audiens
1205 2523 1304 2550 esse
1316 2509 1335 2524 '’
1350 2516 1396 2550 et
1415 2513 1441 2530 ‘⁴
1454 2509 1709 2565 auscultare
1728 2509 1761 2561 ;”

269 2577 317 2611 et
343 2584 421 2624 per
445 2571 634 2612 “audire
659 2570 885 2625 aliquem'’
907 2570 1177 2624 intelligitur
1199 2572 1442 2625 percipere,
1465 2578 1514 2613 at
1541 2586 1620 2626 per
1644 2576 1761 2613 “au-
1820 2579 1822 2581 ’

268 2633 362 2674 dire
394 2633 555 2674 alicui'’
580 2633 850 2687 intelligitur
876 2634 1073 2682 obedire,
1102 2641 1150 2675 ut
1183 2641 1229 2675 et
1262 2649 1340 2688 per
1369 2635 1591 2676 “audiens
1623 2635 1761 2684 esse,”

268 2710 320 2738 ac
353 2703 592 2750 utrumque
624 2710 703 2750 per
737 2696 1030 2738 “auscultare
1047 2697 1081 2747 ;''
1121 2697 1208 2738 hoc
1246 2699 1290 2738 in
1327 2697 1504 2751 linguas
1540 2698 1760 2739 humanas

268 2759 534 2815 immanavit
558 2773 617 2799 ex
640 2759 809 2800 mundo
831 2759 1062 2813 spirituali,
1082 2760 1125 2800 in
1149 2773 1237 2814 quo
1255 2761 1436 2814 spiritus
1458 2760 1654 2801 hominis
1676 2767 1759 2802 est.

270 2820 359 2864 Sed
386 2822 504 2863 unde
530 2821 616 2863 hoc
643 2822 687 2863 in
714 2822 932 2876 spirituali
958 2823 1142 2872 mundo,
1166 2824 1305 2864 etiam
1328 2824 1503 2864 dicetur
1518 2823 1661 2864 z-—Illi
1687 2825 1760 2877 qui

268 2885 327 2926 ibi
345 2891 450 2926 sunt
467 2886 510 2926 in
534 2886 764 2938 provincia
781 2885 912 2934 auris,
932 2891 1036 2926 sunt
1055 2885 1341 2927 obedientiae
1359 2900 1418 2927 ex
1441 2887 1733 2940 perceptione
1750 2901 1759 2936 ;

267 2948 371 2986 (quod
384 2957 506 2984 omnes,
522 2950 577 2987 qui
598 2950 631 2979 in
653 2951 776 2993 mundo
790 2951 943 2990 spirituali
963 2956 1046 2986 sunt,
1061 2951 1094 2980 in
1115 2951 1222 2988 aliqua
1234 2951 1398 2990 provincia
1411 2951 1472 2980 sint
1486 2959 1569 2988 quae
1584 2950 1765 2979 nominatur

265 3003 306 3023 ex
319 2995 479 3030 membris,
492 2995 629 3033 organis,
641 3000 697 3025 aut
707 2995 880 3026 viscen'bus
890 2997 1037 3032 hominis,
1049 2997 1125 3034 quia
1139 2997 1183 3026 eis
1195 2996 1453 3035 correspondent,
1464 2996 1609 3024 videatur
1622 2995 1654 3024 iu
1669 3003 1765 3033 opere
