2060 3476
256 344 338 397 248
669 350 1001 384 APOCALYPSIS
1032 348 1332 382 EXPLICA-T-A.

255 467 368 508 citur
396 465 612 519 “spiritus
629 463 663 516 ;’'
689 470 736 506 et
762 477 862 505 cum
889 463 945 504 de
971 463 1166 512 homine,
1195 476 1274 516 per
1302 460 1577 516 “spiritum''
1603 461 1743 515 signi-

255 529 411 570 ficatur
442 528 614 569 Verum
646 527 858 568 Divinum
890 532 1121 580 receptum
1147 527 1253 574 vita,
1281 526 1347 579 ita
1375 524 1467 578 ejus
1493 525 1588 565 vita
1617 525 1743 578 spiri-

254 592 412 643 tualis;
446 597 493 633 at
520 604 620 632 cum
644 591 701 632 de
724 591 936 638 Domino,
960 603 1038 644 per
1063 588 1315 642 “Spiritum
1328 588 1347 603 ’'
1368 587 1638 641 intelligitur
1664 587 1744 627 Di-

254 656 403 695 vinum
427 654 546 709 quod
570 654 774 708 procedit
797 654 854 694 ab
877 654 996 707 Ipso,
1021 653 1141 707 quod
1164 652 1391 693 communi
1413 664 1526 692 voce
1556 656 1745 692 vocatur

255 718 465 760 Divinum
499 717 684 759 Verum.
746 716 835 758 Sed
873 718 976 770 quia
1017 716 1151 757 hodie
1187 716 1315 768 pauci
1352 720 1456 755 sunt
1488 714 1561 768 qui
1597 714 1744 755 sciunt

254 781 357 835 quid
390 795 468 835 per
501 782 743 834 “spiritum
757 780 776 795 ’‘
808 781 852 821 in
884 780 1039 821 Verbo
1070 778 1354 831 intelligitur,
1386 777 1522 828 velim
1554 778 1744 831 primum

253 858 311 885 ex
345 844 454 885 locis
486 845 590 894 inde
621 842 824 885 adductis
857 843 1098 884 ostendere
1126 842 1246 896 quod
1275 840 1531 895 “spiritus,’'
1557 854 1657 882 cum
1688 841 1744 882 de

253 908 447 956 homine,
475 907 698 961 significet
731 907 941 947 Divinum
969 905 1139 946 Verum
1166 911 1398 958 receptum
1423 906 1532 954 vita,
1559 905 1623 945 ita
1653 903 1745 957 ejus

252 973 391 1012 vitam
419 970 708 1024 spiritualem.
770 969 858 1010 Sed
885 969 987 1023 quia
1012 969 1100 1009 duo
1123 975 1227 1010 sunt
1259 982 1374 1022 quae
1399 968 1567 1009 faciunt
1599 967 1744 1008 homi-

256 1035 322 1075 nis
344 1035 483 1075 vitam
509 1032 800 1087 spiritualem,
821 1045 985 1085 nempe
1006 1032 1174 1072 bonum
1199 1032 1363 1072 amoris
1382 1037 1428 1072 et
1449 1043 1604 1072 verum
1627 1029 1743 1080 fidei,

252 1098 354 1139 ideo
386 1097 583 1151 pluribus
614 1097 658 1136 in
691 1096 801 1136 locis
833 1095 994 1136 dicitur
1022 1098 1141 1135 “cor
1171 1101 1218 1136 et
1250 1093 1469 1148 spiritus‚”
1491 1100 1537 1135 et
1569 1106 1745 1147 quoque

256 1164 371 1202 “cor
402 1167 448 1201 et
481 1159 666 1208 anima,”
693 1165 739 1200 et
771 1173 850 1212 per
878 1158 1024 1200 “cor”
1051 1157 1330 1211 significatur
1365 1158 1534 1199 bonum
1566 1157 1744 1204 amoris,

252 1238 303 1266 ac
327 1238 405 1278 per
429 1228 452 1244 “
467 1223 702 1277 spiritum‘'
719 1235 871 1264 verum
895 1221 1012 1270 fidei,
1033 1221 1238 1262 similiter
1259 1234 1337 1274 per
1356 1222 1591 1261 “animam
1604 1220 1623 1235 ”
1642 1233 1745 1261 nam

253 1303 330 1342 per
367 1288 481 1329 hanc
520 1288 563 1328 in
602 1286 756 1328 Verbo
794 1286 1062 1339 intelligitur
1099 1286 1279 1339 spiritus
1316 1284 1422 1338 ejus.
1496 1283 1630 1338 Quod
1668 1297 1747 1337 per

255 1350 538 1404 “spiritum‚”
563 1363 664 1391 cum
696 1350 753 1391 de
784 1350 981 1398 homine,
1009 1361 1163 1390 verum
1196 1354 1427 1402 receptum
1450 1348 1544 1388 vita
1576 1346 1746 1400 signifi-

253 1421 393 1464 cetur,
418 1420 600 1455 constat
623 1427 682 1454 ex
705 1413 994 1467 sequentibus
1016 1412 1083 1453 his
1106 1411 1216 1452 locis
1232 1410 1440 1465 z—Apud
1462 1410 1744 1460 Ezechielem,

324 1513 347 1526 ¹⁸
360 1510 477 1542 Facite
494 1510 596 1542 vobis
614 1519 675 1541 cor
692 1519 825 1540 novum
843 1515 877 1541 et
901 1509 1064 1550 spIritum
1083 1516 1240 1547 novum:
1265 1517 1374 1549 quare
1399 1506 1600 1539 moriemini
1617 1506 1746 1539 domus

429 1554 572 1586 Israelis
583 1553 617 1586 ?'’
635 1553 744 1593 (xviii.
762 1561 801 1592 31
818 1552 840 1592 ς)

254 1630 374 1686 apud
397 1630 606 1679 eundem,
1170 1680 1172 1682 Ι

322 1703 459 1735 “Dabo
483 1704 586 1735 vobis
612 1713 673 1735 cor
697 1712 843 1741 novum,
871 1708 906 1734 et
934 1702 1097 1743 spiritum
1123 1711 1258 1733 novum
1282 1701 1377 1733 dabo
1401 1701 1438 1733 in
1461 1700 1581 1733 medio
1605 1700 1716 1733 vestri
1727 1699 1747 1714 ”

428 1747 561 1788 (xxxvi.
580 1747 634 1788 26)
649 1756 656 1785 ;

253 1826 371 1881 apud
400 1826 638 1875 Davidem,

322 1899 428 1932 “Cor
451 1899 624 1932 mundum
650 1909 731 1931 crea
755 1898 842 1931 mihi
868 1898 976 1937 Deus,
996 1904 1031 1930 et
1055 1897 1218 1939 spiritum
1243 1897 1383 1929 firmum
1409 1896 1545 1928 innova
1567 1896 1603 1928 in
1628 1896 1746 1928 medio

428 1943 509 1975 mei.
565 1967 660 1975 .....
669 1943 848 1974 Sacrificia
863 1942 928 1974 Dei
943 1943 1089 1983 spiritus
1103 1939 1277 1973 infrae‘tus
1291 1950 1298 1980 ;
1322 1950 1384 1972 cor
1396 1938 1588 1972 infractum
1605 1945 1641 1971 et
1664 1949 1748 1971 con-

428 1987 548 2019 tritum
569 1986 665 2018 Deus
683 1996 757 2018 non
775 1985 941 2027 spernit’'
958 1985 1104 2026 (Psalm.
1119 1985 1155 2017 li.
1173 1993 1289 2023 12-14,
1306 1993 1346 2025 19
1369 1982 1429 2026 [B.
1443 1985 1489 2016 A.
1507 1992 1556 2022 10,
1573 1981 1666 2025 17]);

232 2077 297 2117 -in
329 2077 397 2117 his
430 2076 540 2117 locis
574 2074 721 2116 “cor‘'
752 2073 977 2128 significat
1008 2074 1177 2115 bonum
1209 2073 1386 2121 amoris,
1419 2078 1465 2114 et
1498 2071 1746 2126 “spiritus”

253 2153 408 2180 verum
445 2138 561 2187 fidei,
595 2153 654 2179 ex
692 2138 849 2191 quibus
881 2138 976 2178 vita
1013 2136 1252 2190 spiritualis
1283 2136 1478 2188 homini:
1522 2149 1626 2176 nam
1658 2135 1747 2176 duo

255 2209 361 2244 sunt
384 2216 497 2256 quae
520 2202 688 2242 faciunt
714 2214 896 2242 omnem
918 2201 1060 2241 vitam
1083 2200 1478 2252 hominis,·nempe
1508 2199 1677 2240 bonum
1700 2205 1747 2242 et

253 2279 436 2316 verum;
460 2265 570 2306 haee
598 2265 687 2305 duo
713 2265 838 2305 unita
865 2265 907 2304 in
941 2263 1123 2304 homine
1153 2263 1320 2304 faciunt
1343 2264 1483 2304 vitam
1505 2262 1597 2315 ejus
1619 2263 1746 2316 spiri-

253 2329 435 2370 tualem.
503 2327 727 2381 Quoniam
761 2326 910 2368 “cor”
943 2326 1166 2379 significat
1203 2326 1384 2375 bonum,
1418 2332 1464 2367 et
1498 2325 1747 2379 “spiritus'’

252 2405 420 2441 verum,
453 2398 691 2444 utrumque
730 2397 963 2444 receptum
1004 2390 1111 2439 vita,
1145 2390 1246 2430 ideo
1279 2388 1425 2431 “cor’‘
1456 2390 1499 2430 in
1536 2390 1747 2443 opposito

254 2469 387 2497 sensu
405 2455 629 2509 significat
648 2454 831 2503 malum,
852 2460 898 2495 et
918 2458 942 2473 “
958 2454 1136 2507 spiritus
1151 2453 1170 2469 ’'
1187 2453 1375 2504 falsum;
1408 2466 1512 2494 nam
1535 2453 1747 2507 pleraque

253 2521 298 2560 in
321 2518 477 2560 Verbo
509 2519 647 2559 etiam
671 2518 931 2571 oppositum
954 2530 1135 2557 sensum
1167 2517 1351 2558 habent.
1413 2516 1464 2557 In
1496 2516 1582 2557 hoc
1614 2529 1748 2557 sensu

254 2583 463 2623 dicuntur
487 2581 635 2622 “cor'’
657 2587 703 2621 et
729 2585 754 2600 “
769 2581 949 2634 spiritus
962 2580 980 2595 ”
1002 2580 1120 2634 apud
1144 2580 1380 2629 Davidem,

323 2676 550 2709 “Generatio
568 2686 641 2707 non
660 2674 794 2707 rectum
819 2675 904 2707 facit
921 2685 981 2707 cor
997 2674 1087 2716 ejus,
1107 2685 1172 2707 nec
1188 2680 1357 2707 constans
1374 2684 1453 2707 cum
1473 2674 1551 2707 Deo
1568 2680 1623 2706 est
1646 2674 1748 2715 spiri-

429 2726 487 2752 tus
503 2719 582 2760 ejus
593 2719 611 2731 ''
629 2719 775 2760 (Psalm.
791 2719 926 2751 lxxviii.
942 2718 974 2759 8)
988 2728 995 2758 ;

255 2797 372 2852 apud
394 2795 679 2845 Ezechielem,

323 2870 545 2954 “Liqtdljscffit)
565 2879 673 2901 omne
697 2879 758 2901 cor
760 2894 852 2908 .....
861 2875 895 2901 et
919 2869 1148 2902 contrahetur
1171 2869 1289 2901 omnis'
1313 2868 1457 2910 spiritus
1468 2867 1487 2881 ”
1510 2867 1594 2908 (xxi.
1617 2874 1656 2899 12
1682 2864 1742 2910 [B.

469 2920 513 2952 ·7
558 2922 565 2950 ἶ

257 2990 373 3045 apud
401 2989 576 3040 Mosen,
