2060 3476
333 394 418 444 438
754 407 1087 442 APOCALYPSIS
1119 410 1418 443 EXPLICATA.

339 520 459 572 alibi,

408 594 617 636 “Apertum
642 600 697 627 est
720 594 891 636 templum
918 595 983 627 Dei
1009 595 1044 627 in
1069 595 1179 633 caelo,
1196 601 1231 627 et
1247 596 1324 627 visa
1340 602 1395 627 est
1411 605 1494 627 arca
1509 595 1664 629 foederis
1688 597 1724 628 in
1745 602 1831 629 tem-

513 638 583 679 plo,
603 643 639 671 et
655 636 751 670 facta
766 644 849 670 sunt
865 638 1006 680 fulgura
1021 644 1056 670 et
1073 648 1179 671 voces
1197 647 1231 671 et
1248 639 1406 671 tonitrua
1416 638 1435 651 '¹
1451 638 1511 680 (xi.
1531 639 1604 680 19);

339 707 459 756 alibi,

409 782 430 796 “
442 781 574 813 Audivi
588 791 712 813 vocem
729 791 749 813 e
766 781 865 813 eaelo
882 787 1051 822 tanquam
1065 791 1189 813 vocem
1206 791 1377 823 aquarum
1395 781 1597 820 multarum,
1613 787 1648 814 et
1664 787 1831 824 tanquam

514 834 643 857 sonum
662 825 809 857 tonitrui
826 826 947 866 magni
959 824 977 836 ”
995 824 1079 866 (xiv.
1097 825 1129 865 2)
1144 834 1151 863 ;

339 900 386 936 et
412 893 532 944 alibi,

409 972 431 985 ‘¹
442 971 572 1003 Audivi
584 971 741 1003 sonitum
754 971 877 1003 turbae
889 971 1031 1009 multae,
1045 977 1080 1003 et
1094 977 1263 1012 tanquam
1275 972 1432 1003 sonitum
1445 982 1615 1014 aquarum
1627 973 1829 1011 multarum,

514 1021 683 1055 tanquam
708 1014 866 1046 sonitum
890 1014 1087 1046 tonitruum
1111 1015 1389 1053 vehementium,
1416 1015 1609 1047 dicentium
1640 1016 1829 1054 Halleluia,

514 1058 597 1100 quia
613 1068 762 1098 regnum
780 1058 873 1099 cepit
891 1058 1068 1098 Dominus
1087 1058 1184 1090 Deus
1202 1065 1324 1090 noster
1341 1060 1570 1100 omnipotens
1582 1059 1601 1072 ’'
1617 1059 1700 1101 (xix.
1716 1060 1760 1101 6).

342 1150 569 1204 Quoniam
597 1151 865 1192 “tonitrua’‘
891 1157 937 1193 et
965 1151 1204 1206 “fulgura”
1233 1152 1488 1206 significant
1521 1153 1682 1194 Divina
1712 1167 1830 1201 vera,

340 1214 442 1255 ideo
474 1215 611 1255 etiam
643 1227 744 1255 cum
775 1213 979 1268 Jehovah
1010 1214 1246 1257 descendit
1278 1229 1408 1269 super
1439 1215 1599 1258 Monte
1632 1215 1751 1258 Sinai
1784 1223 1831 1257 ut

341 1277 652 1331 promulgaret
678 1277 768 1326 illa,

411 1374 434 1388 ‘⁴
446 1372 557 1405 Erant
574 1383 691 1411 voces,
712 1379 746 1405 et
763 1372 904 1415 fulgura
907 1398 999 1412 .....
1007 1380 1043 1406 et
1059 1383 1197 1416 quoque
1215 1384 1286 1406 vox
1301 1375 1470 1407 buccinae
1481 1373 1499 1387 ''
1516 1374 1641 1416 (Exod.
1657 1374 1726 1407 xix.
1746 1375 1798 1415 16)
1812 1385 1818 1413 ;

343 1467 463 1522 quod
488 1470 619 1508 “vox
645 1468 861 1509 buccinae
874 1467 893 1483 ’'
915 1467 1138 1522 significet
1164 1468 1375 1509 Divinum
1399 1468 1569 1510 Verum
1592 1469 1738 1523 quoad
1765 1483 1829 1510 re·

342 1530 633 1581 velationem,
657 1532 863 1573 videatur
885 1545 1018 1585 supra
1047 1530 1109 1586 (n.
1136 1541 1201 1585 55,
1225 1531 1343 1586 262).

409 1627 503 1667 (Vox
519 1638 539 1660 e
556 1628 654 1659 caelo
671 1628 716 1660 ad
735 1628 930 1660 Dominum
948 1628 1068 1660 audita
1083 1634 1122 1660 ut
1138 1628 1283 1667 tonitru,
1308 1629 1391 1672 Joh.
1408 1629 1467 1661 xii.
1485 1629 1537 1668 28,
1554 1629 1623 1671 29.)

408 1671 527 1713 (Quod
546 1669 733 1714 [¹]Jacobus
757 1678 793 1704 et
811 1671 998 1714 johannes
1014 1672 1131 1704 vocati
1152 1672 1369 1714 Boanerges,
1390 1673 1452 1704 filii
1477 1673 1634 1711 tonitrui,
1654 1674 1767 1706 Marc.
1785 1673 1827 1706 iii.

522 1724 572 1755 14,
593 1715 661 1756 17.)

422 1820 547 1864 274.
586 1811 830 1863 “Et-septem
844 1811 1053 1863 lampades
1071 1810 1177 1864 ignis
1193 1794 1388 1852 ezr-denies
1404 1823 1542 1852 eor-am
1559 1811 1714 1859 thr-ono,
1731 1824 1836 1865 quae

342 1875 441 1912 sunt
464 1875 620 1924 sepiem
648 1871 816 1924 spiritus
843 1870 1149 1924 Dei‚”—Quod
1185 1870 1408 1924 significet
1437 1871 1588 1924 ip5um
1615 1872 1835 1912 Divinum

354 1933 514 1975 Verum
551 1933 723 1974 unitum
758 1932 922 1977 Divino
957 1932 1077 1973 Bono
1106 1933 1345 1985 procedens
1380 1947 1436 1974 ex
1469 1933 1637 1974 Divino
1671 1933 1835 1974 Amore

342 1997 538 2046 Domini,
563 2002 743 2037 constat
766 2009 824 2036 ex
851 1995 1179 2049 significatione
1204 1995 1456 2049 “septem,'’
1477 1997 1596 2050 quod
1622 1997 1711 2037 sint
1737 2010 1832 2037 om-

343 2061 416 2100 nia
437 2060 481 2100 in
503 2059 771 2113 complexu;
804 2072 863 2099 ex
886 2058 1214 2112 significatione
1234 2059 1528 2112 “lampadum
1550 2059 1654 2112 igne
1671 2059 1832 2100 arden-

343 2124 454 2164 tium
493 2135 643 2164 coram
681 2122 885 2171 throno,”
921 2122 1041 2175 quod
1078 2122 1168 2163 sint
1206 2122 1416 2162 Divinum
1453 2121 1623 2163 Verum
1660 2123 1831 2164 unitum

343 2186 509 2227 Divino
528 2186 656 2227 Bono
679 2186 928 2239 procedens
952 2199 978 2225 a
1000 2185 1164 2226 Divino
1182 2184 1354 2226 Amore
1377 2185 1585 2226 Domini:
1621 2189 1645 2206 “
1660 2185 1832 2239 lampa-

343 2249 455 2290 des”
480 2249 599 2290 enim
625 2247 880 2301 significant
906 2261 1025 2297 vera,
1049 2247 1152 2288 inde
1176 2251 1387 2301 “septem
1414 2248 1644 2302 lampades
1655 2248 1674 2264 ”
1700 2262 1833 2290 omne

342 2325 497 2354 verum
529 2313 573 2352 in
606 2311 849 2365 complexu
875 2311 996 2365 quod
1027 2317 1097 2352 est
1127 2311 1338 2352 Divinum
1364 2311 1549 2361 Verum,
1575 2318 1622 2353 et
1650 2312 1834 2365 “ignis”

343 2375 567 2429 significat
590 2377 756 2416 bonum
779 2375 941 2416 amoris
959 2389 968 2425 ;
1000 2380 1046 2415 et
1064 2374 1166 2428 quia
1189 2374 1420 2428 lampades
1437 2376 1558 2416 visae
1580 2381 1708 2416 erant
1727 2378 1832 2416 “ar-

343 2440 504 2480 dentes
523 2451 674 2480 coram
692 2439 858 2480 throno
870 2437 890 2454 '³
907 2450 1040 2491 super
1057 2451 1144 2491 quo
1168 2438 1401 2487 Dominus,
1421 2438 1697 2491 significatur
1713 2439 1833 2492 quod

342 2502 453 2544 illud
479 2516 538 2543 ex
566 2502 776 2543 Domino.
838 2500 955 2554 Quia
980 2514 1058 2554 per
1081 2504 1294 2554 “septem
1316 2501 1494 2554 spiritus
1521 2500 1644 2550 Dei‚”
1665 2501 1832 2554 signifi-

344 2572 503 2607 cantur
528 2567 679 2606 omnia
703 2579 809 2606 vera
840 2564 952 2606 caeli
984 2571 1031 2605 et
1062 2564 1280 2605 ecclesiae
1311 2578 1336 2604 a
1369 2564 1565 2606 Domino
1593 2562 1661 2618 (ut
1686 2578 1832 2618 supra,

344 2644 386 2670 n.
414 2627 578 2682 183[a]‚
603 2635 836 2673 ostensum
858 2626 1100 2681 videatur),
1119 2627 1221 2668 ideo
1238 2628 1414 2677 dicitur,
1435 2631 1585 2682 “quae
1598 2634 1705 2669 sunt
1731 2641 1832 2681 sep-

343 2698 439 2732 tem
464 2691 648 2743 spiritus
675 2689 800 2730 Dei‚”
857 2700 970 2738 (Quod
990 2697 1168 2737 '‘septem''
1189 2700 1366 2738 significent
1384 2700 1500 2735 omnia,
1516 2700 1660 2729 videatur
1677 2709 1781 2738 supra,
1802 2710 1833 2730 n.

343 2743 445 2796 256:
469 2755 558 2792 quod
574 2751 590 2762 ¹⁴
602 2754 682 2791 ignis
694 2753 710 2763 '¹
726 2753 881 2791 significet
894 2754 1016 2782 bonum
1031 2753 1157 2787 amoris,
1171 2762 1201 2782 n.
1215 2762 1283 2792 934,
1297 2754 1386 2791 4906,
1400 2760 1488 2790 5215,
1501 2754 1590 2791 6314,
1603 2754 1691 2791 6832,
1709 2755 1832 2791 10055.)

345 2805 480 2859 Quod
507 2804 810 2857 “lampades’'
837 2803 1093 2857 significent
1119 2818 1238 2853 vera,
1265 2818 1379 2858 quae
1405 2818 1511 2845 vera
1540 2804 1640 2845 fidei
1666 2818 1832 2845 vocan-

343 2876 427 2916 tur,
456 2873 666 2908 constare
698 2873 852 2920 potest
884 2881 942 2908 ex
975 2867 1043 2907 his
1075 2866 1186 2908 locis
1217 2867 1261 2907 in
1287 2865 1442 2908 Verbo
1459 2865 1667 2919 t—Apud
1695 2866 1831 2906 Davi-

344 2931 463 2979 dem,

413 3021 435 3035 ‘¹
447 3020 600 3103 Lampas
624 3020 706 3060 pedi
730 3029 811 3051 meo
828 3019 985 3051 Verbum
1003 3025 1113 3057 tuum,
1133 3025 1169 3051 et
1189 3018 1250 3051 lux
1266 3019 1414 3051 semitae
1432 3028 1531 3050 meae
1543 3018 1560 3030 '¹
1578 3018 1721 3059 (Psalm.
1739 3019 1818 3049 cxix

521 3071 580 3102 105
610 3073 617 3102 ;
