2060 3476
260 348 343 391 262
674 357 1008 392 APOCALYPSIS
1041 360 1341 393 EXPLICATA.

258 471 383 508 plenius
398 475 542 501 constare
556 475 660 510 potest
673 480 713 501 ex
727 471 787 501 illis
798 481 881 510 quae
900 472 931 501 in
947 481 1043 510 opere
1059 473 1110 502 De
1127 473 1216 502 Caelo
1230 476 1261 502 et
1274 473 1409 512 Infemo,
1425 481 1456 503 n.
1473 472 1622 511 126-140.
1637 477 1669 503 et
1683 479 1753 511 275.

259 529 387 554 ostensa
400 528 484 559 sunt,
500 533 583 562 quae
597 524 788 564 videantur.)
846 513 983 567 Quod
1009 514 1233 555 Dominus
1259 515 1318 555 Sit
1349 528 1375 555 a
1405 528 1495 568 quo
1525 528 1660 556 omne
1686 517 1752 556 Vi-

260 581 350 624 tae,
378 581 448 616 est
480 575 583 628 quia
608 580 678 616 est
710 574 788 616 Sol
821 575 933 616 caeli
964 575 1171 629 angelici,
1198 582 1244 616 et
1276 575 1354 616 lux
1386 571 1502 616 illius
1534 575 1651 617 Solis
1683 586 1753 620 est

225 649 240 660 ’
261 638 476 679 Divinum
498 637 684 688 Verum,
708 645 755 680 et
781 638 904 679 calor
925 638 1042 679 illius
1058 638 1185 679 Solis
1211 644 1281 679 est
1308 638 1520 679 Divinum
1547 638 1750 691 Bonum;

260 707 498 756 utrumque
529 707 599 742 est
624 702 745 752 vita;
785 702 890 742 inde
917 702 1044 754 origo
1071 701 1217 742 omnis
1243 701 1363 742 vitae
1393 702 1438 743 in
1470 701 1598 742 caelo
1629 709 1675 744 et
1706 705 1750 745 in

259 764 440 805 mundo.
502 763 741 818 Spirituale
773 764 893 818 quod
924 764 1067 805 influit
1098 765 1142 804 in
1169 764 1404 813 Naturam,
1432 770 1479 805 et
1504 765 1583 806 dat
1610 766 1750 808 vitam

258 827 331 875 ibi,
355 840 446 868 non
468 826 647 868 aliunde
669 834 764 878 est;
791 827 872 868 sed
894 827 973 868 dat
995 828 1137 868 vitam
1159 827 1407 867 secundum
1430 828 1752 880 receptionem.

260 899 396 936 (Dehoc
405 899 500 928 etiam
512 898 657 928 videatur
668 899 700 928 in
713 908 809 937 opere
823 900 873 928 De
888 899 978 929 Caelo
992 902 1023 928 et
1036 899 1172 938 laser-no,
1186 907 1219 928 n.
1236 899 1404 938 116-125).
1451 887 1528 929 EX
1545 889 1615 930 his
1633 903 1750 931 nunc

258 957 387 1003 patet
414 950 532 991 unde
559 957 627 991 est
654 950 774 1004 quod
802 950 1023 991 Dominus
1051 948 1109 990 Se
1136 950 1258 990 dicat
1286 949 1483 991 “Vitam
1500 950 1534 1001 ;”
1558 957 1603 992 et
1637 953 1754 994 unde

259 1020 328 1054 est
354 1014 475 1067 quod
501 1014 709 1054 dicantur
734 1014 874 1054 vitam
900 1013 1066 1054 habere
1093 1019 1139 1054 et
1161 1013 1325 1062 vivere,
1350 1014 1423 1067 qui
1449 1013 1611 1063 lucem,
1638 1029 1751 1068 quae

258 1083 329 1117 est
357 1076 569 1117 Divinum
595 1076 781 1124 Verum,
809 1077 1030 1130 recipiunt
1056 1089 1082 1117 a
1110 1076 1335 1127 Domino;
1368 1082 1414 1117 et
1446 1077 1567 1131 quod
1598 1077 1753 1119 dican-

258 1142 332 1177 tur
361 1150 453 1178 non
483 1138 636 1178 vivere
667 1137 747 1178 sed
779 1137 946 1178 mortui
977 1151 1092 1187 esse,
1119 1137 1194 1191 qui
1225 1150 1316 1178 non
1347 1137 1585 1191 recipiunt.
1644 1150 1754 1188 <Quod

259 1198 370 1227 unicus
386 1198 470 1227 Fons
484 1199 565 1227 vitae
580 1199 627 1233 sit,
644 1204 676 1227 et
690 1199 779 1236 quod
790 1198 842 1227 ille
855 1198 894 1227 sit
911 1198 1079 1233 Dominus,
1091 1198 1235 1227 videatur
1246 1198 1278 1227 in
1289 1207 1386 1236 opere
1397 1199 1449 1228 De
1467 1199 1558 1229 Caelo
1572 1203 1603 1229 et
1616 1200 1754 1240 Inferna.

257 1254 288 1274 n.
304 1255 339 1283 9;
362 1249 393 1274 et
408 1245 439 1274 in
455 1246 615 1275 Doc‘trina
629 1247 739 1275 Novae
753 1246 1002 1282 Hiero-solymae,
1018 1254 1049 1276 n.
1065 1244 1149 1284 278.)

338 1299 544 1354 18¹7[a].
575 1311 684 1350 [Vers.
703 1311 746 1350 2.]
777 1301 900 1341 “Esto
926 1299 1328 1355 vigilans.”—Quod
1358 1298 1582 1354 significet
1610 1309 1659 1343 ut
1682 1303 1752 1343 ω’-

258 1368 350 1402 tam
375 1362 465 1402 sibi
490 1368 754 1415 comparent,
782 1369 965 1403 constat
991 1377 1050 1403 ex
1077 1362 1406 1415 significatione
1434 1366 1459 1383 “
1476 1363 1584 1416 vigil
1616 1365 1754 1413 esse,”

258 1425 377 1478 quod
410 1426 467 1466 sit
499 1426 542 1466 in
571 1426 665 1466 vita
690 1425 909 1479 spirituali
936 1439 1062 1476 esse;
1104 1425 1174 1466 hic
1201 1431 1369 1474 autem,
1396 1426 1499 1479 quia
1524 1427 1674 1479 agitur
1699 1428 1754 1469 de

257 1487 344 1528 illis
370 1489 442 1542 qui
468 1489 510 1529 in
534 1489 627 1529 vita
654 1488 811 1529 morali
837 1495 942 1530 sunt
968 1496 1014 1529 et
1042 1489 1241 1529 nondum
1267 1489 1311 1528 in
1337 1488 1570 1542 spirituali,
1597 1489 1750 1531 “Esto

257 1550 479 1604 vigilans'’
510 1557 580 1592 est
614 1558 661 1592 ut
694 1557 959 1605 comparent
992 1551 1074 1592 sibi
1106 1552 1247 1592 vitam
1279 1551 1583 1605 spiritualem
1630 1554 1751 1607 quod

259 1613 436 1668 “vigil”
461 1621 506 1656 et
538 1614 760 1668 “vigilare
774 1615 792 1629 ”
825 1615 942 1656 hanc
976 1616 1117 1660 vitam
1151 1613 1389 1667 significet,
1421 1621 1491 1656 est
1525 1615 1629 1669 quia
1661 1617 1756 1658 vita

256 1676 499 1730 spiritualis
532 1677 588 1718 ad
620 1678 762 1718 vitam
795 1676 1012 1718 moralem
1045 1677 1214 1731 abs‘que
1246 1676 1324 1717 illa
1354 1683 1423 1718 est
1456 1677 1572 1719 sicut
1603 1677 1754 1732 vigilia

256 1740 313 1780 ad
336 1753 558 1789 somnum,
579 1746 656 1781 aut
679 1740 794 1781 sicut
818 1739 894 1780 lux
919 1733 1165 1781 meridiana
1187 1739 1244 1780 ad
1268 1753 1516 1794 vesperam,
1537 1740 1674 1782 immo
1696 1743 1753 1783 ad

256 1802 494 1843 tenebras:
530 1802 610 1843 sed
633 1802 753 1856 quod
778 1803 843 1843 ita
869 1803 941 1852 sit,
966 1815 1056 1843 non
1079 1803 1227 1843 sciunt
1250 1809 1296 1843 et
1319 1802 1572 1856 percipiunt
1594 1802 1657 1844 illi
1680 1805 1753 1858 qui

255 1866 299 1907 in
331 1865 428 1906 sola
458 1866 552 1906 vita
584 1865 777 1906 naturali
810 1871 929 1915 sunt,
963 1878 1045 1906 nec
1083 1866 1156 1919 qui
1193 1865 1236 1906 in
1269 1865 1364 1906 vita
1394 1865 1553 1906 morali
1584 1866 1753 1920 absque

256 1928 486 1982 spirituali,
514 1941 618 1969 nam
644 1928 754 1969 haec
778 1929 872 1969 vita
896 1934 966 1970 est
993 1943 1169 1982 quoque
1196 1929 1289 1969 vita
1315 1928 1545 1970 naturalis.
1608 1928 1755 1970 Causa

255 1991 375 2045 quod
401 1991 463 2032 illi
495 1991 539 2032 id
571 2005 662 2032 non
689 1991 835 2032 sciant
867 1997 913 2032 et
945 1992 1210 2044 percipiant,
1239 1997 1310 2032 est
1342 1991 1445 2044 quia
1477 1992 1521 2031 in
1554 1991 1653 2032 solo
1685 1991 1752 2033 lu-

255 2055 375 2095 mine
413 2054 605 2096 naturali
646 2061 778 2105 sunt;
821 2061 868 2094 et
909 2054 995 2095 hoc
1034 2053 1184 2095 lumen
1226 2052 1476 2106 respective
1513 2055 1570 2095 ad
1607 2054 1752 2096 lucem

255 2117 531 2171 spiritualem
558 2123 628 2158 est
654 2118 768 2158 sicut
795 2117 1011 2158 tenebrae
1037 2130 1254 2170 vesperae
1279 2116 1336 2157 ad
1363 2116 1509 2157 lucem
1536 2117 1749 2166 meridiei,

255 2192 307 2220 ac
344 2179 560 2221 tenebrae
593 2193 809 2233 vesperae
846 2179 932 2219 illis
968 2185 1187 2232 apparent
1226 2179 1342 2220 sicut
1380 2178 1487 2230 lux;
1525 2186 1595 2220 est
1632 2180 1751 2220 enim

254 2242 374 2282 visus
411 2242 802 2290 eoruminterior,
835 2241 908 2295 qui
944 2242 1253 2294 cogitationis,
1286 2241 1344 2281 ad
1381 2240 1481 2282 illas
1519 2241 1750 2290 formatus,

254 2303 388 2358 plane
414 2304 528 2345 sicut
553 2304 674 2344 visus
701 2302 980 2351 noctuarum,
1008 2303 1394 2356 vespertilionum,
1423 2309 1469 2344 et
1501 2309 1752 2345 ceterarum

254 2367 400 2407 avium
434 2380 548 2420 quae
574 2366 733 2406 volant
765 2364 916 2414 noctu,
944 2365 1000 2406 ad
1028 2366 1220 2406 umbras.
1283 2365 1395 2407 Inde
1421 2372 1492 2406 est
1518 2366 1639 2420 quod
1670 2367 1753 2419 ipsi

255 2429 443 2471 credant
476 2430 598 2483 quod
630 2430 673 2470 in
711 2429 812 2471 luce
849 2430 954 2478 sint,
988 2430 1091 2483 quia
1123 2429 1380 2470 ratiocinari
1412 2435 1616 2483 possunt,
1651 2442 1751 2470 cum

254 2500 409 2535 tamen
435 2494 480 2533 in
507 2493 705 2533 tenebris
737 2499 855 2534 sunt.
918 2492 1052 2546 Quod
1079 2493 1144 2533 ita
1169 2494 1241 2542 sit,
1271 2492 1390 2534 clare
1416 2498 1599 2534 constat
1626 2507 1652 2533 a
1678 2499 1748 2533 ta-

254 2556 369 2597 libus
401 2562 504 2610 post
536 2562 731 2596 mortem
759 2569 859 2597 cum
893 2555 1004 2597 fiunt
1037 2556 1245 2609 spiritus;
1279 2562 1386 2596 tunc
1419 2555 1601 2609 quando
1632 2555 1750 2609 apud

254 2634 358 2661 suos
380 2625 498 2667 sunt,
519 2619 712 2660 credunt
734 2619 855 2673 quod
877 2620 921 2659 in
945 2619 1043 2660 luce
1066 2620 1170 2668 sint,
1192 2620 1294 2672 quia
1316 2632 1407 2660 non
1430 2618 1574 2660 solum
1593 2619 1750 2660 vident

255 2684 406 2724 omnia
431 2696 545 2736 quae
571 2683 736 2723 circum
763 2696 811 2723 se
837 2690 956 2732 sunt,
984 2683 1064 2723 sed
1090 2684 1228 2724 etiam
1254 2682 1357 2736 quia
1383 2683 1585 2735 cogitare
1611 2688 1657 2723 et
1683 2682 1750 2723 lo-

225 2747 329 2800 rqui
360 2751 550 2799 possunt
583 2745 639 2786 de
670 2758 717 2786 re
749 2759 1046 2799 quacunque;
1087 2746 1170 2787 'sed
1204 2752 1359 2786 tamen
1392 2758 1494 2786 cum
1527 2745 1605 2785 lux
1639 2744 1752 2786 caeli

256 2810 375 2863 apud
406 2808 508 2850 illos
539 2808 699 2857 influit,
729 2815 836 2850 tunc
869 2809 948 2850 lux
975 2822 1127 2850 eorum
1153 2810 1346 2850 vertitur
1377 2809 1421 2849 in
1452 2808 1678 2855 tenebras,
1706 2814 1752 2848 et

254 2872 318 2913 illi
343 2872 492 2926 quoad
517 2870 800 2912 intelle&um
826 2872 890 2913 ita
915 2878 1218 2913 occaecantur
1241 2879 1288 2913 ut
1316 2885 1406 2912 non
1432 2871 1598 2925 aliquid
1623 2871 1748 2923 cogi-

255 2942 352 2976 tare
378 2936 566 2989 possint.
627 2935 781 2976 Etiam
807 2935 958 2988 angeli
988 2936 1062 2988 qui
1093 2936 1136 2976 in
1161 2935 1297 2976 caelis
1326 2941 1446 2983 sunt,
1470 2946 1571 2975 cum
1598 2933 1749 2986 despi-

255 3000 377 3040 ciunt
409 2998 465 3040 ad
496 2998 597 3039 illos
623 2998 696 3052 qui
727 2999 771 3039 in
803 2997 883 3039 tali
914 2997 1081 3039 lumine
1115 3004 1233 3047 sunt,
1262 3011 1352 3039 non
1384 2997 1540 3038 vident
1573 2996 1632 3037 ibi
1665 2997 1746 3037 nisi
