<?xml version="1.0" encoding="UTF-8"?>
<!DOCTYPE html PUBLIC "-//W3C//DTD XHTML 1.0 Transitional//EN"
    "http://www.w3.org/TR/xhtml1/DTD/xhtml1-transitional.dtd">
<html xmlns="http://www.w3.org/1999/xhtml" xml:lang="en" lang="en">
 <head>
  <title>
</title>
<meta http-equiv="Content-Type" content="text/html;charset=utf-8" />
  <meta name='ocr-system' content='tesseract 3.04.00' />
  <meta name='ocr-capabilities' content='ocr_page ocr_carea ocr_par ocr_line ocrx_word'/>
</head>
<body>
  <div class='ocr_page' id='page_1' title='image "apocalypsisexpli01sweduoft_0328.png"; bbox 0 0 2060 3476; ppageno 0'>
   <div class='ocr_carea' id='block_1_1' title="bbox 283 355 1358 399">
    <p class='ocr_par' dir='ltr' id='par_1_1' title="bbox 283 355 1358 399">
     <span class='ocr_line' id='line_1_1' title="bbox 283 355 1358 399; baseline 0.002 -11"><span class='ocrx_word' id='word_1_1' title='bbox 283 357 363 399; x_wconf 87' lang='lat'>322</span> <span class='ocrx_word' id='word_1_2' title='bbox 695 355 1028 389; x_wconf 85' lang='lat' dir='ltr'>APOCALYPSIS</span> <span class='ocrx_word' id='word_1_3' title='bbox 1058 357 1358 390; x_wconf 89' lang='lat' dir='ltr'><strong>EXPLICATA.</strong></span> 
     </span>
    </p>
   </div>
   <div class='ocr_carea' id='block_1_2' title="bbox 244 469 1775 1974">
    <p class='ocr_par' dir='ltr' id='par_1_2' title="bbox 280 469 1774 586">
     <span class='ocr_line' id='line_1_2' title="bbox 280 469 1774 524; baseline 0.002 -14"><span class='ocrx_word' id='word_1_4' title='bbox 280 475 412 521; x_wconf 89' lang='lat' dir='ltr'>sunt;</span> <span class='ocrx_word' id='word_1_5' title='bbox 446 469 566 523; x_wconf 91' lang='lat' dir='ltr'>quod</span> <span class='ocrx_word' id='word_1_6' title='bbox 593 469 694 523; x_wconf 88' lang='lat' dir='ltr'>quia</span> <span class='ocrx_word' id='word_1_7' title='bbox 719 475 949 511; x_wconf 87' lang='lat' dir='ltr'>sustentat</span> <span class='ocrx_word' id='word_1_8' title='bbox 976 469 1128 511; x_wconf 88' lang='lat' dir='ltr'>caelos</span> <span class='ocrx_word' id='word_1_9' title='bbox 1154 469 1559 524; x_wconf 80' lang='lat' dir='ltr'>duos&#39;superioreS,</span> <span class='ocrx_word' id='word_1_10' title='bbox 1587 471 1690 513; x_wconf 92' lang='lat' dir='ltr'>ideo</span> <span class='ocrx_word' id='word_1_11' title='bbox 1715 472 1774 514; x_wconf 90' lang='lat' dir='ltr'>ibi</span> 
     </span>
     <span class='ocr_line' id='line_1_3' title="bbox 280 532 1155 586; baseline 0.001 -14"><span class='ocrx_word' id='word_1_12' title='bbox 280 533 457 586; x_wconf 87' lang='lat' dir='ltr'>positae</span> <span class='ocrx_word' id='word_1_13' title='bbox 484 538 587 573; x_wconf 91' lang='lat' dir='ltr'>sunt</span> <span class='ocrx_word' id='word_1_14' title='bbox 615 532 747 573; x_wconf 85' lang='lat' dir='ltr'>binae</span> <span class='ocrx_word' id='word_1_15' title='bbox 773 532 877 574; x_wconf 90' lang='lat' dir='ltr'>illae</span> <span class='ocrx_word' id='word_1_16' title='bbox 904 532 1155 574; x_wconf 86' lang='lat' dir='ltr'><strong>columnae.</strong></span> 
     </span>
    </p>

    <p class='ocr_par' dir='ltr' id='par_1_3' title="bbox 244 596 1775 1974">
     <span class='ocr_line' id='line_1_4' title="bbox 365 596 1772 653; baseline 0.001 -14"><span class='ocrx_word' id='word_1_17' title='bbox 365 596 575 651; x_wconf 81' lang='lat' dir='ltr'>22o[a].</span> <span class='ocrx_word' id='word_1_18' title='bbox 617 596 736 651; x_wconf 83' lang='lat' dir='ltr'>Quid</span> <span class='ocrx_word' id='word_1_19' title='bbox 768 605 923 640; x_wconf 88' lang='lat' dir='ltr'>autem</span> <span class='ocrx_word' id='word_1_20' title='bbox 949 598 1208 652; x_wconf 90' lang='lat' dir='ltr'>“templum</span> <span class='ocrx_word' id='word_1_21' title='bbox 1221 599 1240 614; x_wconf 93' lang='lat'>”</span> <span class='ocrx_word' id='word_1_22' title='bbox 1271 599 1316 640; x_wconf 91' lang='lat' dir='ltr'>in</span> <span class='ocrx_word' id='word_1_23' title='bbox 1342 598 1499 640; x_wconf 91' lang='lat' dir='ltr'>Verbo</span> <span class='ocrx_word' id='word_1_24' title='bbox 1531 599 1772 653; x_wconf 89' lang='lat' dir='ltr'>significat,</span> 
     </span>
     <span class='ocr_line' id='line_1_5' title="bbox 281 660 1774 716; baseline 0.002 -16"><span class='ocrx_word' id='word_1_25' title='bbox 281 661 419 701; x_wconf 90' lang='lat' dir='ltr'>etiam</span> <span class='ocrx_word' id='word_1_26' title='bbox 434 660 716 701; x_wconf 80' lang='lat' dir='ltr'>dicetur:—“</span> <span class='ocrx_word' id='word_1_27' title='bbox 731 661 972 715; x_wconf 90' lang='lat' dir='ltr'>Templum</span> <span class='ocrx_word' id='word_1_28' title='bbox 984 661 1003 677; x_wconf 88' lang='lat'>&#39;’</span> <span class='ocrx_word' id='word_1_29' title='bbox 1017 661 1242 716; x_wconf 89' lang='lat' dir='ltr'>significat</span> <span class='ocrx_word' id='word_1_30' title='bbox 1258 663 1300 702; x_wconf 90' lang='lat' dir='ltr'>in</span> <span class='ocrx_word' id='word_1_31' title='bbox 1317 675 1528 715; x_wconf 90' lang='lat' dir='ltr'>supremo</span> <span class='ocrx_word' id='word_1_32' title='bbox 1542 676 1676 703; x_wconf 89' lang='lat' dir='ltr'>sensu</span> <span class='ocrx_word' id='word_1_33' title='bbox 1694 663 1774 703; x_wconf 95' lang='lat' dir='ltr'>Di-</span> 
     </span>
     <span class='ocr_line' id='line_1_6' title="bbox 279 722 1775 780; baseline 0.002 -17"><span class='ocrx_word' id='word_1_34' title='bbox 279 723 432 763; x_wconf 90' lang='lat' dir='ltr'>vinum</span> <span class='ocrx_word' id='word_1_35' title='bbox 457 722 718 764; x_wconf 88' lang='lat' dir='ltr'>Humanum</span> <span class='ocrx_word' id='word_1_36' title='bbox 743 724 939 773; x_wconf 91' lang='lat' dir='ltr'>Domini,</span> <span class='ocrx_word' id='word_1_37' title='bbox 965 730 1010 765; x_wconf 92' lang='lat' dir='ltr'>et</span> <span class='ocrx_word' id='word_1_38' title='bbox 1034 725 1079 764; x_wconf 93' lang='lat' dir='ltr'>in</span> <span class='ocrx_word' id='word_1_39' title='bbox 1101 723 1353 778; x_wconf 65' lang='lat' dir='ltr'>respectivo</span> <span class='ocrx_word' id='word_1_40' title='bbox 1375 724 1577 776; x_wconf 82' lang='lat' dir='ltr'>caelum3</span> <span class='ocrx_word' id='word_1_41' title='bbox 1610 731 1656 767; x_wconf 90' lang='lat' dir='ltr'>et</span> <span class='ocrx_word' id='word_1_42' title='bbox 1674 726 1775 780; x_wconf 90' lang='lat' dir='ltr'>quia</span> 
     </span>
     <span class='ocr_line' id='line_1_7' title="bbox 281 785 1774 840; baseline 0.003 -15"><span class='ocrx_word' id='word_1_43' title='bbox 281 785 471 834; x_wconf 84' lang='lat' dir='ltr'>caelum,</span> <span class='ocrx_word' id='word_1_44' title='bbox 491 787 628 827; x_wconf 92' lang='lat' dir='ltr'>etiam</span> <span class='ocrx_word' id='word_1_45' title='bbox 647 786 872 840; x_wconf 87' lang='lat' dir='ltr'>significat</span> <span class='ocrx_word' id='word_1_46' title='bbox 890 787 1145 836; x_wconf 86' lang='lat' dir='ltr'>ecclesiam,</span> <span class='ocrx_word' id='word_1_47' title='bbox 1166 801 1270 828; x_wconf 91' lang='lat' dir='ltr'>nam</span> <span class='ocrx_word' id='word_1_48' title='bbox 1290 787 1483 829; x_wconf 87' lang='lat' dir='ltr'>ecclesia</span> <span class='ocrx_word' id='word_1_49' title='bbox 1505 794 1575 829; x_wconf 90' lang='lat' dir='ltr'>est</span> <span class='ocrx_word' id='word_1_50' title='bbox 1598 788 1774 829; x_wconf 87' lang='lat' dir='ltr'>caelum</span> 
     </span>
     <span class='ocr_line' id='line_1_8' title="bbox 281 847 1774 904; baseline 0.002 -15"><span class='ocrx_word' id='word_1_51' title='bbox 281 848 463 889; x_wconf 89' lang='lat' dir='ltr'>Domini</span> <span class='ocrx_word' id='word_1_52' title='bbox 495 850 539 890; x_wconf 91' lang='lat' dir='ltr'>in</span> <span class='ocrx_word' id='word_1_53' title='bbox 569 851 725 901; x_wconf 89' lang='lat' dir='ltr'>terris;</span> <span class='ocrx_word' id='word_1_54' title='bbox 758 856 805 891; x_wconf 92' lang='lat' dir='ltr'>et</span> <span class='ocrx_word' id='word_1_55' title='bbox 832 847 934 904; x_wconf 77' lang='lat' dir='ltr'>quia</span> <span class='ocrx_word' id='word_1_56' title='bbox 960 849 1219 904; x_wconf 89' lang='lat' dir='ltr'>“templum</span> <span class='ocrx_word' id='word_1_57' title='bbox 1232 850 1251 866; x_wconf 90' lang='lat'>”</span> <span class='ocrx_word' id='word_1_58' title='bbox 1273 850 1498 904; x_wconf 80' lang='lat' dir='ltr'>significat</span> <span class='ocrx_word' id='word_1_59' title='bbox 1525 850 1700 892; x_wconf 86' lang='lat' dir='ltr'>caelum</span> <span class='ocrx_word' id='word_1_60' title='bbox 1726 857 1774 892; x_wconf 89' lang='lat' dir='ltr'>et</span> 
     </span>
     <span class='ocr_line' id='line_1_9' title="bbox 280 911 1774 968; baseline 0.002 -16"><span class='ocrx_word' id='word_1_61' title='bbox 280 911 534 961; x_wconf 88' lang='lat' dir='ltr'>ecclesiam,</span> <span class='ocrx_word' id='word_1_62' title='bbox 568 914 705 954; x_wconf 89' lang='lat' dir='ltr'>etiam</span> <span class='ocrx_word' id='word_1_63' title='bbox 738 912 963 966; x_wconf 85' lang='lat' dir='ltr'>significat</span> <span class='ocrx_word' id='word_1_64' title='bbox 1002 913 1214 954; x_wconf 91' lang='lat' dir='ltr'>Divinum</span> <span class='ocrx_word' id='word_1_65' title='bbox 1252 913 1424 955; x_wconf 91' lang='lat' dir='ltr'>Verum</span> <span class='ocrx_word' id='word_1_66' title='bbox 1462 914 1712 968; x_wconf 88' lang='lat' dir='ltr'>procedens</span> <span class='ocrx_word' id='word_1_67' title='bbox 1748 927 1774 954; x_wconf 86' lang='lat' dir='ltr'>a</span> 
     </span>
     <span class='ocr_line' id='line_1_10' title="bbox 281 973 1773 1029; baseline 0.002 -14"><span class='ocrx_word' id='word_1_68' title='bbox 281 973 505 1025; x_wconf 89' lang='lat' dir='ltr'>Domin0;</span> <span class='ocrx_word' id='word_1_69' title='bbox 533 989 668 1016; x_wconf 88' lang='lat' dir='ltr'>causa</span> <span class='ocrx_word' id='word_1_70' title='bbox 686 982 756 1017; x_wconf 91' lang='lat' dir='ltr'>est</span> <span class='ocrx_word' id='word_1_71' title='bbox 774 976 876 1029; x_wconf 91' lang='lat' dir='ltr'>quia</span> <span class='ocrx_word' id='word_1_72' title='bbox 898 975 984 1017; x_wconf 89' lang='lat' dir='ltr'>hoc</span> <span class='ocrx_word' id='word_1_73' title='bbox 1008 976 1114 1017; x_wconf 90' lang='lat' dir='ltr'>facit</span> <span class='ocrx_word' id='word_1_74' title='bbox 1132 976 1307 1017; x_wconf 91' lang='lat' dir='ltr'>caelum</span> <span class='ocrx_word' id='word_1_75' title='bbox 1330 983 1375 1018; x_wconf 93' lang='lat' dir='ltr'>et</span> <span class='ocrx_word' id='word_1_76' title='bbox 1394 977 1648 1026; x_wconf 91' lang='lat' dir='ltr'>ecclesiam,</span> <span class='ocrx_word' id='word_1_77' title='bbox 1669 990 1773 1018; x_wconf 90' lang='lat' dir='ltr'>nam</span> 
     </span>
     <span class='ocr_line' id='line_1_11' title="bbox 279 1038 1770 1091; baseline 0.002 -13"><span class='ocrx_word' id='word_1_78' title='bbox 279 1038 352 1091; x_wconf 92' lang='lat' dir='ltr'>qui</span> <span class='ocrx_word' id='word_1_79' title='bbox 378 1038 598 1091; x_wconf 91' lang='lat' dir='ltr'>recipiunt</span> <span class='ocrx_word' id='word_1_80' title='bbox 625 1039 734 1079; x_wconf 93' lang='lat' dir='ltr'>illud</span> <span class='ocrx_word' id='word_1_81' title='bbox 761 1040 911 1080; x_wconf 88' lang='lat' dir='ltr'>anima</span> <span class='ocrx_word' id='word_1_82' title='bbox 937 1045 984 1080; x_wconf 90' lang='lat' dir='ltr'>et</span> <span class='ocrx_word' id='word_1_83' title='bbox 1011 1040 1161 1088; x_wconf 91' lang='lat' dir='ltr'>corde,</span> <span class='ocrx_word' id='word_1_84' title='bbox 1189 1039 1276 1081; x_wconf 90' lang='lat' dir='ltr'>hoc</span> <span class='ocrx_word' id='word_1_85' title='bbox 1304 1046 1388 1089; x_wconf 86' lang='lat' dir='ltr'>est,</span> <span class='ocrx_word' id='word_1_86' title='bbox 1418 1039 1504 1081; x_wconf 88' lang='lat' dir='ltr'>fide</span> <span class='ocrx_word' id='word_1_87' title='bbox 1531 1046 1576 1081; x_wconf 93' lang='lat' dir='ltr'>et</span> <span class='ocrx_word' id='word_1_88' title='bbox 1603 1053 1770 1088; x_wconf 85' lang='lat' dir='ltr'>amore,</span> 
     </span>
     <span class='ocr_line' id='line_1_12' title="bbox 280 1100 1774 1157; baseline 0.003 -17"><span class='ocrx_word' id='word_1_89' title='bbox 280 1100 342 1140; x_wconf 92' lang='lat' dir='ltr'>illi</span> <span class='ocrx_word' id='word_1_90' title='bbox 379 1101 555 1142; x_wconf 89' lang='lat' dir='ltr'>caelu-m</span> <span class='ocrx_word' id='word_1_91' title='bbox 592 1108 638 1143; x_wconf 90' lang='lat' dir='ltr'>et</span> <span class='ocrx_word' id='word_1_92' title='bbox 675 1102 915 1144; x_wconf 86' lang='lat' dir='ltr'>ecclesiam</span> <span class='ocrx_word' id='word_1_93' title='bbox 954 1103 1253 1144; x_wconf 90' lang='lat' dir='ltr'>constituunt.</span> <span class='ocrx_word' id='word_1_94' title='bbox 1332 1103 1448 1156; x_wconf 82' lang='lat' dir='ltr'>Quia</span> <span class='ocrx_word' id='word_1_95' title='bbox 1482 1102 1774 1157; x_wconf 84' lang='lat' dir='ltr'>“templum”</span> 
     </span>
     <span class='ocr_line' id='line_1_13' title="bbox 279 1162 1773 1220; baseline 0.003 -18"><span class='ocrx_word' id='word_1_96' title='bbox 279 1162 355 1203; x_wconf 90' lang='lat' dir='ltr'>illa</span> <span class='ocrx_word' id='word_1_97' title='bbox 375 1163 613 1216; x_wconf 83' lang='lat' dir='ltr'>significat,</span> <span class='ocrx_word' id='word_1_98' title='bbox 631 1165 732 1206; x_wconf 92' lang='lat' dir='ltr'>ideo</span> <span class='ocrx_word' id='word_1_99' title='bbox 747 1165 909 1206; x_wconf 91' lang='lat' dir='ltr'>dicitur</span> <span class='ocrx_word' id='word_1_100' title='bbox 926 1165 1205 1219; x_wconf 89' lang='lat' dir='ltr'>“Templum</span> <span class='ocrx_word' id='word_1_101' title='bbox 1227 1166 1310 1207; x_wconf 89' lang='lat' dir='ltr'>Dei</span> <span class='ocrx_word' id='word_1_102' title='bbox 1329 1167 1416 1207; x_wconf 88' lang='lat' dir='ltr'>mei</span> <span class='ocrx_word' id='word_1_103' title='bbox 1433 1165 1467 1217; x_wconf 86' lang='lat'>;&#39;&#39;</span> <span class='ocrx_word' id='word_1_104' title='bbox 1493 1180 1571 1220; x_wconf 91' lang='lat' dir='ltr'>per</span> <span class='ocrx_word' id='word_1_105' title='bbox 1588 1166 1773 1207; x_wconf 91' lang='lat' dir='ltr'>“Deum</span> 
     </span>
     <span class='ocr_line' id='line_1_14' title="bbox 280 1226 1773 1282; baseline 0.003 -16"><span class='ocrx_word' id='word_1_106' title='bbox 280 1226 471 1274; x_wconf 86' lang='lat' dir='ltr'>meum,&#39;&#39;</span> <span class='ocrx_word' id='word_1_107' title='bbox 490 1239 590 1267; x_wconf 90' lang='lat' dir='ltr'>cum</span> <span class='ocrx_word' id='word_1_108' title='bbox 614 1241 639 1268; x_wconf 90' lang='lat' dir='ltr'>a</span> <span class='ocrx_word' id='word_1_109' title='bbox 664 1227 861 1268; x_wconf 89' lang='lat' dir='ltr'>Domino</span> <span class='ocrx_word' id='word_1_110' title='bbox 884 1228 1061 1278; x_wconf 89' lang='lat' dir='ltr'>dicitur,</span> <span class='ocrx_word' id='word_1_111' title='bbox 1085 1227 1353 1282; x_wconf 85' lang='lat' dir='ltr'>intelligitur</span> <span class='ocrx_word' id='word_1_112' title='bbox 1375 1228 1549 1270; x_wconf 90' lang='lat' dir='ltr'>caelum</span> <span class='ocrx_word' id='word_1_113' title='bbox 1573 1242 1624 1270; x_wconf 87' lang='lat' dir='ltr'>ac</span> <span class='ocrx_word' id='word_1_114' title='bbox 1649 1228 1773 1270; x_wconf 89' lang='lat' dir='ltr'>Divi-</span> 
     </span>
     <span class='ocr_line' id='line_1_15' title="bbox 280 1289 1772 1345; baseline 0.003 -17"><span class='ocrx_word' id='word_1_115' title='bbox 280 1302 386 1329; x_wconf 90' lang='lat' dir='ltr'>num</span> <span class='ocrx_word' id='word_1_116' title='bbox 414 1289 584 1331; x_wconf 89' lang='lat' dir='ltr'>Verum</span> <span class='ocrx_word' id='word_1_117' title='bbox 618 1291 690 1339; x_wconf 90' lang='lat' dir='ltr'>ibi,</span> <span class='ocrx_word' id='word_1_118' title='bbox 719 1291 838 1345; x_wconf 93' lang='lat' dir='ltr'>quod</span> <span class='ocrx_word' id='word_1_119' title='bbox 870 1292 1009 1332; x_wconf 90' lang='lat' dir='ltr'>etiam</span> <span class='ocrx_word' id='word_1_120' title='bbox 1042 1298 1111 1332; x_wconf 91' lang='lat' dir='ltr'>est</span> <span class='ocrx_word' id='word_1_121' title='bbox 1146 1291 1367 1332; x_wconf 87' lang='lat' dir='ltr'>Dominus</span> <span class='ocrx_word' id='word_1_122' title='bbox 1399 1293 1442 1332; x_wconf 89' lang='lat' dir='ltr'>in</span> <span class='ocrx_word' id='word_1_123' title='bbox 1475 1291 1616 1333; x_wconf 92' lang='lat' dir='ltr'>caelo.</span> <span class='ocrx_word' id='word_1_124' title='bbox 1678 1291 1772 1333; x_wconf 95' lang='lat' dir='ltr'>Do-</span> 
     </span>
     <span class='ocr_line' id='line_1_16' title="bbox 280 1353 1773 1408; baseline 0.002 -15"><span class='ocrx_word' id='word_1_125' title='bbox 280 1353 425 1393; x_wconf 90' lang='lat' dir='ltr'>minus</span> <span class='ocrx_word' id='word_1_126' title='bbox 452 1366 585 1406; x_wconf 91' lang='lat' dir='ltr'>supra</span> <span class='ocrx_word' id='word_1_127' title='bbox 611 1353 763 1394; x_wconf 90' lang='lat' dir='ltr'>caelos</span> <span class='ocrx_word' id='word_1_128' title='bbox 795 1360 880 1403; x_wconf 90' lang='lat' dir='ltr'>est,</span> <span class='ocrx_word' id='word_1_129' title='bbox 909 1367 959 1395; x_wconf 89' lang='lat' dir='ltr'>ac</span> <span class='ocrx_word' id='word_1_130' title='bbox 993 1360 1182 1408; x_wconf 86' lang='lat' dir='ltr'>apparet</span> <span class='ocrx_word' id='word_1_131' title='bbox 1214 1354 1301 1395; x_wconf 88' lang='lat' dir='ltr'>illis</span> <span class='ocrx_word' id='word_1_132' title='bbox 1327 1355 1399 1408; x_wconf 94' lang='lat' dir='ltr'>qui</span> <span class='ocrx_word' id='word_1_133' title='bbox 1432 1355 1476 1395; x_wconf 88' lang='lat' dir='ltr'>in</span> <span class='ocrx_word' id='word_1_134' title='bbox 1508 1354 1637 1396; x_wconf 91' lang='lat' dir='ltr'>caelo</span> <span class='ocrx_word' id='word_1_135' title='bbox 1669 1362 1773 1396; x_wconf 90' lang='lat' dir='ltr'>sunt</span> 
     </span>
     <span class='ocr_line' id='line_1_17' title="bbox 281 1415 1772 1471; baseline 0.003 -16"><span class='ocrx_word' id='word_1_136' title='bbox 281 1422 328 1456; x_wconf 91' lang='lat' dir='ltr'>ut</span> <span class='ocrx_word' id='word_1_137' title='bbox 353 1415 443 1456; x_wconf 87' lang='lat' dir='ltr'>Sol.</span> <span class='ocrx_word' id='word_1_138' title='bbox 507 1415 581 1456; x_wconf 86' lang='lat' dir='ltr'>Ex</span> <span class='ocrx_word' id='word_1_139' title='bbox 606 1416 804 1458; x_wconf 91' lang='lat' dir='ltr'>Domino</span> <span class='ocrx_word' id='word_1_140' title='bbox 827 1423 874 1458; x_wconf 90' lang='lat' dir='ltr'>ut</span> <span class='ocrx_word' id='word_1_141' title='bbox 898 1416 1003 1458; x_wconf 86' lang='lat' dir='ltr'>Sole</span> <span class='ocrx_word' id='word_1_142' title='bbox 1026 1417 1084 1458; x_wconf 94' lang='lat' dir='ltr'>ibi</span> <span class='ocrx_word' id='word_1_143' title='bbox 1112 1417 1317 1471; x_wconf 89' lang='lat' dir='ltr'>procedit</span> <span class='ocrx_word' id='word_1_144' title='bbox 1341 1417 1419 1458; x_wconf 86' lang='lat' dir='ltr'>lux</span> <span class='ocrx_word' id='word_1_145' title='bbox 1443 1423 1489 1459; x_wconf 91' lang='lat' dir='ltr'>et</span> <span class='ocrx_word' id='word_1_146' title='bbox 1512 1418 1659 1459; x_wconf 91' lang='lat' dir='ltr'>calor:</span> <span class='ocrx_word' id='word_1_147' title='bbox 1694 1417 1772 1459; x_wconf 84' lang='lat' dir='ltr'>lux</span> 
     </span>
     <span class='ocr_line' id='line_1_18' title="bbox 280 1479 1774 1529; baseline 0.001 -11"><span class='ocrx_word' id='word_1_148' title='bbox 280 1479 337 1519; x_wconf 92' lang='lat' dir='ltr'>ibi</span> <span class='ocrx_word' id='word_1_149' title='bbox 364 1479 407 1519; x_wconf 91' lang='lat' dir='ltr'>in</span> <span class='ocrx_word' id='word_1_150' title='bbox 435 1492 513 1519; x_wconf 87' lang='lat' dir='ltr'>sua</span> <span class='ocrx_word' id='word_1_151' title='bbox 540 1480 737 1520; x_wconf 84' lang='lat' dir='ltr'>essentia</span> <span class='ocrx_word' id='word_1_152' title='bbox 764 1486 834 1521; x_wconf 88' lang='lat' dir='ltr'>est</span> <span class='ocrx_word' id='word_1_153' title='bbox 862 1480 1074 1520; x_wconf 90' lang='lat' dir='ltr'>Divinum</span> <span class='ocrx_word' id='word_1_154' title='bbox 1102 1480 1287 1529; x_wconf 87' lang='lat' dir='ltr'>Verum,</span> <span class='ocrx_word' id='word_1_155' title='bbox 1312 1493 1364 1520; x_wconf 90' lang='lat' dir='ltr'>ac</span> <span class='ocrx_word' id='word_1_156' title='bbox 1392 1479 1516 1520; x_wconf 90' lang='lat' dir='ltr'>calor</span> <span class='ocrx_word' id='word_1_157' title='bbox 1541 1480 1600 1520; x_wconf 90' lang='lat' dir='ltr'>ibi</span> <span class='ocrx_word' id='word_1_158' title='bbox 1626 1480 1669 1520; x_wconf 89' lang='lat' dir='ltr'>in</span> <span class='ocrx_word' id='word_1_159' title='bbox 1695 1493 1774 1520; x_wconf 85' lang='lat' dir='ltr'>sua</span> 
     </span>
     <span class='ocr_line' id='line_1_19' title="bbox 280 1542 1771 1594; baseline 0 -12"><span class='ocrx_word' id='word_1_160' title='bbox 280 1542 479 1583; x_wconf 87' lang='lat' dir='ltr'>essentia</span> <span class='ocrx_word' id='word_1_161' title='bbox 505 1548 574 1583; x_wconf 92' lang='lat' dir='ltr'>est</span> <span class='ocrx_word' id='word_1_162' title='bbox 604 1542 813 1584; x_wconf 90' lang='lat' dir='ltr'>Divinum</span> <span class='ocrx_word' id='word_1_163' title='bbox 842 1543 1043 1594; x_wconf 90' lang='lat' dir='ltr'>Bonum;</span> <span class='ocrx_word' id='word_1_164' title='bbox 1076 1543 1188 1585; x_wconf 87' lang='lat' dir='ltr'>haec</span> <span class='ocrx_word' id='word_1_165' title='bbox 1216 1544 1305 1584; x_wconf 92' lang='lat' dir='ltr'>duo</span> <span class='ocrx_word' id='word_1_166' title='bbox 1330 1543 1499 1584; x_wconf 86' lang='lat' dir='ltr'>faciunt</span> <span class='ocrx_word' id='word_1_167' title='bbox 1526 1542 1702 1584; x_wconf 90' lang='lat' dir='ltr'>caelum</span> <span class='ocrx_word' id='word_1_168' title='bbox 1727 1543 1771 1582; x_wconf 89' lang='lat' dir='ltr'>in</span> 
     </span>
     <span class='ocr_line' id='line_1_20' title="bbox 281 1605 1774 1660; baseline 0.001 -15"><span class='ocrx_word' id='word_1_169' title='bbox 281 1606 508 1645; x_wconf 91' lang='lat' dir='ltr'>communi</span> <span class='ocrx_word' id='word_1_170' title='bbox 527 1612 572 1646; x_wconf 93' lang='lat' dir='ltr'>et</span> <span class='ocrx_word' id='word_1_171' title='bbox 592 1606 635 1646; x_wconf 91' lang='lat' dir='ltr'>in</span> <span class='ocrx_word' id='word_1_172' title='bbox 654 1612 796 1659; x_wconf 87' lang='lat' dir='ltr'>parte.</span> <span class='ocrx_word' id='word_1_173' title='bbox 858 1606 1068 1647; x_wconf 76' lang='lat' dir='ltr'>Divinum</span> <span class='ocrx_word' id='word_1_174' title='bbox 1089 1606 1260 1647; x_wconf 90' lang='lat' dir='ltr'>Verum</span> <span class='ocrx_word' id='word_1_175' title='bbox 1279 1613 1349 1648; x_wconf 89' lang='lat' dir='ltr'>est</span> <span class='ocrx_word' id='word_1_176' title='bbox 1367 1606 1487 1660; x_wconf 93' lang='lat' dir='ltr'>quod</span> <span class='ocrx_word' id='word_1_177' title='bbox 1505 1605 1774 1658; x_wconf 85' lang='lat' dir='ltr'>intelligitur</span> 
     </span>
     <span class='ocr_line' id='line_1_21' title="bbox 280 1667 1772 1723; baseline 0 -15"><span class='ocrx_word' id='word_1_178' title='bbox 280 1681 358 1720; x_wconf 90' lang='lat' dir='ltr'>per</span> <span class='ocrx_word' id='word_1_179' title='bbox 387 1667 573 1709; x_wconf 89' lang='lat' dir='ltr'>“Deum</span> <span class='ocrx_word' id='word_1_180' title='bbox 601 1682 750 1709; x_wconf 91' lang='lat' dir='ltr'>meum</span> <span class='ocrx_word' id='word_1_181' title='bbox 768 1669 802 1709; x_wconf 89' lang='lat'>:&#39;’</span> <span class='ocrx_word' id='word_1_182' title='bbox 833 1669 936 1710; x_wconf 91' lang='lat' dir='ltr'>inde</span> <span class='ocrx_word' id='word_1_183' title='bbox 963 1676 1032 1710; x_wconf 89' lang='lat' dir='ltr'>est</span> <span class='ocrx_word' id='word_1_184' title='bbox 1060 1670 1180 1723; x_wconf 91' lang='lat' dir='ltr'>quod</span> <span class='ocrx_word' id='word_1_185' title='bbox 1206 1670 1250 1710; x_wconf 92' lang='lat' dir='ltr'>in</span> <span class='ocrx_word' id='word_1_186' title='bbox 1274 1669 1430 1710; x_wconf 90' lang='lat' dir='ltr'>Verbo</span> <span class='ocrx_word' id='word_1_187' title='bbox 1452 1669 1635 1710; x_wconf 87' lang='lat' dir='ltr'>Veteris</span> <span class='ocrx_word' id='word_1_188' title='bbox 1659 1668 1772 1709; x_wconf 91' lang='lat' dir='ltr'>Tes-</span> 
     </span>
     <span class='ocr_line' id='line_1_22' title="bbox 281 1731 1774 1786; baseline 0.001 -15"><span class='ocrx_word' id='word_1_189' title='bbox 281 1731 474 1772; x_wconf 86' lang='lat' dir='ltr'>tamenti</span> <span class='ocrx_word' id='word_1_190' title='bbox 511 1732 687 1772; x_wconf 91' lang='lat' dir='ltr'>dicatur</span> <span class='ocrx_word' id='word_1_191' title='bbox 725 1732 1006 1785; x_wconf 86' lang='lat' dir='ltr'>“Jehovah”</span> <span class='ocrx_word' id='word_1_192' title='bbox 1039 1739 1085 1774; x_wconf 92' lang='lat' dir='ltr'>et</span> <span class='ocrx_word' id='word_1_193' title='bbox 1125 1733 1287 1774; x_wconf 87' lang='lat' dir='ltr'>“Deus</span> <span class='ocrx_word' id='word_1_194' title='bbox 1308 1732 1341 1783; x_wconf 94' lang='lat'>;&#39;&#39;</span> <span class='ocrx_word' id='word_1_195' title='bbox 1385 1731 1665 1786; x_wconf 77' lang='lat' dir='ltr'>“jehovah”</span> <span class='ocrx_word' id='word_1_196' title='bbox 1701 1731 1774 1772; x_wconf 88' lang='lat' dir='ltr'>ubi</span> 
     </span>
     <span class='ocr_line' id='line_1_23' title="bbox 280 1794 1770 1846; baseline 0 -12"><span class='ocrx_word' id='word_1_197' title='bbox 280 1794 430 1846; x_wconf 90' lang='lat' dir='ltr'>agitur</span> <span class='ocrx_word' id='word_1_198' title='bbox 462 1795 518 1835; x_wconf 94' lang='lat' dir='ltr'>de</span> <span class='ocrx_word' id='word_1_199' title='bbox 552 1794 717 1835; x_wconf 91' lang='lat' dir='ltr'>Divino</span> <span class='ocrx_word' id='word_1_200' title='bbox 750 1795 892 1844; x_wconf 89' lang='lat' dir='ltr'>Bono,</span> <span class='ocrx_word' id='word_1_201' title='bbox 924 1809 975 1836; x_wconf 91' lang='lat' dir='ltr'>ac</span> <span class='ocrx_word' id='word_1_202' title='bbox 1011 1795 1202 1836; x_wconf 87' lang='lat' dir='ltr'>“Deus&#39;’</span> <span class='ocrx_word' id='word_1_203' title='bbox 1233 1795 1306 1836; x_wconf 91' lang='lat' dir='ltr'>ubi</span> <span class='ocrx_word' id='word_1_204' title='bbox 1338 1796 1394 1836; x_wconf 92' lang='lat' dir='ltr'>de</span> <span class='ocrx_word' id='word_1_205' title='bbox 1427 1795 1591 1836; x_wconf 91' lang='lat' dir='ltr'>Divino</span> <span class='ocrx_word' id='word_1_206' title='bbox 1623 1794 1770 1836; x_wconf 86' lang='lat' dir='ltr'>Vero:</span> 
     </span>
     <span class='ocr_line' id='line_1_24' title="bbox 280 1857 1773 1912; baseline 0.001 -15"><span class='ocrx_word' id='word_1_207' title='bbox 280 1857 384 1898; x_wconf 90' lang='lat' dir='ltr'>inde</span> <span class='ocrx_word' id='word_1_208' title='bbox 403 1871 579 1911; x_wconf 91' lang='lat' dir='ltr'>quoque</span> <span class='ocrx_word' id='word_1_209' title='bbox 597 1864 667 1898; x_wconf 88' lang='lat' dir='ltr'>est</span> <span class='ocrx_word' id='word_1_210' title='bbox 686 1858 805 1912; x_wconf 92' lang='lat' dir='ltr'>quod</span> <span class='ocrx_word' id='word_1_211' title='bbox 825 1858 976 1911; x_wconf 88' lang='lat' dir='ltr'>angeli</span> <span class='ocrx_word' id='word_1_212' title='bbox 994 1858 1201 1899; x_wconf 88' lang='lat' dir='ltr'>dicantur</span> <span class='ocrx_word' id='word_1_213' title='bbox 1222 1861 1246 1878; x_wconf 93' lang='lat'><strong>“</strong></span> <span class='ocrx_word' id='word_1_214' title='bbox 1261 1858 1358 1907; x_wconf 90' lang='lat' dir='ltr'>dii,”</span> <span class='ocrx_word' id='word_1_215' title='bbox 1376 1865 1422 1900; x_wconf 88' lang='lat' dir='ltr'>et</span> <span class='ocrx_word' id='word_1_216' title='bbox 1441 1858 1560 1912; x_wconf 94' lang='lat' dir='ltr'>quod</span> <span class='ocrx_word' id='word_1_217' title='bbox 1582 1861 1606 1878; x_wconf 93' lang='lat'>“</span> <span class='ocrx_word' id='word_1_218' title='bbox 1620 1857 1773 1898; x_wconf 90' lang='lat' dir='ltr'>Deus’&#39;</span> 
     </span>
     <span class='ocr_line' id='line_1_25' title="bbox 244 1919 1771 1974; baseline 0.001 -14"><span class='ocrx_word' id='word_1_219' title='bbox 244 1925 249 1930; x_wconf 84' lang='grc'>’</span> <span class='ocrx_word' id='word_1_220' title='bbox 279 1920 323 1960; x_wconf 95' lang='lat' dir='ltr'>in</span> <span class='ocrx_word' id='word_1_221' title='bbox 356 1919 509 1973; x_wconf 86' lang='lat' dir='ltr'>lingua</span> <span class='ocrx_word' id='word_1_222' title='bbox 542 1920 753 1963; x_wconf 89' lang='lat' dir='ltr'>Hebraea</span> <span class='ocrx_word' id='word_1_223' title='bbox 784 1921 960 1962; x_wconf 86' lang='lat' dir='ltr'>dicatur</span> <span class='ocrx_word' id='word_1_224' title='bbox 990 1921 1169 1962; x_wconf 82' lang='lat' dir='ltr'>Elolzz&#39;m</span> <span class='ocrx_word' id='word_1_225' title='bbox 1192 1922 1243 1962; x_wconf 78' lang='lat' dir='ltr'>‘in</span> <span class='ocrx_word' id='word_1_226' title='bbox 1276 1921 1463 1974; x_wconf 85' lang='lat' dir='ltr'>plurali:</span> <span class='ocrx_word' id='word_1_227' title='bbox 1506 1921 1610 1961; x_wconf 90' lang='lat' dir='ltr'>inde</span> <span class='ocrx_word' id='word_1_228' title='bbox 1642 1925 1771 1974; x_wconf 89' lang='lat' dir='ltr'>patet</span> 
     </span>
    </p>
   </div>
   <div class='ocr_carea' id='block_1_3' title="bbox 279 1981 1774 2446">
    <p class='ocr_par' dir='ltr' id='par_1_4' title="bbox 279 1981 1774 2446">
     <span class='ocr_line' id='line_1_26' title="bbox 280 1981 1773 2035; baseline -0.001 -14"><span class='ocrx_word' id='word_1_229' title='bbox 280 1994 358 2021; x_wconf 82' lang='lat' dir='ltr'>CUI‘</span> <span class='ocrx_word' id='word_1_230' title='bbox 387 1981 553 2022; x_wconf 75' lang='lat' dir='ltr'>dicitur</span> <span class='ocrx_word' id='word_1_231' title='bbox 586 1981 869 2035; x_wconf 84' lang='lat' dir='ltr'>“Templum</span> <span class='ocrx_word' id='word_1_232' title='bbox 904 1982 989 2023; x_wconf 77' lang='lat' dir='ltr'>Dei</span> <span class='ocrx_word' id='word_1_233' title='bbox 1020 1982 1146 2023; x_wconf 80' lang='lat' dir='ltr'>mel.”</span> <span class='ocrx_word' id='word_1_234' title='bbox 1222 1993 1335 2031; x_wconf 89' lang='lat' dir='ltr'>(Quod</span> <span class='ocrx_word' id='word_1_235' title='bbox 1355 1990 1556 2032; x_wconf 81' lang='lat' dir='ltr'>“Jehovah&#39;&#39;</span> <span class='ocrx_word' id='word_1_236' title='bbox 1577 1992 1700 2022; x_wconf 86' lang='lat' dir='ltr'>dicatur</span> <span class='ocrx_word' id='word_1_237' title='bbox 1718 1991 1773 2021; x_wconf 89' lang='lat' dir='ltr'>ubi</span> 
     </span>
     <span class='ocr_line' id='line_1_27' title="bbox 279 2039 1772 2078; baseline 0.001 -10"><span class='ocrx_word' id='word_1_238' title='bbox 279 2039 382 2076; x_wconf 86' lang='lat' dir='ltr'>agitur</span> <span class='ocrx_word' id='word_1_239' title='bbox 403 2040 443 2068; x_wconf 92' lang='lat' dir='ltr'>de</span> <span class='ocrx_word' id='word_1_240' title='bbox 467 2040 584 2069; x_wconf 78' lang='lat' dir='ltr'>D1vino</span> <span class='ocrx_word' id='word_1_241' title='bbox 607 2041 708 2075; x_wconf 89' lang='lat' dir='ltr'>Bono¹</span> <span class='ocrx_word' id='word_1_242' title='bbox 726 2041 868 2070; x_wconf 81' lang='lat' dir='ltr'>‘&#39;Deus&#39;&#39;</span> <span class='ocrx_word' id='word_1_243' title='bbox 892 2046 998 2070; x_wconf 88' lang='lat' dir='ltr'>autem</span> <span class='ocrx_word' id='word_1_244' title='bbox 1020 2041 1074 2070; x_wconf 91' lang='lat' dir='ltr'>ubi</span> <span class='ocrx_word' id='word_1_245' title='bbox 1097 2042 1137 2070; x_wconf 88' lang='lat' dir='ltr'>de</span> <span class='ocrx_word' id='word_1_246' title='bbox 1159 2041 1276 2070; x_wconf 84' lang='lat' dir='ltr'>Divino</span> <span class='ocrx_word' id='word_1_247' title='bbox 1298 2041 1392 2075; x_wconf 88' lang='lat' dir='ltr'>Vero,</span> <span class='ocrx_word' id='word_1_248' title='bbox 1408 2041 1551 2070; x_wconf 87' lang='lat' dir='ltr'>videatur</span> <span class='ocrx_word' id='word_1_249' title='bbox 1572 2049 1602 2070; x_wconf 88' lang='lat' dir='ltr'>n.</span> <span class='ocrx_word' id='word_1_250' title='bbox 1618 2049 1687 2078; x_wconf 83' lang='lat'>709,</span> <span class='ocrx_word' id='word_1_251' title='bbox 1703 2048 1772 2078; x_wconf 86' lang='lat'><em>732.</em></span> 
     </span>
     <span class='ocr_line' id='line_1_28' title="bbox 280 2086 1774 2126; baseline 0 -12"><span class='ocrx_word' id='word_1_252' title='bbox 280 2086 368 2122; x_wconf 95' lang='grc'>2586,</span> <span class='ocrx_word' id='word_1_253' title='bbox 385 2087 472 2123; x_wconf 87' lang='grc'>2769,</span> <span class='ocrx_word' id='word_1_254' title='bbox 491 2088 578 2122; x_wconf 91' lang='grc'>2807,</span> <span class='ocrx_word' id='word_1_255' title='bbox 596 2088 684 2120; x_wconf 78' lang='grc'>2822,</span> <span class='ocrx_word' id='word_1_256' title='bbox 700 2095 789 2124; x_wconf 80' lang='lat'>3921.</span> <span class='ocrx_word' id='word_1_257' title='bbox 805 2088 895 2124; x_wconf 83' lang='lat'><strong>4283.</strong></span> <span class='ocrx_word' id='word_1_258' title='bbox 911 2096 1000 2124; x_wconf 86' lang='lat'><strong>4402,</strong></span> <span class='ocrx_word' id='word_1_259' title='bbox 1016 2095 1105 2124; x_wconf 86' lang='lat'>7010,</span> <span class='ocrx_word' id='word_1_260' title='bbox 1121 2087 1210 2124; x_wconf 91' lang='lat'>9167.</span> <span class='ocrx_word' id='word_1_261' title='bbox 1254 2087 1352 2124; x_wconf 91' lang='lat' dir='ltr'>Quod</span> <span class='ocrx_word' id='word_1_262' title='bbox 1367 2087 1539 2126; x_wconf 81' lang='lat' dir='ltr'>“Jehovah</span> <span class='ocrx_word' id='word_1_263' title='bbox 1550 2086 1566 2095; x_wconf 95' lang='lat'>&#39;&#39;</span> <span class='ocrx_word' id='word_1_264' title='bbox 1590 2086 1712 2115; x_wconf 87' lang='lat' dir='ltr'>dicatur</span> <span class='ocrx_word' id='word_1_265' title='bbox 1732 2086 1774 2115; x_wconf 89' lang='lat' dir='ltr'>ab</span> 
     </span>
     <span class='ocr_line' id='line_1_29' title="bbox 279 2132 1772 2184; baseline 0.001 -24"><span class='ocrx_word' id='word_1_266' title='bbox 279 2141 356 2166; x_wconf 83' lang='lat' dir='ltr'>esse,</span> <span class='ocrx_word' id='word_1_267' title='bbox 372 2132 415 2161; x_wconf 86' lang='lat' dir='ltr'>ita</span> <span class='ocrx_word' id='word_1_268' title='bbox 429 2133 469 2161; x_wconf 88' lang='lat' dir='ltr'>ab</span> <span class='ocrx_word' id='word_1_269' title='bbox 486 2133 628 2167; x_wconf 77' lang='lat' dir='ltr'>essentia,</span> <span class='ocrx_word' id='word_1_270' title='bbox 646 2136 662 2147; x_wconf 87' lang='lat'>¹¹</span> <span class='ocrx_word' id='word_1_271' title='bbox 675 2133 762 2162; x_wconf 89' lang='lat' dir='ltr'>Deus</span> <span class='ocrx_word' id='word_1_272' title='bbox 773 2133 789 2142; x_wconf 91' lang='lat'>&#39;&#39;</span> <span class='ocrx_word' id='word_1_273' title='bbox 806 2138 912 2162; x_wconf 88' lang='lat' dir='ltr'>autem</span> <span class='ocrx_word' id='word_1_274' title='bbox 933 2134 973 2162; x_wconf 90' lang='lat' dir='ltr'>ab</span> <span class='ocrx_word' id='word_1_275' title='bbox 989 2133 1130 2168; x_wconf 78' lang='lat' dir='ltr'>existere,</span> <span class='ocrx_word' id='word_1_276' title='bbox 1146 2133 1189 2162; x_wconf 88' lang='lat' dir='ltr'>ita</span> <span class='ocrx_word' id='word_1_277' title='bbox 1202 2133 1243 2162; x_wconf 89' lang='lat' dir='ltr'>ab</span> <span class='ocrx_word' id='word_1_278' title='bbox 1258 2133 1430 2184; x_wconf 53' lang='lat' dir='ltr'>existen-tia,</span> <span class='ocrx_word' id='word_1_279' title='bbox 1446 2142 1477 2162; x_wconf 91' lang='lat' dir='ltr'>n.</span> <span class='ocrx_word' id='word_1_280' title='bbox 1493 2141 1562 2170; x_wconf 79' lang='lat'><strong>300,</strong></span> <span class='ocrx_word' id='word_1_281' title='bbox 1578 2141 1666 2170; x_wconf 86' lang='lat'>3910,</span> <span class='ocrx_word' id='word_1_282' title='bbox 1682 2132 1772 2170; x_wconf 87' lang='lat'><strong>6905.</strong></span> 
     </span>
     <span class='ocr_line' id='line_1_30' title="bbox 280 2178 1774 2216; baseline 0 -9"><span class='ocrx_word' id='word_1_283' title='bbox 280 2178 377 2214; x_wconf 91' lang='lat' dir='ltr'>Quod</span> <span class='ocrx_word' id='word_1_284' title='bbox 392 2179 485 2207; x_wconf 84' lang='lat' dir='ltr'>etiam</span> <span class='ocrx_word' id='word_1_285' title='bbox 502 2179 653 2208; x_wconf 90' lang='lat' dir='ltr'>Divinum</span> <span class='ocrx_word' id='word_1_286' title='bbox 672 2179 748 2208; x_wconf 90' lang='lat' dir='ltr'>Esse</span> <span class='ocrx_word' id='word_1_287' title='bbox 763 2179 801 2208; x_wconf 89' lang='lat' dir='ltr'>sit</span> <span class='ocrx_word' id='word_1_288' title='bbox 824 2179 974 2208; x_wconf 88' lang='lat' dir='ltr'>Divinum</span> <span class='ocrx_word' id='word_1_289' title='bbox 999 2180 1135 2214; x_wconf 89' lang='lat' dir='ltr'>Bonum,</span> <span class='ocrx_word' id='word_1_290' title='bbox 1152 2184 1182 2208; x_wconf 91' lang='lat' dir='ltr'>et</span> <span class='ocrx_word' id='word_1_291' title='bbox 1197 2180 1285 2216; x_wconf 91' lang='lat' dir='ltr'>quod</span> <span class='ocrx_word' id='word_1_292' title='bbox 1308 2179 1459 2208; x_wconf 84' lang='lat' dir='ltr'>Divmum</span> <span class='ocrx_word' id='word_1_293' title='bbox 1476 2179 1617 2208; x_wconf 85' lang='lat' dir='ltr'>Existere</span> <span class='ocrx_word' id='word_1_294' title='bbox 1632 2178 1670 2207; x_wconf 86' lang='lat' dir='ltr'>sit</span> <span class='ocrx_word' id='word_1_295' title='bbox 1686 2178 1774 2207; x_wconf 84' lang='lat' dir='ltr'>Divi-</span> 
     </span>
     <span class='ocr_line' id='line_1_31' title="bbox 279 2221 1774 2263; baseline 0.001 -10"><span class='ocrx_word' id='word_1_296' title='bbox 279 2233 356 2253; x_wconf 90' lang='lat' dir='ltr'>num</span> <span class='ocrx_word' id='word_1_297' title='bbox 372 2225 502 2258; x_wconf 88' lang='lat' dir='ltr'>Verum,</span> <span class='ocrx_word' id='word_1_298' title='bbox 525 2234 555 2254; x_wconf 91' lang='lat' dir='ltr'>n.</span> <span class='ocrx_word' id='word_1_299' title='bbox 571 2226 660 2263; x_wconf 87' lang='lat'>3061,</span> <span class='ocrx_word' id='word_1_300' title='bbox 676 2226 765 2260; x_wconf 86' lang='lat'><em>6280,</em></span> <span class='ocrx_word' id='word_1_301' title='bbox 781 2226 870 2260; x_wconf 88' lang='grc'>6880,</span> <span class='ocrx_word' id='word_1_302' title='bbox 886 2226 975 2263; x_wconf 88' lang='grc'>6905,</span> <span class='ocrx_word' id='word_1_303' title='bbox 993 2232 1099 2263; x_wconf 79' lang='grc'>10579.</span> <span class='ocrx_word' id='word_1_304' title='bbox 1145 2226 1185 2254; x_wconf 89' lang='lat' dir='ltr'>Et</span> <span class='ocrx_word' id='word_1_305' title='bbox 1206 2226 1238 2254; x_wconf 91' lang='lat' dir='ltr'>in</span> <span class='ocrx_word' id='word_1_306' title='bbox 1259 2221 1378 2263; x_wconf 56' lang='lat' dir='ltr'>genere⁴</span> <span class='ocrx_word' id='word_1_307' title='bbox 1396 2226 1484 2262; x_wconf 92' lang='lat' dir='ltr'>quod</span> <span class='ocrx_word' id='word_1_308' title='bbox 1505 2226 1627 2254; x_wconf 87' lang='lat' dir='ltr'>bonum</span> <span class='ocrx_word' id='word_1_309' title='bbox 1649 2225 1688 2254; x_wconf 88' lang='lat' dir='ltr'>sit</span> <span class='ocrx_word' id='word_1_310' title='bbox 1706 2233 1774 2254; x_wconf 88' lang='lat' dir='ltr'>esse</span> 
     </span>
     <span class='ocr_line' id='line_1_32' title="bbox 279 2271 1773 2309; baseline 0.001 -10"><span class='ocrx_word' id='word_1_311' title='bbox 279 2275 310 2299; x_wconf 89' lang='lat' dir='ltr'>et</span> <span class='ocrx_word' id='word_1_312' title='bbox 331 2280 439 2300; x_wconf 90' lang='lat' dir='ltr'>verum</span> <span class='ocrx_word' id='word_1_313' title='bbox 462 2271 594 2300; x_wconf 85' lang='lat' dir='ltr'>existere</span> <span class='ocrx_word' id='word_1_314' title='bbox 615 2271 698 2306; x_wconf 84' lang='lat' dir='ltr'>inde,</span> <span class='ocrx_word' id='word_1_315' title='bbox 721 2280 751 2301; x_wconf 91' lang='lat' dir='ltr'>n.</span> <span class='ocrx_word' id='word_1_316' title='bbox 767 2279 856 2308; x_wconf 87' lang='lat'><strong>5002.</strong></span> <span class='ocrx_word' id='word_1_317' title='bbox 910 2272 1007 2308; x_wconf 90' lang='lat' dir='ltr'>Quod</span> <span class='ocrx_word' id='word_1_318' title='bbox 1028 2271 1130 2309; x_wconf 86' lang='lat' dir='ltr'>angeli</span> <span class='ocrx_word' id='word_1_319' title='bbox 1153 2272 1298 2301; x_wconf 88' lang='lat' dir='ltr'>dicantur</span> <span class='ocrx_word' id='word_1_320' title='bbox 1313 2271 1410 2300; x_wconf 82' lang='lat' dir='ltr'>&#39;‘dii&#39;&#39;</span> <span class='ocrx_word' id='word_1_321' title='bbox 1426 2281 1445 2300; x_wconf 91' lang='lat' dir='ltr'>a</span> <span class='ocrx_word' id='word_1_322' title='bbox 1466 2271 1645 2309; x_wconf 86' lang='lat' dir='ltr'>receptione</span> <span class='ocrx_word' id='word_1_323' title='bbox 1668 2271 1773 2300; x_wconf 82' lang='lat' dir='ltr'>Divini</span> 
     </span>
     <span class='ocr_line' id='line_1_33' title="bbox 279 2317 1774 2356; baseline 0 -10"><span class='ocrx_word' id='word_1_324' title='bbox 279 2317 355 2346; x_wconf 84' lang='lat' dir='ltr'>Veri</span> <span class='ocrx_word' id='word_1_325' title='bbox 376 2326 396 2346; x_wconf 90' lang='lat' dir='ltr'>a</span> <span class='ocrx_word' id='word_1_326' title='bbox 418 2317 568 2352; x_wconf 83' lang='lat' dir='ltr'>Domino,</span> <span class='ocrx_word' id='word_1_327' title='bbox 585 2327 615 2347; x_wconf 91' lang='lat' dir='ltr'>n.</span> <span class='ocrx_word' id='word_1_328' title='bbox 631 2325 720 2355; x_wconf 84' lang='lat'><strong>4295,</strong></span> <span class='ocrx_word' id='word_1_329' title='bbox 736 2327 826 2356; x_wconf 79' lang='lat'><strong>4402,</strong></span> <span class='ocrx_word' id='word_1_330' title='bbox 842 2318 931 2354; x_wconf 90' lang='grc'>7268,</span> <span class='ocrx_word' id='word_1_331' title='bbox 947 2320 1036 2355; x_wconf 83' lang='grc'>7873,</span> <span class='ocrx_word' id='word_1_332' title='bbox 1054 2320 1142 2355; x_wconf 79' lang='lat'>8301.</span> <span class='ocrx_word' id='word_1_333' title='bbox 1159 2320 1247 2355; x_wconf 91' lang='lat'>8192.</span> <span class='ocrx_word' id='word_1_334' title='bbox 1291 2319 1387 2354; x_wconf 88' lang='lat' dir='ltr'>Quod</span> <span class='ocrx_word' id='word_1_335' title='bbox 1414 2318 1566 2347; x_wconf 92' lang='lat' dir='ltr'>Divinum</span> <span class='ocrx_word' id='word_1_336' title='bbox 1590 2317 1720 2346; x_wconf 89' lang='lat' dir='ltr'>Domini</span> <span class='ocrx_word' id='word_1_337' title='bbox 1741 2317 1774 2346; x_wconf 88' lang='lat' dir='ltr'>in</span> 
     </span>
     <span class='ocr_line' id='line_1_34' title="bbox 279 2362 1772 2401; baseline 0.001 -11"><span class='ocrx_word' id='word_1_338' title='bbox 279 2362 374 2391; x_wconf 90' lang='lat' dir='ltr'>caelis</span> <span class='ocrx_word' id='word_1_339' title='bbox 389 2362 427 2391; x_wconf 88' lang='lat' dir='ltr'>sit</span> <span class='ocrx_word' id='word_1_340' title='bbox 443 2362 593 2391; x_wconf 89' lang='lat' dir='ltr'>Divinum</span> <span class='ocrx_word' id='word_1_341' title='bbox 610 2363 729 2391; x_wconf 88' lang='lat' dir='ltr'>Verum</span> <span class='ocrx_word' id='word_1_342' title='bbox 745 2363 869 2392; x_wconf 88' lang='lat' dir='ltr'>unitum</span> <span class='ocrx_word' id='word_1_343' title='bbox 886 2363 1002 2391; x_wconf 88' lang='lat' dir='ltr'>Divino</span> <span class='ocrx_word' id='word_1_344' title='bbox 1019 2363 1119 2397; x_wconf 83' lang='lat' dir='ltr'>Bono,</span> <span class='ocrx_word' id='word_1_345' title='bbox 1136 2363 1167 2391; x_wconf 87' lang='lat' dir='ltr'>in</span> <span class='ocrx_word' id='word_1_346' title='bbox 1183 2372 1279 2400; x_wconf 91' lang='lat' dir='ltr'>opere</span> <span class='ocrx_word' id='word_1_347' title='bbox 1295 2364 1346 2392; x_wconf 83' lang='lat' dir='ltr'>De</span> <span class='ocrx_word' id='word_1_348' title='bbox 1365 2363 1457 2392; x_wconf 86' lang='lat' dir='ltr'>Caelo</span> <span class='ocrx_word' id='word_1_349' title='bbox 1472 2366 1503 2391; x_wconf 83' lang='lat' dir='ltr'>et</span> <span class='ocrx_word' id='word_1_350' title='bbox 1523 2363 1660 2401; x_wconf 53' lang='lat' dir='ltr'>Inferna</span> <span class='ocrx_word' id='word_1_351' title='bbox 1675 2371 1706 2392; x_wconf 88' lang='lat' dir='ltr'>n.</span> <span class='ocrx_word' id='word_1_352' title='bbox 1725 2371 1772 2399; x_wconf 86' lang='lat'>13.</span> 
     </span>
     <span class='ocr_line' id='line_1_35' title="bbox 281 2408 1772 2446; baseline 0 -8"><span class='ocrx_word' id='word_1_353' title='bbox 281 2416 349 2446; x_wconf 83' lang='lat'>133.</span> <span class='ocrx_word' id='word_1_354' title='bbox 367 2417 433 2446; x_wconf 82' lang='lat'>139,</span> <span class='ocrx_word' id='word_1_355' title='bbox 452 2417 517 2446; x_wconf 89' lang='lat'>140.</span> <span class='ocrx_word' id='word_1_356' title='bbox 562 2409 659 2445; x_wconf 87' lang='lat' dir='ltr'>Quod</span> <span class='ocrx_word' id='word_1_357' title='bbox 681 2409 735 2438; x_wconf 89' lang='lat' dir='ltr'>lux</span> <span class='ocrx_word' id='word_1_358' title='bbox 757 2409 789 2438; x_wconf 91' lang='lat' dir='ltr'>in</span> <span class='ocrx_word' id='word_1_359' title='bbox 811 2409 904 2438; x_wconf 84' lang='lat' dir='ltr'>caelis</span> <span class='ocrx_word' id='word_1_360' title='bbox 926 2409 957 2437; x_wconf 90' lang='lat' dir='ltr'>in</span> <span class='ocrx_word' id='word_1_361' title='bbox 971 2418 1029 2438; x_wconf 82' lang='lat' dir='ltr'>sua</span> <span class='ocrx_word' id='word_1_362' title='bbox 1043 2409 1177 2438; x_wconf 87' lang='lat' dir='ltr'>essentia</span> <span class='ocrx_word' id='word_1_363' title='bbox 1198 2409 1236 2438; x_wconf 86' lang='lat' dir='ltr'>sit</span> <span class='ocrx_word' id='word_1_364' title='bbox 1259 2409 1410 2438; x_wconf 89' lang='lat' dir='ltr'>Divinum</span> <span class='ocrx_word' id='word_1_365' title='bbox 1425 2410 1555 2443; x_wconf 87' lang='lat' dir='ltr'>Verum¹</span> <span class='ocrx_word' id='word_1_366' title='bbox 1572 2413 1602 2438; x_wconf 91' lang='lat' dir='ltr'>et</span> <span class='ocrx_word' id='word_1_367' title='bbox 1624 2409 1711 2438; x_wconf 89' lang='lat' dir='ltr'>calor</span> <span class='ocrx_word' id='word_1_368' title='bbox 1730 2408 1772 2437; x_wconf 88' lang='lat' dir='ltr'>ibi</span> 
     </span>
    </p>
   </div>
   <div class='ocr_carea' id='block_1_4' title="bbox 278 2446 1770 2752">
    <p class='ocr_par' dir='ltr' id='par_1_5' title="bbox 278 2446 1770 2752">
     <span class='ocr_line' id='line_1_36' title="bbox 280 2446 1769 2500; baseline 0.001 -14"><span class='ocrx_word' id='word_1_369' title='bbox 280 2458 432 2487; x_wconf 91' lang='lat' dir='ltr'>Divinum</span> <span class='ocrx_word' id='word_1_370' title='bbox 449 2459 585 2493; x_wconf 75' lang='lat' dir='ltr'>Bonum,</span> <span class='ocrx_word' id='word_1_371' title='bbox 601 2464 773 2496; x_wconf 88' lang='lat' dir='ltr'>utrumque</span> <span class='ocrx_word' id='word_1_372' title='bbox 788 2468 808 2488; x_wconf 91' lang='lat' dir='ltr'>a</span> <span class='ocrx_word' id='word_1_373' title='bbox 823 2459 974 2493; x_wconf 80' lang='lat' dir='ltr'>Domino,</span> <span class='ocrx_word' id='word_1_374' title='bbox 987 2459 1019 2487; x_wconf 88' lang='lat' dir='ltr'>in</span> <span class='ocrx_word' id='word_1_375' title='bbox 1035 2459 1149 2488; x_wconf 92' lang='lat' dir='ltr'>eodem</span> <span class='ocrx_word' id='word_1_376' title='bbox 1165 2468 1271 2496; x_wconf 83' lang='lat' dir='ltr'>opere,</span> <span class='ocrx_word' id='word_1_377' title='bbox 1284 2468 1314 2488; x_wconf 91' lang='lat' dir='ltr'>n.</span> <span class='ocrx_word' id='word_1_378' title='bbox 1331 2459 1478 2496; x_wconf 84' lang='lat'>126-140,</span> <span class='ocrx_word' id='word_1_379' title='bbox 1492 2458 1576 2497; x_wconf 83' lang='grc'>275.)</span> <span class='ocrx_word' id='word_1_380' title='bbox 1634 2446 1769 2500; x_wconf 76' lang='lat' dir='ltr'>Quod</span> 
     </span>
     <span class='ocr_line' id='line_1_37' title="bbox 283 2508 1769 2563; baseline -0.001 -13"><span class='ocrx_word' id='word_1_381' title='bbox 283 2509 573 2563; x_wconf 87' lang='lat' dir='ltr'>“templum&#39;&#39;</span> <span class='ocrx_word' id='word_1_382' title='bbox 605 2510 648 2550; x_wconf 91' lang='lat' dir='ltr'>in</span> <span class='ocrx_word' id='word_1_383' title='bbox 678 2509 834 2551; x_wconf 91' lang='lat' dir='ltr'>Verbo</span> <span class='ocrx_word' id='word_1_384' title='bbox 870 2509 1093 2563; x_wconf 89' lang='lat' dir='ltr'>significet</span> <span class='ocrx_word' id='word_1_385' title='bbox 1131 2509 1343 2550; x_wconf 89' lang='lat' dir='ltr'>Divinum</span> <span class='ocrx_word' id='word_1_386' title='bbox 1378 2509 1639 2550; x_wconf 88' lang='lat' dir='ltr'>Humanum</span> <span class='ocrx_word' id='word_1_387' title='bbox 1674 2508 1769 2549; x_wconf 83' lang='lat' dir='ltr'>Do·</span> 
     </span>
     <span class='ocr_line' id='line_1_38' title="bbox 279 2571 1770 2628; baseline 0 -16"><span class='ocrx_word' id='word_1_388' title='bbox 279 2573 401 2621; x_wconf 88' lang='lat' dir='ltr'>mini,</span> <span class='ocrx_word' id='word_1_389' title='bbox 430 2578 476 2613; x_wconf 91' lang='lat' dir='ltr'>et</span> <span class='ocrx_word' id='word_1_390' title='bbox 508 2573 551 2612; x_wconf 92' lang='lat' dir='ltr'>in</span> <span class='ocrx_word' id='word_1_391' title='bbox 584 2586 717 2613; x_wconf 90' lang='lat' dir='ltr'>sensu</span> <span class='ocrx_word' id='word_1_392' title='bbox 747 2571 1000 2626; x_wconf 64' lang='lat' dir='ltr'>respectivo</span> <span class='ocrx_word' id='word_1_393' title='bbox 1027 2572 1202 2614; x_wconf 89' lang='lat' dir='ltr'>caelum</span> <span class='ocrx_word' id='word_1_394' title='bbox 1228 2579 1275 2613; x_wconf 88' lang='lat' dir='ltr'>et</span> <span class='ocrx_word' id='word_1_395' title='bbox 1302 2572 1555 2628; x_wconf 78' lang='lat' dir='ltr'>ecclesiam,</span> <span class='ocrx_word' id='word_1_396' title='bbox 1583 2571 1770 2626; x_wconf 90' lang='lat' dir='ltr'>proinde</span> 
     </span>
     <span class='ocr_line' id='line_1_39' title="bbox 279 2634 1768 2690; baseline -0.001 -14"><span class='ocrx_word' id='word_1_397' title='bbox 279 2636 417 2677; x_wconf 91' lang='lat' dir='ltr'>etiam</span> <span class='ocrx_word' id='word_1_398' title='bbox 445 2635 655 2676; x_wconf 90' lang='lat' dir='ltr'>Divinum</span> <span class='ocrx_word' id='word_1_399' title='bbox 680 2635 865 2685; x_wconf 89' lang='lat' dir='ltr'>Verum,</span> <span class='ocrx_word' id='word_1_400' title='bbox 890 2642 1100 2677; x_wconf 90' lang='lat' dir='ltr'>constare</span> <span class='ocrx_word' id='word_1_401' title='bbox 1122 2642 1277 2690; x_wconf 90' lang='lat' dir='ltr'>potest</span> <span class='ocrx_word' id='word_1_402' title='bbox 1300 2650 1359 2677; x_wconf 86' lang='lat' dir='ltr'>ex</span> <span class='ocrx_word' id='word_1_403' title='bbox 1382 2635 1674 2690; x_wconf 78' lang='lat' dir='ltr'>sequentibus</span> <span class='ocrx_word' id='word_1_404' title='bbox 1700 2634 1768 2675; x_wconf 91' lang='lat' dir='ltr'>his</span> 
     </span>
     <span class='ocr_line' id='line_1_40' title="bbox 278 2698 907 2752; baseline -0.002 -12"><span class='ocrx_word' id='word_1_405' title='bbox 278 2698 390 2740; x_wconf 87' lang='lat' dir='ltr'>loeis</span> <span class='ocrx_word' id='word_1_406' title='bbox 407 2698 615 2752; x_wconf 74' lang='lat' dir='ltr'>t—Apud</span> <span class='ocrx_word' id='word_1_407' title='bbox 641 2699 907 2748; x_wconf 72' lang='lat' dir='ltr'>Johannem,</span> 
     </span>
    </p>
   </div>
   <div class='ocr_carea' id='block_1_5' title="bbox 343 2787 1786 3045">
    <p class='ocr_par' dir='ltr' id='par_1_6' title="bbox 343 2787 1786 3045">
     <span class='ocr_line' id='line_1_41' title="bbox 343 2787 1768 2830; baseline -0.001 -10"><span class='ocrx_word' id='word_1_408' title='bbox 343 2787 650 2828; x_wconf 84' lang='lat' dir='ltr'>Interrogantibus</span> <span class='ocrx_word' id='word_1_409' title='bbox 667 2788 823 2829; x_wconf 87' lang='lat' dir='ltr'>Judaeis,</span> <span class='ocrx_word' id='word_1_410' title='bbox 848 2788 1072 2830; x_wconf 77' lang='lat' dir='ltr'>“Quodnam</span> <span class='ocrx_word' id='word_1_411' title='bbox 1090 2789 1230 2829; x_wconf 89' lang='lat' dir='ltr'>signum</span> <span class='ocrx_word' id='word_1_412' title='bbox 1249 2789 1353 2820; x_wconf 90' lang='lat' dir='ltr'>nobis</span> <span class='ocrx_word' id='word_1_413' title='bbox 1373 2794 1564 2827; x_wconf 85' lang='lat' dir='ltr'>monstras,</span> <span class='ocrx_word' id='word_1_414' title='bbox 1585 2788 1678 2830; x_wconf 92' lang='lat' dir='ltr'>quod</span> <span class='ocrx_word' id='word_1_415' title='bbox 1701 2787 1768 2819; x_wconf 93' lang='lat' dir='ltr'>hoc</span> 
     </span>
     <span class='ocr_line' id='line_1_42' title="bbox 452 2831 1767 2873; baseline 0 -11"><span class='ocrx_word' id='word_1_416' title='bbox 452 2831 585 2863; x_wconf 81' lang='lat' dir='ltr'>facias?</span> <span class='ocrx_word' id='word_1_417' title='bbox 607 2832 791 2871; x_wconf 86' lang='lat' dir='ltr'>respondit</span> <span class='ocrx_word' id='word_1_418' title='bbox 804 2832 920 2873; x_wconf 74' lang='lat' dir='ltr'>Jesus,</span> <span class='ocrx_word' id='word_1_419' title='bbox 937 2839 972 2863; x_wconf 89' lang='lat' dir='ltr'>et</span> <span class='ocrx_word' id='word_1_420' title='bbox 984 2833 1071 2863; x_wconf 85' lang='lat' dir='ltr'>dixit</span> <span class='ocrx_word' id='word_1_421' title='bbox 1088 2833 1142 2870; x_wconf 86' lang='lat' dir='ltr'>iis,</span> <span class='ocrx_word' id='word_1_422' title='bbox 1159 2832 1293 2864; x_wconf 88' lang='lat' dir='ltr'>Solvite</span> <span class='ocrx_word' id='word_1_423' title='bbox 1307 2832 1491 2864; x_wconf 81' lang='lat' dir='ltr'><strong>TEMPLUM</strong></span> <span class='ocrx_word' id='word_1_424' title='bbox 1507 2833 1586 2870; x_wconf 85' lang='lat' dir='ltr'>hoc,</span> <span class='ocrx_word' id='word_1_425' title='bbox 1603 2832 1638 2862; x_wconf 87' lang='lat' dir='ltr'>in</span> <span class='ocrx_word' id='word_1_426' title='bbox 1657 2832 1767 2862; x_wconf 89' lang='lat' dir='ltr'>tribus</span> 
     </span>
     <span class='ocr_line' id='line_1_43' title="bbox 449 2875 1768 2917; baseline -0.001 -11"><span class='ocrx_word' id='word_1_427' title='bbox 449 2875 573 2906; x_wconf 92' lang='lat' dir='ltr'>diebus</span> <span class='ocrx_word' id='word_1_428' title='bbox 598 2881 716 2906; x_wconf 88' lang='lat' dir='ltr'>tamen</span> <span class='ocrx_word' id='word_1_429' title='bbox 741 2876 967 2907; x_wconf 87' lang='lat' dir='ltr'>exsuscitabo</span> <span class='ocrx_word' id='word_1_430' title='bbox 991 2876 1096 2908; x_wconf 91' lang='lat' dir='ltr'>illud:</span> <span class='ocrx_word' id='word_1_431' title='bbox 1123 2882 1158 2907; x_wconf 91' lang='lat' dir='ltr'>et</span> <span class='ocrx_word' id='word_1_432' title='bbox 1178 2876 1343 2907; x_wconf 88' lang='lat' dir='ltr'>dixerunt</span> <span class='ocrx_word' id='word_1_433' title='bbox 1366 2875 1503 2917; x_wconf 89' lang='lat' dir='ltr'>Judaei,</span> <span class='ocrx_word' id='word_1_434' title='bbox 1524 2875 1768 2916; x_wconf 76' lang='lat' dir='ltr'>Quadraginta</span> 
     </span>
     <span class='ocr_line' id='line_1_44' title="bbox 450 2918 1786 2961; baseline -0.001 -11"><span class='ocrx_word' id='word_1_435' title='bbox 450 2928 513 2950; x_wconf 89' lang='lat' dir='ltr'>sex</span> <span class='ocrx_word' id='word_1_436' title='bbox 536 2918 641 2949; x_wconf 89' lang='lat' dir='ltr'>annis</span> <span class='ocrx_word' id='word_1_437' title='bbox 658 2919 880 2950; x_wconf 86' lang='lat' dir='ltr'>aedificatum</span> <span class='ocrx_word' id='word_1_438' title='bbox 898 2925 952 2950; x_wconf 88' lang='lat' dir='ltr'>est</span> <span class='ocrx_word' id='word_1_439' title='bbox 970 2919 1158 2959; x_wconf 88' lang='lat' dir='ltr'>Templum</span> <span class='ocrx_word' id='word_1_440' title='bbox 1173 2929 1180 2956; x_wconf 74' lang='grc' dir='ltr'>ς</span> <span class='ocrx_word' id='word_1_441' title='bbox 1206 2919 1307 2951; x_wconf 92' lang='lat' dir='ltr'>Tune</span> <span class='ocrx_word' id='word_1_442' title='bbox 1327 2929 1414 2959; x_wconf 90' lang='lat' dir='ltr'>ergo</span> <span class='ocrx_word' id='word_1_443' title='bbox 1431 2919 1540 2950; x_wconf 88' lang='lat' dir='ltr'>tribus</span> <span class='ocrx_word' id='word_1_444' title='bbox 1558 2919 1683 2950; x_wconf 91' lang='lat' dir='ltr'>diebus</span> <span class='ocrx_word' id='word_1_445' title='bbox 1708 2928 1786 2961; x_wconf 30' lang='grc' dir='ltr'><strong><em>σεχ-ο</em></strong></span> 
     </span>
     <span class='ocr_line' id='line_1_45' title="bbox 449 2960 1765 3004; baseline 0 -12"><span class='ocrx_word' id='word_1_446' title='bbox 449 2962 636 2993; x_wconf 88' lang='lat' dir='ltr'>suscitabis</span> <span class='ocrx_word' id='word_1_447' title='bbox 661 2962 769 3000; x_wconf 85' lang='lat' dir='ltr'>illud?</span> <span class='ocrx_word' id='word_1_448' title='bbox 814 2962 882 2994; x_wconf 88' lang='lat' dir='ltr'>Sed</span> <span class='ocrx_word' id='word_1_449' title='bbox 909 2962 972 2994; x_wconf 90' lang='lat' dir='ltr'>Ille</span> <span class='ocrx_word' id='word_1_450' title='bbox 997 2963 1206 3004; x_wconf 90' lang='lat' dir='ltr'>loquebatur</span> <span class='ocrx_word' id='word_1_451' title='bbox 1229 2963 1272 2994; x_wconf 89' lang='lat' dir='ltr'>de</span> <span class='ocrx_word' id='word_1_452' title='bbox 1297 2962 1451 2994; x_wconf 81' lang='lat' dir='ltr'><strong>TEMPLO</strong></span> <span class='ocrx_word' id='word_1_453' title='bbox 1476 2962 1662 2994; x_wconf 79' lang='lat' dir='ltr'>CORPOR13</span> <span class='ocrx_word' id='word_1_454' title='bbox 1682 2960 1765 2993; x_wconf 89' lang='lat' dir='ltr'>sui&#39;&#39;</span> 
     </span>
     <span class='ocr_line' id='line_1_46' title="bbox 450 3005 656 3045; baseline 0.005 -9"><span class='ocrx_word' id='word_1_455' title='bbox 450 3005 498 3045; x_wconf 89' lang='lat' dir='ltr'>(ii.</span> <span class='ocrx_word' id='word_1_456' title='bbox 516 3005 634 3045; x_wconf 77' lang='lat'>18—23)</span> <span class='ocrx_word' id='word_1_457' title='bbox 649 3016 656 3037; x_wconf 91' lang='lat'>:</span> 
     </span>
    </p>
   </div>
  </div>
 </body>
</html>
