2060 3476
684 387 790 420 CAP.
813 387 872 428 v.‚
897 387 1035 420 VERs.
1058 378 1207 419 6.-Ν,
1234 377 1410 431 316[d.].
1710 374 1783 428 551

295 515 375 556 per
403 500 604 542 “altaria
636 499 873 542 Bethelis’‘
899 499 1177 554 significatur
1202 499 1352 541 cultus
1380 513 1439 541 ex
1471 498 1607 548 malo,
1637 506 1683 541 et
1716 512 1795 554 per

299 569 504 606 “cornua
535 563 691 604 altaris
703 563 723 579 ‘’
752 562 1063 617 significantur
1093 562 1205 604 falsa
1236 561 1329 616 ejus
1361 562 1493 614 mali;
1526 576 1641 617 quae
1672 563 1792 616 quod

296 627 574 668 destruenda
599 626 878 680 significatur
903 640 982 680 per
1003 626 1124 680 quod
1149 630 1356 667 “cornua
1381 626 1721 675 exscindentur‚
1746 632 1792 667 et

295 690 463 731 cadent
490 691 534 730 in
561 689 767 731 terram.”
827 689 967 743 Apud
993 690 1201 738 eundem,

364 780 465 821 “Qui
485 780 663 811 laetantur
681 789 788 821 super
807 789 879 811 non
900 789 959 817 re;
983 780 1042 821 qui
1059 779 1192 817 dicunt,
1214 779 1344 811 Nonne
1364 789 1428 820 per
1446 779 1691 811 fortitudinem
1712 789 1795 811 nos-

469 829 560 855 tram
579 824 798 864 sumpsimus
812 821 950 855 fflnobis
967 823 1142 856 cornua?”
1159 823 1219 863 (vi.
1239 832 1277 862 13
1292 823 1313 864 ;)

295 920 374 960 per
402 906 752 947 “fortitudinem
779 913 983 948 nostram
1016 920 1192 948 sumere
1223 906 1430 956 cornua,”
1456 905 1682 960 significat
1714 920 1794 961 per

295 970 411 1011 vires
433 970 639 1023 propriae
657 969 991 1023 intelligentiae
1009 984 1237 1011 assumere
1254 970 1367 1011 falsa
1385 984 1464 1024 per
1480 984 1595 1024 quae
1613 970 1792 1012 destru-

295 1039 427 1076 entur
451 1047 571 1074 vera.
633 1032 773 1086 Apud
801 1033 1041 1082 Davidem,

363 1123 480 1155 “Dixi
506 1123 762 1164 gloriabundis,
792 1123 846 1155 Ne
873 1123 1088 1163 gloriemini,
1116 1130 1151 1156 et
1180 1124 1310 1165 impiis,
1339 1123 1393 1156 Ne
1422 1124 1574 1156 attollite
1600 1135 1720 1163 cornu,
1749 1135 1794 1156 ne

469 1167 620 1199 attollite
633 1167 669 1198 in
683 1167 794 1198 altum
805 1177 916 1199 cornu
927 1174 1096 1206 vestrum,
1111 1179 1156 1199 ne
1170 1168 1355 1209 loquimini
1369 1168 1461 1200 collo
1471 1169 1560 1200 duro
1573 1180 1579 1201 :
1590 1194 1598 1202 .
1612 1194 1620 1201 .
1634 1194 1641 1201 .
1657 1170 1795 1201 ,omnia

469 1221 603 1242 cornua
626 1211 817 1251 impiorum
842 1212 1057 1252 amputabo:
1082 1212 1333 1243 exaltabuntur
1356 1222 1490 1244 cornua
1512 1212 1597 1253 justi
1608 1212 1627 1224 ”
1645 1212 1790 1254 (Psalm.

469 1255 565 1287 lxxv.
581 1263 611 1294 5,
625 1255 656 1293 6,
674 1263 711 1286 11
732 1252 793 1296 [B.
807 1255 853 1287 A.
867 1263 899 1294 4,
916 1262 945 1294 5,
963 1253 1054 1297 1o]);

295 1353 374 1393 per
390 1338 634 1380 “attollere
652 1352 791 1379 cornu
808 1339 852 1379 in
870 1338 1055 1387 altum,''
1070 1338 1348 1392 significatur
1361 1339 1538 1380 fortiter
1551 1338 1793 1380 defendere

286 1399 455 1443 *falsum
487 1408 647 1443 contra
672 1404 854 1456 verum3
887 1416 1024 1455 quare
1056 1403 1194 1442 etiam
1221 1402 1397 1451 dicitur,
1425 1402 1534 1444 “Ne
1560 1402 1793 1457 loquimini

294 1465 415 1506 collo
452 1465 564 1506 duro
581 1465 615 1516 ;'’
657 1479 736 1518 per
770 1468 1043 1518 “amputare
1081 1478 1249 1505 cornua
1285 1465 1480 1514 eorum,”
1513 1465 1794 1519 significatur

293 1527 406 1570 falsa
445 1541 600 1569 eorum
641 1529 900 1578 destruere;
948 1534 995 1569 et
1036 1542 1115 1581 per
1157 1531 1182 1548 “
1199 1527 1405 1569 exaltare
1446 1542 1614 1570 cornua
1648 1529 1757 1582 justi
1773 1529 1792 1544 ”

294 1591 574 1645 significatur
591 1591 800 1645 potentia
821 1597 867 1632 et
885 1591 1036 1631 valida
1058 1591 1248 1632 reddere
1266 1605 1372 1632 vera
1394 1591 1513 1632 boni.
1576 1591 1694 1645 Quia
1715 1607 1794 1646 per

297 1654 433 1696 “alta
449 1654 639 1695 reddere
651 1653 671 1669 '’
686 1660 732 1695 et
751 1668 829 1708 per
846 1653 1090 1695 “exaltare
1105 1654 1297 1695 cornua''
1311 1654 1592 1708 significatur
1605 1655 1793 1709 implere

293 1718 425 1767 veris,
453 1724 500 1759 et
532 1731 585 1758 ea
617 1718 825 1771 potentia
856 1723 902 1758 et
934 1717 1085 1758 valida
1116 1716 1306 1758 reddere
1337 1723 1498 1758 contra
1529 1718 1655 1768 falsa,
1690 1719 1792 1760 ideo

294 1781 434 1822 etiam
455 1779 533 1821 illa
550 1794 657 1821 vera
673 1786 839 1821 vocata
861 1786 965 1821 sunt
987 1783 1012 1800 “
1025 1793 1193 1821 cornua
1212 1781 1559 1829 monocerotis,''
1579 1795 1638 1822 ex
1657 1795 1793 1822 causa

294 1844 398 1898 quia
423 1843 536 1884 haec
564 1843 659 1884 alta
685 1849 789 1884 sunt
808 1843 946 1885 :—Ut
971 1843 1090 1897 apud
1118 1836 1293 1892 Mosen,

362 1934 385 1947 ‘⁴
398 1932 642 1973 Primogenito
658 1933 761 1964 bovis
775 1932 853 1973 ejus
870 1933 986 1964 honor
1002 1933 1064 1969 illi.
1082 1939 1117 1964 et
1133 1943 1267 1964 cornua
1284 1934 1526 1965 monocerotis
1544 1943 1678 1965 cornua
1694 1934 1770 1974 ejus
1786 1944 1792 1971 ;

467 1977 523 2008 his
540 1977 692 2017 populos
709 1977 811 2011 feriet
827 1987 900 2008 una
915 1977 959 2008 ad
982 1977 1071 2008 fines
1088 1983 1202 2008 terrae
1216 1986 1223 2015 ;
1249 1983 1284 2008 et
1300 1977 1337 2008 hi
1354 1978 1533 2018 myriades
1552 1977 1734 2018 Ephraimi
1758 1985 1793 2010 et

468 2021 636 2052 chiliades
655 2020 903 2052 Menascheh”
921 2020 1039 2060 (Deut.
1054 2021 1176 2053 xxxiii.
1194 2020 1267 2061 17);

293 2104 406 2145 haec
425 2104 481 2145 de
497 2103 712 2157 Josepho,
733 2118 812 2157 per
829 2116 961 2157 quem
984 2104 1028 2144 in
1046 2117 1256 2157 supremo
1273 2117 1408 2145 sensu
1426 2111 1793 2158 repraesentatur

294 2168 517 2208 Dominus
554 2167 703 2221 quoad
742 2166 956 2207 Divinum
992 2167 1238 2220 spirituale,
1277 2181 1355 2208 seu
1391 2168 1540 2222 quoad
1579 2168 1791 2210 Divinum

294 2229 466 2271 Verum
488 2230 532 2270 in
558 2229 712 2281 caelo;
746 2230 850 2271 inde
877 2243 956 2283 per
980 2230 1296 2283 “Josephum''
1319 2231 1458 2271 etiam
1481 2231 1793 2285 significantur

293 2291 368 2344 qui
402 2292 446 2331 in
476 2304 621 2344 regno
651 2291 876 2344 Spirituali
911 2291 1098 2331 Domini
1133 2297 1240 2332 sunt
1271 2302 1430 2340 (videatur
1443 2312 1474 2333 n.
1490 2304 1580 2341 3969,
1596 2305 1793 2342 3971,4669,

292 2361 413 2400 6417):
449 2351 844 2404 “primogenitum
879 2351 1010 2391 bovis
1045 2351 1192 2392 honor
1222 2351 1328 2400 illi,”
1359 2352 1587 2405 significat
1620 2354 1791 2394 bonum

293 2413 459 2454 amoris
474 2412 716 2466 spiritualis
734 2426 744 2463 ;
774 2416 799 2432 “
815 2425 983 2461 cornua
998 2415 1306 2454 monocerotis
1321 2427 1489 2455 cornua
1503 2414 1637 2468 ejus‚''
1651 2416 1791 2468 signi-

293 2475 431 2517 ficant
467 2489 574 2516 vera
610 2476 654 2516 in
691 2489 771 2516 sua
806 2475 1088 2528 plenitudine
1124 2482 1171 2516 et
1208 2476 1252 2516 in
1291 2490 1370 2517 sua
1410 2477 1619 2530 potentia
1656 2477 1789 2527 inde;

296 2539 462 2580 “ferire
493 2538 685 2592 populos
717 2538 774 2578 ad
805 2537 916 2579 fines
949 2538 1137 2587 terrae,‘’
1163 2539 1389 2592 significat
1421 2540 1643 2581 instruere
1675 2541 1791 2581 veris

293 2614 452 2643 omnes
492 2602 565 2655 qui
605 2601 662 2642 ab
702 2601 909 2650 ecclesia,
949 2607 995 2642 et
1036 2615 1115 2655 per
1155 2601 1232 2642 illa
1273 2602 1491 2656 dissipare
1531 2603 1670 2654 falsa;
1713 2618 1792 2657 per

295 2665 560 2718 “myriades
586 2664 821 2718 Ephraimi
847 2671 893 2706 et
916 2665 1136 2706 chiliades
1164 2665 1488 2716 Menascheh,''
1511 2667 1791 2720 significatur

292 2729 422 2781 copia
437 2733 483 2768 et
498 2727 778 2768 abundantia
790 2728 884 2768 veri
901 2741 953 2769 ac
972 2728 1077 2769 inde
1095 2729 1360 2782 sapientiae,
1377 2736 1424 2770 et
1439 2731 1570 2783 copia
1587 2736 1633 2771 et
1652 2730 1791 2771 abun-

292 2791 449 2831 dantia
471 2790 577 2831 boni
600 2796 646 2831 et
669 2790 774 2831 inde
796 2792 961 2832 amoris
979 2805 988 2842 3
1020 2791 1276 2845 “Ephraim
1287 2791 1308 2807 ”
1325 2793 1369 2832 in
1389 2792 1545 2833 Verbo
1563 2792 1789 2846 significat

292 2852 601 2895 intellectuale
627 2853 848 2909 ecclesiae
875 2854 996 2908 quod
1022 2860 1093 2895 est
1119 2855 1225 2904 veri,
1250 2861 1296 2896 et
1322 2855 1674 2897 “Menascheh”
1696 2857 1789 2909 sig-

291 2914 447 2956 nificat
464 2914 774 2956 voluntarium
789 2915 1012 2957 ecclesiae
1027 2916 1149 2969 quod
1167 2922 1238 2957 est
1255 2916 1363 2957 boni
1380 2928 1539 2966 (videatur
1551 2937 1582 2957 n.
1596 2928 1686 2965 3969,
1699 2935 1790 2965 5354,

291 2986 381 3021 6222,
396 2986 487 3024 6234,
500 2985 590 3023 6238,
606 2986 696 3023 6267,
711 2986 820 3025 6296),
837 2982 885 3017 et
906 2989 986 3030 per
1011 2976 1279 3029 “myriades
1300 2982 1347 3017 et
1369 2976 1622 3018 chiliades”
1643 2977 1787 3030 signi-

291 3036 483 3085 ficantur
499 3036 703 3091 plurima,
723 3038 786 3079 ita
808 3038 938 3092 copia
960 3043 1006 3079 et
1030 3038 1323 3079 abundantia.
1383 3038 1520 3093 Apud
1546 3038 1786 3088 Davidem,
