2060 3476
689 356 795 389 CAP.
819 356 906 397 111.,
930 356 1069 389 vens.
1093 357 1267 389 zze-N.
1291 359 1385 402 257.
1697 362 1783 404 419

351 472 456 515 Quod
471 471 652 504 Bileamus
665 471 904 503 aedificaverit
914 477 1050 512 septem
1062 471 1198 510 altaria,
1213 478 1249 503 et
1261 472 1510 505 sacrificaverit
1521 479 1658 514 septem
1672 475 1783 506 boves

459 522 494 548 et
511 523 648 557 septem
664 515 793 547 arietes
810 514 936 555 (Num.
953 515 1050 547 xxiii.
1070 523 1142 555 1-7,
1161 516 1278 554 15-18‚
1296 524 1348 556 29,
1365 515 1441 557 30):

353 559 457 602 Quod
475 559 743 592 numeraverint
759 565 896 600 septem
915 559 1134 599 septimanas
1151 569 1340 598 annorum,
1357 567 1494 600 septem
1511 570 1627 592 annos
1644 567 1783 602 septem

459 604 607 642 vicibus,
634 609 669 635 et
692 608 776 635 tunc
799 612 924 634 mense
948 603 1102 644 septimo
1127 603 1352 644 clangeretur
1368 604 1412 636 ad
1436 603 1631 645 jubilaeum
1657 605 1781 644 (Levit.

460 658 542 680 xxv.
560 647 590 685 8,
607 646 652 688 9).

285 742 362 783 Ex
393 741 725 796 significatione
756 742 928 784 numeri
962 741 1211 796 “septem’'
1243 749 1456 784 constare
1488 749 1644 797 potest
1677 743 1783 798 quid

286 805 565 859 significatur

353 894 422 927 Per
437 901 575 936 septem
593 895 669 927 dies
686 894 876 926 creationis
893 894 1038 934 (Genes.‚
1054 904 1131 935 cap.
1148 893 1208 934 i.):

351 938 442 970 Tum
460 948 524 980 per
540 939 633 980 quod
650 939 798 970 saturati
818 938 950 981 fuerint
967 944 1117 979 quatuor
1134 939 1245 970 millia
1260 938 1447 971 hominum
1467 949 1511 971 ex
1529 945 1667 980 septem
1684 940 1784 980 pani-

459 982 944 1067 ?sztvffgocsl-sssperessent
960 988 1098 1023 septem
1116 988 1259 1023 sportae
1276 983 1404 1023 plenae
1420 982 1566 1022 (Matth.
1580 993 1639 1016 Χν.
1653 984 1760 1023 34-38
1774 993 1783 1023 ;

285 1112 398 1154 Inde
424 1125 541 1153 nunc
569 1117 699 1167 patet
725 1111 831 1166 quid
858 1111 1138 1166 significatur
1163 1112 1207 1153 in
1233 1111 1274 1153 Α
1277 1111 1522 1166 pocah‘psz',

298 1200 302 1203 ”
352 1201 421 1234 Per
436 1208 574 1242 septem
592 1201 770 1233 Ecclesias
787 1200 823 1242 (i.
837 1210 870 1240 4,
887 1200 940 1242 11)
955 1210 963 1240 ;

352 1245 421 1277 Per
436 1251 574 1286 septem
591 1245 807 1277 candelabra
825 1255 944 1283 aurea,
965 1245 1002 1277 in
1022 1255 1172 1287 quorum
1193 1246 1313 1278 medio
1334 1245 1444 1278 Filius
1467 1246 1625 1285 hominis
1649 1245 1740 1288 (cap.
1756 1246 1780 1279 i.

463 1289 536 1330 Ι3);
921 1305 931 1315 ·

351 1332 426 1374 Per⁴
435 1338 573 1374 septem
590 1332 713 1365 stellas
729 1332 765 1364 in
783 1332 909 1364 dextra
925 1332 1043 1373 Ipsius
1059 1331 1150 1374 (cap.
1166 1333 1189 1366 i.
1208 1333 1260 1372 16,
1276 1332 1352 1374 2o);

351 1376 419 1408 P-er
435 1382 572 1418 septem
590 1376 735 1417 spiritus
755 1376 821 1409 Dei
837 1377 898 1416 (iii.
918 1376 970 1417 1);

351 1420 419 1452 Per
434 1426 572 1461 septem
589 1419 772 1461 lampades
791 1420 917 1461 igneos
934 1426 1016 1452 ante
1034 1420 1202 1452 thronum
1220 1419 1309 1461 (cap.
1327 1421 1373 1454 iv.
1392 1420 1445 1462 5);

350 1464 420 1496 Per
434 1464 562 1496 librum
580 1464 808 1505 obsignatum
825 1470 963 1504 septem
981 1464 1106 1505 sigillis
1122 1464 1169 1505 (v.
1190 1464 1240 1506 1);

351 1507 419 1540 Per
434 1514 571 1549 septem
587 1508 748 1548 angelos,
768 1508 894 1550 quibus
911 1508 1015 1540 datae
1032 1515 1168 1549 septem
1186 1510 1292 1540 tubae
1309 1507 1394 1548 (viii.
1413 1507 1446 1549 2)
1460 1518 1467 1547 ;

351 1551 419 1583 Per
435 1552 530 1593 quod
546 1557 684 1592 septem
701 1551 860 1583 tonitrua
875 1552 995 1583 locuta
1010 1551 1083 1584 sint
1099 1562 1205 1584 voces
1221 1551 1269 1592 (x,
1286 1561 1316 1592 3,
1332 1552 1387 1593 4);

351 1595 420 1627 Per
435 1602 573 1636 septem
589 1595 739 1636 angelos
755 1595 929 1627 habentes
946 1602 1083 1636 septem
1101 1596 1225 1637 plagas
1241 1596 1384 1628 ultimas
1402 1595 1473 1637 (XV.
1493 1605 1521 1635 1,
1538 1596 1592 1637 6);
1656 1599 1661 1603 ”

350 1638 394 1671 Et
410 1649 475 1680 per
490 1645 628 1680 septem
646 1639 783 1680 phialas
800 1639 925 1680 plenas
942 1645 1080 1680 septem
1098 1640 1213 1681 plagis
1230 1640 1366 1672 ultimis
1383 1639 1468 1681 (xvi.
1485 1648 1500 1672 1
1517 1650 1524 1679 ;
1549 1650 1625 1682 cap.
1639 1641 1712 1674 xxi.
1724 1639 1781 1683 9):

285 1737 329 1773 et
356 1745 489 1786 porro
514 1731 619 1773 alibi
645 1732 689 1773 in
717 1731 888 1783 Verbo,
916 1732 990 1774 ubi
1019 1730 1259 1787 “septem”
1293 1733 1599 1775 nominantur.
