2060 3476
330 368 415 422 656
743 375 1075 413 APOCALYPSIS
1106 377 1403 410 EXPLICATA.

329 490 502 532 Notum
528 496 682 532 tamen
708 496 778 532 est
804 490 923 544 quod
949 503 1083 532 omne
1107 489 1276 532 bonum
1308 496 1354 533 et
1387 503 1521 532 omne
1543 503 1697 532 verum
1723 504 1813 533 non

327 554 385 594 sit
417 554 460 594 in
487 553 683 603 homine,
711 553 791 594 sed
822 553 943 607 quod
973 554 1126 595 veniat
1151 554 1355 607 desuper,
1383 554 1447 595 ita
1478 553 1598 607 quod
1629 554 1813 604 influat;

328 615 532 656 similiter
557 629 684 656 amor
714 621 761 656 et
792 615 916 665 fides,
944 629 1050 656 nam
1076 629 1210 657 omne
1236 617 1399 657 amoris
1425 616 1619 656 hominis
1651 622 1720 657 est
1753 629 1812 657 ex

327 678 463 726 bono,
497 684 543 719 et
579 691 714 719 omne
745 677 847 719 fidei
882 677 976 731 ejus
1007 683 1078 719 est
1113 692 1173 719 ex
1212 692 1333 727 vero,
1367 678 1486 732 quod
1525 679 1643 718 enim
1674 678 1813 719 horno

327 746 451 782 amat
477 740 564 781 hoc
597 742 636 782 ei
668 746 738 782 est
769 741 952 789 bonum,
979 746 1026 781 et
1058 741 1178 794 quod
1209 740 1349 782 homo
1380 740 1523 781 credit
1554 740 1641 781 hoc
1674 741 1713 781 ei
1743 747 1814 782 est

329 816 482 844 verum
500 817 508 844 :
541 803 646 844 inde
665 804 854 857 primum
877 809 1005 856 patet
1023 803 1142 856 quod
1163 816 1254 844 non
1275 803 1443 844 bonum
1466 809 1512 844 et
1534 815 1625 843 non
1643 815 1811 850 verum,

327 867 443 907 sicut
470 879 551 907 nec
579 879 705 907 amor
731 872 778 907 et
811 865 936 914 fides,
965 865 1054 906 sint
1080 866 1124 906 in
1150 865 1347 915 homine,
1375 866 1455 907 sed
1481 866 1601 919 quod
1627 865 1814 906 influant

327 943 353 970 a
388 929 599 970 Domino.
662 929 713 970 In
753 929 875 969 bono
905 934 952 969 et
983 942 1091 969 vero
1122 934 1192 969 est
1222 929 1319 982 ipsa
1349 929 1456 977 vita,
1490 934 1537 970 et
1573 941 1664 969 non
1696 927 1813 968 alibi.

327 990 687 1044 Receptaculum
718 990 824 1030 boni
855 989 1019 1029 amoris
1051 988 1167 1041 apud
1221 987 1450 1028 hominem
1487 991 1556 1026 est
1587 985 1813 1032 voluntas,

327 1053 374 1088 et
404 1045 740 1099 receptaculum
771 1045 863 1085 veri
894 1044 995 1085 fidei
1031 1044 1149 1097 apud
1202 1043 1328 1084 illum
1359 1048 1429 1083 est
1461 1039 1733 1088 intellectus,
1767 1047 1813 1081 et

329 1106 447 1148 velle
479 1107 646 1148 bonum
679 1120 769 1147 non
802 1112 871 1147 est
904 1105 1112 1154 hominis,
1143 1118 1226 1146 nec
1260 1106 1442 1146 credere
1474 1118 1641 1146 verum.
1704 1103 1814 1146 Illae

323 1170 460 1211 binae
496 1169 738 1210 facultates
775 1174 880 1210 sunt
917 1169 960 1209 in
1003 1168 1160 1222 quibus
1197 1168 1342 1209 omnis
1380 1168 1474 1208 vita
1504 1166 1699 1208 hominis
1730 1173 1814 1215 est,

330 1239 462 1274 extra
487 1232 587 1273 illas
619 1238 689 1273 est
722 1231 870 1282 nulla;
908 1231 1013 1272 inde
1039 1231 1177 1272 etiam
1203 1237 1332 1284 patet
1364 1231 1484 1284 quod
1515 1231 1610 1271 vita
1639 1230 1815 1275 illarum

329 1295 612 1343 facultatum,
637 1294 823 1348 proinde
849 1294 944 1335 vita
969 1293 1109 1334 totius
1131 1293 1338 1341 hominis,
1363 1306 1453 1333 non
1480 1293 1537 1334 sit
1562 1293 1606 1334 in
1633 1292 1816 1334 homine

329 1358 408 1399 sed
440 1358 607 1398 influat,
670 1356 804 1410 Quod
831 1363 984 1398 autem
1017 1355 1185 1397 malum
1217 1362 1263 1396 et
1294 1355 1469 1404 falsum,
1497 1369 1574 1396 seu
1605 1355 1817 1396 voluntas

329 1427 375 1462 et
402 1434 528 1462 amor
554 1420 659 1461 mali
691 1433 742 1461 ac
769 1417 1029 1460 intellec'tus
1055 1425 1101 1460 et
1133 1418 1244 1459 fides
1270 1418 1383 1467 falsi,
1410 1419 1499 1459 sint
1526 1418 1644 1471 apud
1670 1418 1816 1459 homi-

329 1496 447 1530 nem,
472 1489 542 1524 est
568 1495 744 1536 quoque
771 1495 830 1522 ex
853 1481 1038 1530 influxu,
1063 1481 1143 1522 sed
1169 1481 1204 1521 is
1226 1480 1420 1521 influxus
1441 1486 1512 1522 est
1534 1495 1593 1521 ex
1615 1480 1813 1521 inferno:

329 1546 468 1588 homo
495 1547 613 1588 enim
640 1551 823 1587 tenetur
854 1545 898 1585 in
934 1544 1075 1585 libero
1101 1544 1313 1597 eligendi,
1343 1543 1429 1585 hoc
1462 1550 1548 1592 est,
1575 1543 1819 1596 recipiendi

330 1609 498 1650 bonum
521 1615 566 1650 et
589 1621 745 1650 verum
768 1622 793 1648 a
819 1608 1016 1648 Domino
1035 1613 1112 1648 aut
1133 1607 1378 1660 recipiendi
1400 1606 1568 1647 malum
1591 1612 1637 1648 et
1658 1606 1818 1647 falsum

329 1672 386 1712 ab
417 1672 616 1722 inferno;
654 1672 698 1712 in
730 1670 815 1711 hoc
849 1676 1030 1711 tenetur
1055 1669 1193 1710 homo
1224 1675 1409 1723 propter
1433 1669 1814 1717 reformationem,

330 1741 513 1776 tenetur
538 1735 657 1775 enim
683 1735 801 1775 inter
826 1733 1001 1774 caelum
1028 1739 1074 1774 et
1099 1732 1334 1781 infernum,
1358 1738 1404 1773 et
1430 1732 1533 1773 inde
1559 1733 1603 1773 in
1628 1731 1815 1786 aequili—

329 1797 425 1838 brio
452 1796 685 1850 spirituali,
713 1796 833 1850 quod
865 1802 934 1837 est
965 1795 1165 1836 liberum.
1228 1795 1381 1848 Ipsum
1407 1794 1492 1835 hoc
1521 1794 1708 1835 liberum
1735 1807 1817 1836 nec

332 1865 403 1899 est
429 1859 472 1899 in
494 1858 695 1908 homine,
719 1858 799 1898 sed
822 1863 892 1899 est
917 1870 1006 1898 una
1028 1870 1129 1897 cum
1152 1857 1247 1896 vita
1269 1869 1384 1909 quae
1406 1855 1573 1896 influit.·
1623 1866 1688 1904 (De
1705 1866 1821 1896 Libero

331 1923 480 1953 Hominis
495 1928 526 1953 et
540 1924 607 1962 ejus
622 1923 761 1962 Origine,
773 1923 917 1952 videatur
931 1922 963 1951 in
978 1931 1075 1960 opere
1091 1922 1142 1951 De
1157 1922 1249 1951 Caelo
1263 1925 1294 1950 et
1308 1921 1444 1960 Inferno,
1460 1929 1492 1951 n.
1504 1930 1573 1959 293,
1585 1928 1654 1958 537,
1666 1926 1736 1958 540,
1751 1927 1820 1958 541.

329 1980 399 2017 546,
410 1980 561 2017 589—596,
572 1980 711 2017 597—603
723 1989 729 2014 ;
746 1983 777 2008 et
789 1979 820 2007 in
832 1978 990 2008 Doltrina
999 1979 1112 2007 Novae
1122 1977 1381 2015 HierosolymaeL
1391 1986 1422 2007 n.
1435 1977 1614 2016 141—147].)
1655 1967 1728 2007 Illi
1745 1967 1819 2020 qui

330 2029 374 2068 in
389 2022 561 2069 inferno
578 2035 681 2070 sunt
697 2030 834 2070 etiam
849 2030 1005 2070 vivunt
1021 2043 1080 2069 ex
1096 2028 1265 2069 influxu
1276 2028 1396 2069 vitae
1412 2042 1437 2068 a
1453 2028 1664 2078 Domino,
1677 2027 1819 2068 influit

331 2092 449 2132 enim
468 2092 586 2145 apud
609 2091 711 2132 illos
730 2092 934 2133 similiter
951 2092 1119 2132 bonum
1142 2097 1188 2132 et
1208 2104 1362 2131 verum
1381 2105 1389 2142 ;
1424 2091 1503 2131 sed
1525 2091 1697 2131 bonum
1718 2104 1818 2131 ver-

330 2160 434 2195 tunt
453 2155 497 2195 in
513 2154 679 2196 malum
694 2169 745 2196 ac
761 2168 916 2196 verum
931 2155 975 2195 in
992 2154 1167 2203 falsum,
1185 2160 1231 2195 et
1249 2154 1335 2195 hoc
1351 2154 1400 2195 fit
1418 2155 1520 2208 quia
1540 2154 1819 2195 inverterunt

331 2230 434 2257 suas
452 2217 616 2258 formas
638 2218 906 2271 recipientes
930 2217 1164 2258 interiores
1187 2231 1266 2270 per
1282 2217 1423 2257 vitam
1442 2216 1576 2267 mali;
1604 2222 1649 2257 et
1674 2217 1820 2256 omnis

330 2279 525 2320 influxus
550 2281 747 2321 variatur
773 2280 1019 2321 secundum
1045 2280 1236 2320 formas:
1278 2278 1487 2320 similiter
1512 2292 1564 2319 ac
1597 2277 1835 2330 cogitatio*

331 2348 379 2383 et
397 2342 609 2383 voluntas
626 2342 819 2383 hominis
837 2343 942 2383 dum
960 2349 1102 2396 agunt
1120 2343 1164 2382 in
1183 2342 1386 2382 membra
1404 2355 1430 2382 a
1450 2341 1692 2382 nativitate
1711 2353 1819 2381 con-

331 2411 468 2454 torta,
493 2413 570 2446 aut
596 2406 640 2446 in
667 2406 865 2447 sensoria
891 2405 1039 2455 laesa;
1071 2418 1122 2446 ac
1150 2405 1358 2446 similiter
1383 2417 1434 2445 ac
1462 2404 1542 2444 lux
1568 2403 1682 2445 caeli
1709 2403 1817 2444 dum

331 2468 474 2509 influit
505 2469 549 2509 in
586 2467 762 2522 objecta
792 2482 907 2522 quae
939 2469 1169 2509 variantur
1199 2467 1347 2521 quoad
1381 2466 1571 2515 colores,
1605 2480 1655 2507 ac
1695 2466 1821 2507 calor

332 2531 445 2572 caeli
471 2531 515 2571 in
538 2531 696 2572 eadem
719 2545 832 2585 quae
856 2532 1084 2571 variantur
1106 2530 1255 2584 quoad
1278 2530 1440 2570 odores
1463 2529 1708 2570 secundum
1731 2529 1819 2570 for-

333 2607 429 2634 mas
466 2594 703 2635 interiores
739 2594 1021 2647 recipientes.
1082 2593 1151 2634 At
1188 2592 1422 2634 sciendum
1460 2598 1530 2633 est
1570 2591 1690 2645 quod
1729 2605 1819 2632 non

332 2657 428 2710 ipsa
454 2657 548 2698 vita
572 2663 774 2698 mutetur
799 2663 845 2698 et
871 2657 1081 2706 varietur,
1111 2656 1190 2697 sed
1222 2655 1341 2710 quod
1373 2670 1452 2709 per
1482 2654 1606 2696 illam
1633 2655 1822 2695 sistatur

333 2720 600 2773 apparentia
639 2720 809 2760 formae
849 2720 1108 2773 recipientis
1148 2733 1227 2772 per
1266 2731 1400 2773 quam
1440 2724 1487 2759 et
1531 2731 1555 2758 e
1600 2731 1686 2771 qua
1726 2717 1821 2758 vita

333 2783 495 2824 transit
515 2797 524 2833 ;
558 2796 700 2836 paene
723 2783 837 2823 sicut
859 2783 1044 2836 quisque
1065 2787 1255 2835 apparet
1281 2795 1360 2835 per
1381 2781 1573 2822 eandem
1603 2779 1749 2820 lucem
1775 2780 1818 2820 in

333 2845 518 2898 speculo
535 2845 678 2899 qualis
696 2851 779 2886 est.
822 2845 1063 2886 Praeterea
1082 2858 1240 2885 omnes
1258 2858 1416 2885 sensus
1433 2843 1641 2892 hominis,
1655 2856 1818 2896 nempe

333 2908 467 2956 visus,
487 2908 680 2957 auditus,
700 2906 902 2957 olfactus,
922 2914 1081 2961 gustus
1104 2913 1150 2948 et
1173 2905 1335 2956 taetus,
1360 2920 1450 2947 non
1474 2912 1579 2947 sunt
1604 2906 1648 2946 in
1670 2905 1817 2946 homi-

334 2983 404 3019 ne,
433 2970 512 3011 sed
544 2971 804 3012 excitantur
829 2976 876 3012 et
907 2971 1214 3024 producuntur
1239 2984 1299 3011 ex
1325 2969 1518 3010 influxu:
1561 2969 1606 3009 in
1632 2967 1816 3009 homine

335 3039 438 3074 sunt
470 3033 606 3075 modo
637 3033 806 3075 formae
838 3033 1080 3087 organicae
1111 3047 1224 3088 quae
1255 3038 1360 3075 sunt
1390 3032 1660 3086 recipientes
1678 3045 1689 3083 3
1731 3030 1816 3072 hae
