<?xml version="1.0" encoding="UTF-8"?>
<!DOCTYPE html PUBLIC "-//W3C//DTD XHTML 1.0 Transitional//EN"
    "http://www.w3.org/TR/xhtml1/DTD/xhtml1-transitional.dtd">
<html xmlns="http://www.w3.org/1999/xhtml" xml:lang="en" lang="en">
 <head>
  <title>
</title>
<meta http-equiv="Content-Type" content="text/html;charset=utf-8" />
  <meta name='ocr-system' content='tesseract 3.04.00' />
  <meta name='ocr-capabilities' content='ocr_page ocr_carea ocr_par ocr_line ocrx_word'/>
</head>
<body>
  <div class='ocr_page' id='page_1' title='image "apocalypsisexpli01sweduoft_0276.png"; bbox 0 0 2060 3476; ppageno 0'>
   <div class='ocr_carea' id='block_1_1' title="bbox 275 349 1353 394">
    <p class='ocr_par' dir='ltr' id='par_1_1' title="bbox 275 349 1353 394">
     <span class='ocr_line' id='line_1_1' title="bbox 275 349 1353 394; baseline 0.005 -13"><span class='ocrx_word' id='word_1_1' title='bbox 275 349 359 394; x_wconf 88' lang='lat'>270</span> <span class='ocrx_word' id='word_1_2' title='bbox 689 350 1022 384; x_wconf 86' lang='lat' dir='ltr'>APOCALYPSIS</span> <span class='ocrx_word' id='word_1_3' title='bbox 1054 352 1353 386; x_wconf 85' lang='lat' dir='ltr'>EXPLICATA.</span> 
     </span>
    </p>
   </div>
   <div class='ocr_carea' id='block_1_2' title="bbox 275 462 1764 520">
    <p class='ocr_par' dir='ltr' id='par_1_2' title="bbox 275 462 1764 520">
     <span class='ocr_line' id='line_1_2' title="bbox 275 462 1764 520; baseline 0.004 -16"><span class='ocrx_word' id='word_1_4' title='bbox 275 462 569 517; x_wconf 74' lang='lat' dir='ltr'>cogitationis</span> <span class='ocrx_word' id='word_1_5' title='bbox 599 462 693 518; x_wconf 81' lang='lat' dir='ltr'>ejus</span> <span class='ocrx_word' id='word_1_6' title='bbox 724 478 784 506; x_wconf 87' lang='lat' dir='ltr'>ex</span> <span class='ocrx_word' id='word_1_7' title='bbox 815 478 1017 519; x_wconf 90' lang='lat' dir='ltr'>corpore,</span> <span class='ocrx_word' id='word_1_8' title='bbox 1051 479 1102 507; x_wconf 88' lang='lat' dir='ltr'>ac</span> <span class='ocrx_word' id='word_1_9' title='bbox 1139 465 1322 519; x_wconf 91' lang='lat' dir='ltr'>ejiciunt</span> <span class='ocrx_word' id='word_1_10' title='bbox 1353 466 1640 520; x_wconf 82' lang='lat' dir='ltr'><strong>cognitiones</strong></span> <span class='ocrx_word' id='word_1_11' title='bbox 1671 468 1764 511; x_wconf 89' lang='lat' dir='ltr'>veri</span> 
     </span>
    </p>
   </div>
   <div class='ocr_carea' id='block_1_3' title="bbox 273 527 1832 583">
    <p class='ocr_par' dir='ltr' id='par_1_3' title="bbox 273 527 1832 583">
     <span class='ocr_line' id='line_1_3' title="bbox 273 527 1832 583; baseline 0.004 -16"><span class='ocrx_word' id='word_1_12' title='bbox 273 533 321 568; x_wconf 83' lang='lat' dir='ltr'>et</span> <span class='ocrx_word' id='word_1_13' title='bbox 357 527 463 568; x_wconf 90' lang='lat' dir='ltr'>boni</span> <span class='ocrx_word' id='word_1_14' title='bbox 499 541 614 581; x_wconf 87' lang='lat' dir='ltr'>quae</span> <span class='ocrx_word' id='word_1_15' title='bbox 645 529 846 569; x_wconf 87' lang='lat' dir='ltr'>exterius</span> <span class='ocrx_word' id='word_1_16' title='bbox 878 528 1089 570; x_wconf 83' lang='lat' dir='ltr'>habitant</span> <span class='ocrx_word' id='word_1_17' title='bbox 1121 529 1240 583; x_wconf 85' lang='lat' dir='ltr'>apud</span> <span class='ocrx_word' id='word_1_18' title='bbox 1276 529 1521 580; x_wconf 89' lang='lat' dir='ltr'>hominem,</span> <span class='ocrx_word' id='word_1_19' title='bbox 1554 530 1656 572; x_wconf 91' lang='lat' dir='ltr'>ideo</span> <span class='ocrx_word' id='word_1_20' title='bbox 1686 531 1765 573; x_wconf 90' lang='lat' dir='ltr'>illa</span> <span class='ocrx_word' id='word_1_21' title='bbox 1829 555 1832 558; x_wconf 58' lang='lat'><strong>&gt;</strong></span> 
     </span>
    </p>
   </div>
   <div class='ocr_carea' id='block_1_4' title="bbox 274 590 1764 706">
    <p class='ocr_par' dir='ltr' id='par_1_4' title="bbox 274 590 1764 706">
     <span class='ocr_line' id='line_1_4' title="bbox 274 590 1764 647; baseline 0.003 -17"><span class='ocrx_word' id='word_1_22' title='bbox 274 595 379 631; x_wconf 89' lang='lat' dir='ltr'>sunt</span> <span class='ocrx_word' id='word_1_23' title='bbox 396 603 510 643; x_wconf 88' lang='lat' dir='ltr'>quae</span> <span class='ocrx_word' id='word_1_24' title='bbox 527 590 845 644; x_wconf 87' lang='lat' dir='ltr'>intelliguntur</span> <span class='ocrx_word' id='word_1_25' title='bbox 861 605 940 645; x_wconf 92' lang='lat' dir='ltr'>per</span> <span class='ocrx_word' id='word_1_26' title='bbox 956 594 982 612; x_wconf 91' lang='lat'><em>“</em></span> <span class='ocrx_word' id='word_1_27' title='bbox 994 591 1150 639; x_wconf 86' lang='lat' dir='ltr'>fures,&#39;’</span> <span class='ocrx_word' id='word_1_28' title='bbox 1167 593 1305 633; x_wconf 85' lang='lat' dir='ltr'>etiam</span> <span class='ocrx_word' id='word_1_29' title='bbox 1327 593 1371 633; x_wconf 93' lang='lat' dir='ltr'>in</span> <span class='ocrx_word' id='word_1_30' title='bbox 1389 593 1680 647; x_wconf 90' lang='lat' dir='ltr'>sequentibus</span> <span class='ocrx_word' id='word_1_31' title='bbox 1695 607 1764 635; x_wconf 87' lang='lat'>:—</span> 
     </span>
     <span class='ocr_line' id='line_1_5' title="bbox 274 651 732 706; baseline 0.004 -14"><span class='ocrx_word' id='word_1_32' title='bbox 274 651 414 706; x_wconf 92' lang='lat' dir='ltr'>Apud</span> <span class='ocrx_word' id='word_1_33' title='bbox 439 652 732 703; x_wconf 74' lang='lat' dir='ltr'>Matthaeum,</span> 
     </span>
    </p>
   </div>
   <div class='ocr_carea' id='block_1_5' title="bbox 342 741 1765 828">
    <p class='ocr_par' dir='ltr' id='par_1_5' title="bbox 342 741 1765 828">
     <span class='ocr_line' id='line_1_6' title="bbox 342 741 1765 787; baseline 0.004 -14"><span class='ocrx_word' id='word_1_34' title='bbox 342 742 365 756; x_wconf 83' lang='lat'>‘⁴</span> <span class='ocrx_word' id='word_1_35' title='bbox 378 741 554 783; x_wconf 88' lang='lat' dir='ltr'>Reponite</span> <span class='ocrx_word' id='word_1_36' title='bbox 567 742 753 775; x_wconf 86' lang='lat' dir='ltr'>thesauros</span> <span class='ocrx_word' id='word_1_37' title='bbox 771 753 844 775; x_wconf 91' lang='lat' dir='ltr'>non</span> <span class='ocrx_word' id='word_1_38' title='bbox 869 743 905 775; x_wconf 91' lang='lat' dir='ltr'>in</span> <span class='ocrx_word' id='word_1_39' title='bbox 923 749 1017 775; x_wconf 88' lang='lat' dir='ltr'>terra</span> <span class='ocrx_word' id='word_1_40' title='bbox 1020 768 1112 782; x_wconf 88' lang='lat'><em>.....</em></span> <span class='ocrx_word' id='word_1_41' title='bbox 1120 743 1183 776; x_wconf 88' lang='lat' dir='ltr'>sed</span> <span class='ocrx_word' id='word_1_42' title='bbox 1207 743 1243 776; x_wconf 89' lang='lat' dir='ltr'>in</span> <span class='ocrx_word' id='word_1_43' title='bbox 1261 744 1370 783; x_wconf 84' lang='lat' dir='ltr'>caelo,</span> <span class='ocrx_word' id='word_1_44' title='bbox 1390 745 1451 776; x_wconf 88' lang='lat' dir='ltr'>ubi</span> <span class='ocrx_word' id='word_1_45' title='bbox 1474 744 1571 777; x_wconf 76' lang='lat' dir='ltr'>fures</span> <span class='ocrx_word' id='word_1_46' title='bbox 1595 755 1670 777; x_wconf 91' lang='lat' dir='ltr'>non</span> <span class='ocrx_word' id='word_1_47' title='bbox 1686 755 1765 787; x_wconf 86' lang='lat' dir='ltr'>per-</span> 
     </span>
     <span class='ocr_line' id='line_1_7' title="bbox 448 785 1513 828; baseline 0.003 -11"><span class='ocrx_word' id='word_1_48' title='bbox 448 785 599 824; x_wconf 83' lang='lat' dir='ltr'>fodiunt,</span> <span class='ocrx_word' id='word_1_49' title='bbox 620 797 685 818; x_wconf 91' lang='lat' dir='ltr'>nec</span> <span class='ocrx_word' id='word_1_50' title='bbox 701 787 865 819; x_wconf 76' lang='lat' dir='ltr'>{urantur</span> <span class='ocrx_word' id='word_1_51' title='bbox 876 787 893 799; x_wconf 82' lang='lat'>&#39;¹</span> <span class='ocrx_word' id='word_1_52' title='bbox 910 787 970 827; x_wconf 91' lang='lat' dir='ltr'>(vi.</span> <span class='ocrx_word' id='word_1_53' title='bbox 989 796 1039 828; x_wconf 91' lang='lat'>19,</span> <span class='ocrx_word' id='word_1_54' title='bbox 1055 787 1130 827; x_wconf 88' lang='lat' dir='ltr'>2o);</span> <span class='ocrx_word' id='word_1_55' title='bbox 1510 811 1513 814; x_wconf 85' lang='lat'><em>-</em></span> 
     </span>
    </p>
   </div>
   <div class='ocr_carea' id='block_1_6' title="bbox 277 879 1762 937">
    <p class='ocr_par' dir='ltr' id='par_1_6' title="bbox 277 879 1762 937">
     <span class='ocr_line' id='line_1_8' title="bbox 277 879 1762 937; baseline 0.003 -17"><span class='ocrx_word' id='word_1_56' title='bbox 277 879 546 922; x_wconf 84' lang='lat' dir='ltr'>“thesauri&#39;’</span> <span class='ocrx_word' id='word_1_57' title='bbox 578 887 683 922; x_wconf 91' lang='lat' dir='ltr'>sunt</span> <span class='ocrx_word' id='word_1_58' title='bbox 720 882 1006 935; x_wconf 83' lang='lat' dir='ltr'>cognitiones</span> <span class='ocrx_word' id='word_1_59' title='bbox 1037 882 1129 923; x_wconf 88' lang='lat' dir='ltr'>veri</span> <span class='ocrx_word' id='word_1_60' title='bbox 1166 887 1213 923; x_wconf 93' lang='lat' dir='ltr'>et</span> <span class='ocrx_word' id='word_1_61' title='bbox 1246 882 1378 924; x_wconf 92' lang='lat' dir='ltr'>boni:</span> <span class='ocrx_word' id='word_1_62' title='bbox 1412 896 1630 937; x_wconf 87' lang='lat' dir='ltr'>reponere</span> <span class='ocrx_word' id='word_1_63' title='bbox 1660 883 1762 925; x_wconf 90' lang='lat' dir='ltr'>illos</span> 
     </span>
    </p>
   </div>
   <div class='ocr_carea' id='block_1_7' title="bbox 273 940 1765 1094">
    <p class='ocr_par' dir='ltr' id='par_1_7' title="bbox 273 940 1765 1094">
     <span class='ocr_line' id='line_1_9' title="bbox 276 940 1760 996; baseline 0.003 -14"><span class='ocrx_word' id='word_1_64' title='bbox 276 942 359 982; x_wconf 90' lang='lat' dir='ltr'>“in</span> <span class='ocrx_word' id='word_1_65' title='bbox 381 940 544 983; x_wconf 89' lang='lat' dir='ltr'>caelo’&#39;</span> <span class='ocrx_word' id='word_1_66' title='bbox 574 948 645 983; x_wconf 89' lang='lat' dir='ltr'>est</span> <span class='ocrx_word' id='word_1_67' title='bbox 675 943 720 982; x_wconf 93' lang='lat' dir='ltr'>in</span> <span class='ocrx_word' id='word_1_68' title='bbox 750 942 974 996; x_wconf 80' lang='lat' dir='ltr'>spirituali</span> <span class='ocrx_word' id='word_1_69' title='bbox 1004 942 1204 992; x_wconf 90' lang='lat' dir='ltr'>homine,</span> <span class='ocrx_word' id='word_1_70' title='bbox 1237 957 1342 984; x_wconf 88' lang='lat' dir='ltr'>nam</span> <span class='ocrx_word' id='word_1_71' title='bbox 1372 944 1409 985; x_wconf 92' lang='lat' dir='ltr'>is</span> <span class='ocrx_word' id='word_1_72' title='bbox 1439 945 1484 985; x_wconf 92' lang='lat' dir='ltr'>in</span> <span class='ocrx_word' id='word_1_73' title='bbox 1514 944 1646 985; x_wconf 90' lang='lat' dir='ltr'>caelo</span> <span class='ocrx_word' id='word_1_74' title='bbox 1675 950 1760 986; x_wconf 88' lang='lat' dir='ltr'>est.</span> 
     </span>
     <span class='ocr_line' id='line_1_10' title="bbox 275 1002 1765 1044; baseline 0.003 -13"><span class='ocrx_word' id='word_1_75' title='bbox 275 1002 387 1040; x_wconf 90' lang='lat' dir='ltr'>(Quod</span> <span class='ocrx_word' id='word_1_76' title='bbox 402 1003 595 1032; x_wconf 80' lang='lat' dir='ltr'>“thesauri&#39;&#39;</span> <span class='ocrx_word' id='word_1_77' title='bbox 612 1003 673 1032; x_wconf 87' lang='lat' dir='ltr'>sint</span> <span class='ocrx_word' id='word_1_78' title='bbox 694 1002 890 1040; x_wconf 85' lang='lat' dir='ltr'>co‘gnitiones</span> <span class='ocrx_word' id='word_1_79' title='bbox 911 1004 975 1032; x_wconf 88' lang='lat' dir='ltr'>veri</span> <span class='ocrx_word' id='word_1_80' title='bbox 997 1007 1028 1032; x_wconf 87' lang='lat' dir='ltr'>et</span> <span class='ocrx_word' id='word_1_81' title='bbox 1048 1004 1135 1039; x_wconf 78' lang='lat' dir='ltr'>boni,</span> <span class='ocrx_word' id='word_1_82' title='bbox 1157 1004 1301 1034; x_wconf 86' lang='lat' dir='ltr'>videatur</span> <span class='ocrx_word' id='word_1_83' title='bbox 1321 1013 1352 1035; x_wconf 86' lang='lat' dir='ltr'>n.</span> <span class='ocrx_word' id='word_1_84' title='bbox 1377 1005 1464 1043; x_wconf 87' lang='lat'>1694,</span> <span class='ocrx_word' id='word_1_85' title='bbox 1485 1007 1575 1043; x_wconf 86' lang='lat'><strong>4508,</strong></span> <span class='ocrx_word' id='word_1_86' title='bbox 1593 1012 1706 1044; x_wconf 85' lang='lat'>10227;</span> <span class='ocrx_word' id='word_1_87' title='bbox 1732 1009 1765 1035; x_wconf 84' lang='lat' dir='ltr'>et</span> 
     </span>
     <span class='ocr_line' id='line_1_11' title="bbox 273 1052 1762 1094; baseline 0.003 -13"><span class='ocrx_word' id='word_1_88' title='bbox 273 1053 361 1089; x_wconf 90' lang='lat' dir='ltr'>quod</span> <span class='ocrx_word' id='word_1_89' title='bbox 372 1052 512 1082; x_wconf 85' lang='lat' dir='ltr'>internus</span> <span class='ocrx_word' id='word_1_90' title='bbox 522 1053 689 1090; x_wconf 87' lang='lat' dir='ltr'>spiritualis</span> <span class='ocrx_word' id='word_1_91' title='bbox 699 1054 798 1082; x_wconf 90' lang='lat' dir='ltr'>homo</span> <span class='ocrx_word' id='word_1_92' title='bbox 809 1053 847 1082; x_wconf 87' lang='lat' dir='ltr'>sit</span> <span class='ocrx_word' id='word_1_93' title='bbox 859 1053 890 1082; x_wconf 89' lang='lat' dir='ltr'>in</span> <span class='ocrx_word' id='word_1_94' title='bbox 902 1053 999 1088; x_wconf 76' lang='lat' dir='ltr'>caelo,</span> <span class='ocrx_word' id='word_1_95' title='bbox 1011 1053 1043 1082; x_wconf 90' lang='lat' dir='ltr'>in</span> <span class='ocrx_word' id='word_1_96' title='bbox 1054 1054 1212 1083; x_wconf 71' lang='lat' dir='ltr'>Doftrina</span> <span class='ocrx_word' id='word_1_97' title='bbox 1223 1055 1334 1084; x_wconf 84' lang='lat' dir='ltr'>Novae</span> <span class='ocrx_word' id='word_1_98' title='bbox 1342 1055 1585 1094; x_wconf 79' lang='lat' dir='ltr'>Hierosolymae,</span> <span class='ocrx_word' id='word_1_99' title='bbox 1596 1064 1627 1085; x_wconf 88' lang='lat' dir='ltr'>n.</span> <span class='ocrx_word' id='word_1_100' title='bbox 1637 1055 1762 1094; x_wconf 89' lang='lat'><strong>36-50.)</strong></span> 
     </span>
    </p>
   </div>
   <div class='ocr_carea' id='block_1_8' title="bbox 275 1099 647 1154">
    <p class='ocr_par' dir='ltr' id='par_1_8' title="bbox 275 1099 647 1154">
     <span class='ocr_line' id='line_1_12' title="bbox 275 1099 647 1154; baseline 0.005 -14"><span class='ocrx_word' id='word_1_101' title='bbox 275 1099 413 1154; x_wconf 92' lang='lat' dir='ltr'>Apud</span> <span class='ocrx_word' id='word_1_102' title='bbox 439 1101 647 1149; x_wconf 87' lang='lat' dir='ltr'>eundem,</span> 
     </span>
    </p>
   </div>
   <div class='ocr_carea' id='block_1_9' title="bbox 342 1195 1765 1326">
    <p class='ocr_par' dir='ltr' id='par_1_9' title="bbox 342 1195 1765 1326">
     <span class='ocr_line' id='line_1_13' title="bbox 342 1195 1765 1238; baseline 0.003 -11"><span class='ocrx_word' id='word_1_103' title='bbox 342 1196 364 1211; x_wconf 87' lang='lat'><em>“</em></span> <span class='ocrx_word' id='word_1_104' title='bbox 374 1195 528 1236; x_wconf 85' lang='lat' dir='ltr'>Vigilate</span> <span class='ocrx_word' id='word_1_105' title='bbox 545 1206 642 1236; x_wconf 88' lang='lat' dir='ltr'>ergo,</span> <span class='ocrx_word' id='word_1_106' title='bbox 658 1196 802 1228; x_wconf 85' lang='lat' dir='ltr'>nescitis</span> <span class='ocrx_word' id='word_1_107' title='bbox 816 1197 912 1228; x_wconf 85' lang='lat' dir='ltr'>enim</span> <span class='ocrx_word' id='word_1_108' title='bbox 930 1207 999 1238; x_wconf 91' lang='lat' dir='ltr'>qua</span> <span class='ocrx_word' id='word_1_109' title='bbox 1013 1197 1104 1229; x_wconf 89' lang='lat' dir='ltr'>hora</span> <span class='ocrx_word' id='word_1_110' title='bbox 1118 1197 1295 1230; x_wconf 88' lang='lat' dir='ltr'>Dominus</span> <span class='ocrx_word' id='word_1_111' title='bbox 1310 1204 1428 1230; x_wconf 85' lang='lat' dir='ltr'>vester</span> <span class='ocrx_word' id='word_1_112' title='bbox 1441 1204 1612 1231; x_wconf 89' lang='lat' dir='ltr'>venturus</span> <span class='ocrx_word' id='word_1_113' title='bbox 1625 1204 1680 1230; x_wconf 89' lang='lat' dir='ltr'>est</span> <span class='ocrx_word' id='word_1_114' title='bbox 1693 1207 1700 1238; x_wconf 86' lang='lat'>;</span> <span class='ocrx_word' id='word_1_115' title='bbox 1724 1198 1765 1231; x_wconf 91' lang='lat' dir='ltr'>il-</span> 
     </span>
     <span class='ocr_line' id='line_1_14' title="bbox 447 1240 1761 1283; baseline 0.003 -13"><span class='ocrx_word' id='word_1_116' title='bbox 447 1240 506 1271; x_wconf 92' lang='lat' dir='ltr'>lud</span> <span class='ocrx_word' id='word_1_117' title='bbox 524 1241 740 1280; x_wconf 87' lang='lat' dir='ltr'>cognoscite,</span> <span class='ocrx_word' id='word_1_118' title='bbox 760 1240 789 1272; x_wconf 89' lang='lat' dir='ltr'>si</span> <span class='ocrx_word' id='word_1_119' title='bbox 813 1240 919 1272; x_wconf 89' lang='lat' dir='ltr'>sciret</span> <span class='ocrx_word' id='word_1_120' title='bbox 945 1241 1204 1273; x_wconf 85' lang='lat' dir='ltr'>Paterfamilias</span> <span class='ocrx_word' id='word_1_121' title='bbox 1229 1251 1298 1283; x_wconf 88' lang='lat' dir='ltr'>qua</span> <span class='ocrx_word' id='word_1_122' title='bbox 1320 1242 1410 1273; x_wconf 87' lang='lat' dir='ltr'>hora</span> <span class='ocrx_word' id='word_1_123' title='bbox 1433 1242 1490 1274; x_wconf 80' lang='lat' dir='ltr'>fur</span> <span class='ocrx_word' id='word_1_124' title='bbox 1505 1249 1677 1274; x_wconf 88' lang='lat' dir='ltr'>venturus</span> <span class='ocrx_word' id='word_1_125' title='bbox 1694 1247 1761 1282; x_wconf 89' lang='lat' dir='ltr'>est,</span> 
     </span>
     <span class='ocr_line' id='line_1_15' title="bbox 447 1280 1761 1326; baseline 0.003 -12"><span class='ocrx_word' id='word_1_126' title='bbox 447 1283 611 1323; x_wconf 84' lang='lat' dir='ltr'>vigilaret</span> <span class='ocrx_word' id='word_1_127' title='bbox 627 1284 758 1325; x_wconf 87' lang='lat' dir='ltr'>utique,</span> <span class='ocrx_word' id='word_1_128' title='bbox 778 1290 813 1316; x_wconf 88' lang='lat' dir='ltr'>et</span> <span class='ocrx_word' id='word_1_129' title='bbox 830 1294 903 1316; x_wconf 89' lang='lat' dir='ltr'>non</span> <span class='ocrx_word' id='word_1_130' title='bbox 921 1284 1054 1316; x_wconf 88' lang='lat' dir='ltr'>sineret</span> <span class='ocrx_word' id='word_1_131' title='bbox 1067 1280 1254 1325; x_wconf 78' lang='lat' dir='ltr'>perfodere</span> <span class='ocrx_word' id='word_1_132' title='bbox 1268 1285 1414 1317; x_wconf 85' lang='lat' dir='ltr'>domum</span> <span class='ocrx_word' id='word_1_133' title='bbox 1428 1296 1530 1318; x_wconf 88' lang='lat' dir='ltr'>suam</span> <span class='ocrx_word' id='word_1_134' title='bbox 1542 1285 1560 1298; x_wconf 84' lang='lat'>’&#39;</span> <span class='ocrx_word' id='word_1_135' title='bbox 1577 1286 1686 1326; x_wconf 85' lang='lat' dir='ltr'>(xxiv.</span> <span class='ocrx_word' id='word_1_136' title='bbox 1705 1294 1761 1326; x_wconf 80' lang='lat'>42,</span> 
     </span>
    </p>
   </div>
   <div class='ocr_carea' id='block_1_10' title="bbox 447 1327 524 1367">
    <p class='ocr_par' dir='ltr' id='par_1_10' title="bbox 447 1327 524 1367">
     <span class='ocr_line' id='line_1_16' title="bbox 447 1327 524 1367; baseline 0 -1"><span class='ocrx_word' id='word_1_137' title='bbox 447 1327 503 1367; x_wconf 90' lang='lat'>43)</span> <span class='ocrx_word' id='word_1_138' title='bbox 517 1336 524 1366; x_wconf 84' lang='lat'>;</span> 
     </span>
    </p>
   </div>
   <div class='ocr_carea' id='block_1_11' title="bbox 267 1415 1765 1720">
    <p class='ocr_par' dir='ltr' id='par_1_11' title="bbox 267 1415 1765 1720">
     <span class='ocr_line' id='line_1_17' title="bbox 273 1415 1761 1470; baseline 0.002 -14"><span class='ocrx_word' id='word_1_139' title='bbox 273 1429 352 1470; x_wconf 89' lang='lat' dir='ltr'>per</span> <span class='ocrx_word' id='word_1_140' title='bbox 387 1415 474 1457; x_wconf 92' lang='lat' dir='ltr'>hoc</span> <span class='ocrx_word' id='word_1_141' title='bbox 515 1415 798 1469; x_wconf 87' lang='lat' dir='ltr'>intelligitur,</span> <span class='ocrx_word' id='word_1_142' title='bbox 838 1417 873 1457; x_wconf 93' lang='lat' dir='ltr'>si</span> <span class='ocrx_word' id='word_1_143' title='bbox 910 1416 1045 1458; x_wconf 89' lang='lat' dir='ltr'>sciret</span> <span class='ocrx_word' id='word_1_144' title='bbox 1077 1416 1216 1458; x_wconf 91' lang='lat' dir='ltr'>homo</span> <span class='ocrx_word' id='word_1_145' title='bbox 1252 1416 1411 1458; x_wconf 87' lang='lat' dir='ltr'>horam</span> <span class='ocrx_word' id='word_1_146' title='bbox 1444 1418 1604 1459; x_wconf 89' lang='lat' dir='ltr'>mortis</span> <span class='ocrx_word' id='word_1_147' title='bbox 1639 1431 1761 1468; x_wconf 88' lang='lat' dir='ltr'>suae,</span> 
     </span>
     <span class='ocr_line' id='line_1_18' title="bbox 273 1479 1761 1533; baseline 0.002 -14"><span class='ocrx_word' id='word_1_148' title='bbox 273 1479 393 1532; x_wconf 92' lang='lat' dir='ltr'>quod</span> <span class='ocrx_word' id='word_1_149' title='bbox 418 1479 598 1533; x_wconf 93' lang='lat' dir='ltr'>quidem</span> <span class='ocrx_word' id='word_1_150' title='bbox 621 1485 909 1533; x_wconf 85' lang='lat' dir='ltr'>praepararet</span> <span class='ocrx_word' id='word_1_151' title='bbox 931 1493 993 1528; x_wconf 91' lang='lat' dir='ltr'>se,</span> <span class='ocrx_word' id='word_1_152' title='bbox 1013 1485 1060 1520; x_wconf 89' lang='lat' dir='ltr'>at</span> <span class='ocrx_word' id='word_1_153' title='bbox 1088 1493 1178 1520; x_wconf 90' lang='lat' dir='ltr'>non</span> <span class='ocrx_word' id='word_1_154' title='bbox 1201 1493 1260 1521; x_wconf 86' lang='lat' dir='ltr'>ex</span> <span class='ocrx_word' id='word_1_155' title='bbox 1283 1493 1435 1522; x_wconf 87' lang='lat' dir='ltr'>amore</span> <span class='ocrx_word' id='word_1_156' title='bbox 1457 1481 1549 1522; x_wconf 89' lang='lat' dir='ltr'>veri</span> <span class='ocrx_word' id='word_1_157' title='bbox 1575 1486 1622 1522; x_wconf 92' lang='lat' dir='ltr'>et</span> <span class='ocrx_word' id='word_1_158' title='bbox 1639 1481 1761 1530; x_wconf 89' lang='lat' dir='ltr'>boni,</span> 
     </span>
     <span class='ocr_line' id='line_1_19' title="bbox 273 1542 1761 1597; baseline 0.001 -15"><span class='ocrx_word' id='word_1_159' title='bbox 273 1542 353 1583; x_wconf 89' lang='lat' dir='ltr'>sed</span> <span class='ocrx_word' id='word_1_160' title='bbox 379 1555 439 1583; x_wconf 86' lang='lat' dir='ltr'>ex</span> <span class='ocrx_word' id='word_1_161' title='bbox 466 1543 628 1583; x_wconf 88' lang='lat' dir='ltr'>timore</span> <span class='ocrx_word' id='word_1_162' title='bbox 659 1542 843 1593; x_wconf 88' lang='lat' dir='ltr'>inferni;</span> <span class='ocrx_word' id='word_1_163' title='bbox 877 1548 923 1583; x_wconf 88' lang='lat' dir='ltr'>et</span> <span class='ocrx_word' id='word_1_164' title='bbox 955 1542 1165 1596; x_wconf 90' lang='lat' dir='ltr'>quicquid</span> <span class='ocrx_word' id='word_1_165' title='bbox 1196 1542 1335 1584; x_wconf 90' lang='lat' dir='ltr'>homo</span> <span class='ocrx_word' id='word_1_166' title='bbox 1366 1557 1425 1584; x_wconf 87' lang='lat' dir='ltr'>ex</span> <span class='ocrx_word' id='word_1_167' title='bbox 1457 1544 1618 1584; x_wconf 89' lang='lat' dir='ltr'>timore</span> <span class='ocrx_word' id='word_1_168' title='bbox 1650 1543 1761 1597; x_wconf 88' lang='lat' dir='ltr'>agit,</span> 
     </span>
     <span class='ocr_line' id='line_1_20' title="bbox 272 1605 1765 1663; baseline 0.001 -17"><span class='ocrx_word' id='word_1_169' title='bbox 272 1605 360 1646; x_wconf 94' lang='lat' dir='ltr'>hoc</span> <span class='ocrx_word' id='word_1_170' title='bbox 383 1618 474 1646; x_wconf 90' lang='lat' dir='ltr'>non</span> <span class='ocrx_word' id='word_1_171' title='bbox 496 1611 650 1646; x_wconf 87' lang='lat' dir='ltr'>manet</span> <span class='ocrx_word' id='word_1_172' title='bbox 673 1606 791 1659; x_wconf 89' lang='lat' dir='ltr'>apud</span> <span class='ocrx_word' id='word_1_173' title='bbox 814 1605 954 1655; x_wconf 87' lang='lat' dir='ltr'>illum,</span> <span class='ocrx_word' id='word_1_174' title='bbox 973 1605 1052 1646; x_wconf 91' lang='lat' dir='ltr'>sed</span> <span class='ocrx_word' id='word_1_175' title='bbox 1076 1605 1196 1659; x_wconf 91' lang='lat' dir='ltr'>quod</span> <span class='ocrx_word' id='word_1_176' title='bbox 1218 1619 1278 1646; x_wconf 86' lang='lat' dir='ltr'>ex</span> <span class='ocrx_word' id='word_1_177' title='bbox 1296 1618 1464 1656; x_wconf 89' lang='lat' dir='ltr'>amore,</span> <span class='ocrx_word' id='word_1_178' title='bbox 1489 1611 1765 1663; x_wconf 82' lang='lat' dir='ltr'>quapropter</span> 
     </span>
     <span class='ocr_line' id='line_1_21' title="bbox 267 1666 1764 1720; baseline 0.001 -13"><span class='ocrx_word' id='word_1_179' title='bbox 267 1666 438 1720; x_wconf 75' lang='lat' dir='ltr'>jugiter</span> <span class='ocrx_word' id='word_1_180' title='bbox 454 1680 502 1707; x_wconf 79' lang='lat' dir='ltr'>se</span> <span class='ocrx_word' id='word_1_181' title='bbox 527 1666 818 1720; x_wconf 77' lang='lat' dir='ltr'>praeparabit</span> <span class='ocrx_word' id='word_1_182' title='bbox 837 1677 996 1715; x_wconf 88' lang='lat' dir='ltr'>(videatur</span> <span class='ocrx_word' id='word_1_183' title='bbox 1008 1677 1165 1707; x_wconf 74' lang='lat' dir='ltr'>Doc‘trina</span> <span class='ocrx_word' id='word_1_184' title='bbox 1176 1678 1286 1707; x_wconf 86' lang='lat' dir='ltr'>Novae</span> <span class='ocrx_word' id='word_1_185' title='bbox 1295 1677 1538 1716; x_wconf 56' lang='lat' dir='ltr'>Hierosolyma,</span> <span class='ocrx_word' id='word_1_186' title='bbox 1551 1687 1582 1708; x_wconf 91' lang='lat' dir='ltr'>n.</span> <span class='ocrx_word' id='word_1_187' title='bbox 1597 1685 1665 1715; x_wconf 82' lang='lat'>143.</span> <span class='ocrx_word' id='word_1_188' title='bbox 1680 1677 1764 1717; x_wconf 66' lang='lat'>168).</span> 
     </span>
    </p>
   </div>
   <div class='ocr_carea' id='block_1_12' title="bbox 273 1727 672 1782">
    <p class='ocr_par' dir='ltr' id='par_1_12' title="bbox 273 1727 672 1782">
     <span class='ocr_line' id='line_1_22' title="bbox 273 1727 672 1782; baseline 0.003 -14"><span class='ocrx_word' id='word_1_189' title='bbox 273 1727 412 1782; x_wconf 94' lang='lat' dir='ltr'>Apud</span> <span class='ocrx_word' id='word_1_190' title='bbox 442 1727 672 1778; x_wconf 84' lang='lat' dir='ltr'>Obadz&#39;am,</span> 
     </span>
    </p>
   </div>
   <div class='ocr_carea' id='block_1_13' title="bbox 341 1822 1764 1909">
    <p class='ocr_par' dir='ltr' id='par_1_13' title="bbox 341 1822 1764 1909">
     <span class='ocr_line' id='line_1_23' title="bbox 341 1822 1764 1866; baseline 0.001 -11"><span class='ocrx_word' id='word_1_191' title='bbox 341 1825 363 1839; x_wconf 79' lang='lat'>‘⁸</span> <span class='ocrx_word' id='word_1_192' title='bbox 374 1824 409 1856; x_wconf 91' lang='lat' dir='ltr'>Si</span> <span class='ocrx_word' id='word_1_193' title='bbox 427 1824 523 1855; x_wconf 74' lang='lat' dir='ltr'>{ures</span> <span class='ocrx_word' id='word_1_194' title='bbox 536 1824 699 1856; x_wconf 87' lang='lat' dir='ltr'>venerint</span> <span class='ocrx_word' id='word_1_195' title='bbox 716 1824 790 1860; x_wconf 78' lang='lat' dir='ltr'>tibi.</span> <span class='ocrx_word' id='word_1_196' title='bbox 805 1824 835 1855; x_wconf 89' lang='lat' dir='ltr'>si</span> <span class='ocrx_word' id='word_1_197' title='bbox 853 1834 1038 1856; x_wconf 89' lang='lat' dir='ltr'>eversores</span> <span class='ocrx_word' id='word_1_198' title='bbox 1056 1822 1176 1863; x_wconf 59' lang='lat' dir='ltr'>noctu,</span> <span class='ocrx_word' id='word_1_199' title='bbox 1191 1824 1371 1866; x_wconf 90' lang='lat' dir='ltr'>quomodo</span> <span class='ocrx_word' id='word_1_200' title='bbox 1388 1824 1529 1857; x_wconf 84' lang='lat' dir='ltr'>excisus</span> <span class='ocrx_word' id='word_1_201' title='bbox 1546 1824 1627 1863; x_wconf 89' lang='lat' dir='ltr'>eris,</span> <span class='ocrx_word' id='word_1_202' title='bbox 1642 1833 1764 1857; x_wconf 86' lang='lat' dir='ltr'>nonne</span> 
     </span>
     <span class='ocr_line' id='line_1_24' title="bbox 446 1867 1194 1909; baseline 0.003 -10"><span class='ocrx_word' id='word_1_203' title='bbox 446 1868 658 1900; x_wconf 78' lang='lat' dir='ltr'>furabuntur</span> <span class='ocrx_word' id='word_1_204' title='bbox 674 1868 767 1909; x_wconf 90' lang='lat' dir='ltr'>quod</span> <span class='ocrx_word' id='word_1_205' title='bbox 784 1868 853 1900; x_wconf 91' lang='lat' dir='ltr'>illis</span> <span class='ocrx_word' id='word_1_206' title='bbox 870 1868 956 1900; x_wconf 83' lang='lat' dir='ltr'>satis</span> <span class='ocrx_word' id='word_1_207' title='bbox 966 1868 1000 1901; x_wconf 78' lang='lat'>?&#39;’</span> <span class='ocrx_word' id='word_1_208' title='bbox 1017 1867 1122 1908; x_wconf 88' lang='lat' dir='ltr'>(vers.</span> <span class='ocrx_word' id='word_1_209' title='bbox 1139 1876 1155 1908; x_wconf 87' lang='lat'><strong>5</strong></span> <span class='ocrx_word' id='word_1_210' title='bbox 1171 1867 1194 1908; x_wconf 91' lang='grc'>;)</span> 
     </span>
    </p>
   </div>
   <div class='ocr_carea' id='block_1_14' title="bbox 272 1955 1762 2200">
    <p class='ocr_par' dir='ltr' id='par_1_14' title="bbox 272 1955 1762 2200">
     <span class='ocr_line' id='line_1_25' title="bbox 272 1955 1762 2005; baseline -0.001 -8"><span class='ocrx_word' id='word_1_211' title='bbox 272 1955 343 1997; x_wconf 92' lang='lat' dir='ltr'>hic</span> <span class='ocrx_word' id='word_1_212' title='bbox 371 1956 509 1997; x_wconf 87' lang='lat' dir='ltr'>etiam</span> <span class='ocrx_word' id='word_1_213' title='bbox 534 1955 646 1997; x_wconf 86' lang='lat' dir='ltr'>falsa</span> <span class='ocrx_word' id='word_1_214' title='bbox 671 1962 718 1997; x_wconf 91' lang='lat' dir='ltr'>et</span> <span class='ocrx_word' id='word_1_215' title='bbox 745 1955 865 1997; x_wconf 87' lang='lat' dir='ltr'>mala</span> <span class='ocrx_word' id='word_1_216' title='bbox 885 1962 1107 1997; x_wconf 89' lang='lat' dir='ltr'>vocantur</span> <span class='ocrx_word' id='word_1_217' title='bbox 1135 1955 1329 2005; x_wconf 88' lang='lat' dir='ltr'>“fures,&#39;&#39;</span> <span class='ocrx_word' id='word_1_218' title='bbox 1351 1961 1397 1997; x_wconf 92' lang='lat' dir='ltr'>et</span> <span class='ocrx_word' id='word_1_219' title='bbox 1421 1955 1630 1997; x_wconf 90' lang='lat' dir='ltr'>dicuntur</span> <span class='ocrx_word' id='word_1_220' title='bbox 1658 1955 1762 1997; x_wconf 89' lang='lat' dir='ltr'>“fu-</span> 
     </span>
     <span class='ocr_line' id='line_1_26' title="bbox 272 2016 1762 2070; baseline -0.001 -10"><span class='ocrx_word' id='word_1_221' title='bbox 272 2019 357 2060; x_wconf 87' lang='lat' dir='ltr'>rari</span> <span class='ocrx_word' id='word_1_222' title='bbox 375 2018 409 2070; x_wconf 90' lang='lat'>;”</span> <span class='ocrx_word' id='word_1_223' title='bbox 440 2019 552 2060; x_wconf 87' lang='lat' dir='ltr'>salsa</span> <span class='ocrx_word' id='word_1_224' title='bbox 586 2018 779 2068; x_wconf 80' lang='lat' dir='ltr'>“sures,”</span> <span class='ocrx_word' id='word_1_225' title='bbox 806 2025 852 2060; x_wconf 90' lang='lat' dir='ltr'>et</span> <span class='ocrx_word' id='word_1_226' title='bbox 884 2018 1005 2060; x_wconf 84' lang='lat' dir='ltr'>mala</span> <span class='ocrx_word' id='word_1_227' title='bbox 1033 2022 1303 2060; x_wconf 87' lang='lat' dir='ltr'>“eversores</span> <span class='ocrx_word' id='word_1_228' title='bbox 1334 2016 1522 2070; x_wconf 71' lang='lat' dir='ltr'>no&amp;u;&#39;’</span> <span class='ocrx_word' id='word_1_229' title='bbox 1557 2016 1762 2060; x_wconf 70' lang='lat' dir='ltr'>“noctu&#39;’</span> 
     </span>
     <span class='ocr_line' id='line_1_27' title="bbox 272 2081 1761 2137; baseline -0.001 -14"><span class='ocrx_word' id='word_1_230' title='bbox 272 2083 447 2132; x_wconf 89' lang='lat' dir='ltr'>dicitur,</span> <span class='ocrx_word' id='word_1_231' title='bbox 467 2084 570 2137; x_wconf 89' lang='lat' dir='ltr'>quia</span> <span class='ocrx_word' id='word_1_232' title='bbox 589 2086 614 2103; x_wconf 91' lang='lat'><strong>“</strong></span> <span class='ocrx_word' id='word_1_233' title='bbox 627 2082 752 2123; x_wconf 86' lang='lat' dir='ltr'>nox&#39;&#39;</span> <span class='ocrx_word' id='word_1_234' title='bbox 770 2082 994 2136; x_wconf 86' lang='lat' dir='ltr'>significat</span> <span class='ocrx_word' id='word_1_235' title='bbox 1013 2088 1185 2124; x_wconf 87' lang='lat' dir='ltr'>statum</span> <span class='ocrx_word' id='word_1_236' title='bbox 1204 2081 1367 2123; x_wconf 91' lang='lat' dir='ltr'>nullius</span> <span class='ocrx_word' id='word_1_237' title='bbox 1389 2082 1556 2123; x_wconf 81' lang='lat' dir='ltr'>amoris</span> <span class='ocrx_word' id='word_1_238' title='bbox 1575 2088 1621 2123; x_wconf 91' lang='lat' dir='ltr'>et</span> <span class='ocrx_word' id='word_1_239' title='bbox 1644 2081 1761 2123; x_wconf 90' lang='lat' dir='ltr'>fidei.</span> 
     </span>
     <span class='ocr_line' id='line_1_28' title="bbox 273 2145 623 2200; baseline 0 -14"><span class='ocrx_word' id='word_1_240' title='bbox 273 2145 412 2200; x_wconf 92' lang='lat' dir='ltr'>Apud</span> <span class='ocrx_word' id='word_1_241' title='bbox 438 2146 623 2195; x_wconf 82' lang='lat' dir='ltr'>Joelem,</span> 
     </span>
    </p>
   </div>
   <div class='ocr_carea' id='block_1_15' title="bbox 342 2241 1765 2328">
    <p class='ocr_par' dir='ltr' id='par_1_15' title="bbox 342 2241 1765 2328">
     <span class='ocr_line' id='line_1_29' title="bbox 342 2241 1765 2283; baseline -0.002 -7"><span class='ocrx_word' id='word_1_242' title='bbox 342 2246 363 2260; x_wconf 83' lang='lat'>‘¹</span> <span class='ocrx_word' id='word_1_243' title='bbox 378 2244 418 2276; x_wconf 91' lang='lat' dir='ltr'>In</span> <span class='ocrx_word' id='word_1_244' title='bbox 442 2245 529 2276; x_wconf 89' lang='lat' dir='ltr'>urbe</span> <span class='ocrx_word' id='word_1_245' title='bbox 546 2244 755 2281; x_wconf 87' lang='lat' dir='ltr'>discurrent,</span> <span class='ocrx_word' id='word_1_246' title='bbox 777 2243 812 2274; x_wconf 91' lang='lat' dir='ltr'>in</span> <span class='ocrx_word' id='word_1_247' title='bbox 831 2253 933 2274; x_wconf 88' lang='lat' dir='ltr'>muro</span> <span class='ocrx_word' id='word_1_248' title='bbox 951 2248 1104 2279; x_wconf 81' lang='lat' dir='ltr'>current.</span> <span class='ocrx_word' id='word_1_249' title='bbox 1125 2243 1161 2274; x_wconf 89' lang='lat' dir='ltr'>in</span> <span class='ocrx_word' id='word_1_250' title='bbox 1187 2243 1315 2274; x_wconf 90' lang='lat' dir='ltr'>domos</span> <span class='ocrx_word' id='word_1_251' title='bbox 1332 2241 1539 2278; x_wconf 83' lang='lat' dir='ltr'>ascendent,</span> <span class='ocrx_word' id='word_1_252' title='bbox 1561 2251 1624 2283; x_wconf 88' lang='lat' dir='ltr'>per</span> <span class='ocrx_word' id='word_1_253' title='bbox 1646 2241 1765 2274; x_wconf 83' lang='lat' dir='ltr'>fenes-</span> 
     </span>
     <span class='ocr_line' id='line_1_30' title="bbox 445 2285 1108 2328; baseline -0.003 -9"><span class='ocrx_word' id='word_1_254' title='bbox 445 2294 518 2319; x_wconf 86' lang='lat' dir='ltr'>tras</span> <span class='ocrx_word' id='word_1_255' title='bbox 535 2288 762 2328; x_wconf 87' lang='lat' dir='ltr'>egredientur</span> <span class='ocrx_word' id='word_1_256' title='bbox 778 2287 868 2318; x_wconf 89' lang='lat' dir='ltr'>sicut</span> <span class='ocrx_word' id='word_1_257' title='bbox 885 2286 970 2318; x_wconf 81' lang='lat' dir='ltr'>fur”</span> <span class='ocrx_word' id='word_1_258' title='bbox 987 2286 1036 2327; x_wconf 85' lang='lat' dir='ltr'>(ii.</span> <span class='ocrx_word' id='word_1_259' title='bbox 1053 2285 1086 2327; x_wconf 83' lang='lat'>9)</span> <span class='ocrx_word' id='word_1_260' title='bbox 1101 2295 1108 2326; x_wconf 87' lang='lat'>;</span> 
     </span>
    </p>
   </div>
   <div class='ocr_carea' id='block_1_16' title="bbox 271 2371 1763 2617">
    <p class='ocr_par' dir='ltr' id='par_1_16' title="bbox 271 2371 1763 2617">
     <span class='ocr_line' id='line_1_31' title="bbox 272 2371 1763 2432; baseline -0.004 -13"><span class='ocrx_word' id='word_1_261' title='bbox 272 2378 422 2432; x_wconf 85' lang='lat' dir='ltr'>agitur</span> <span class='ocrx_word' id='word_1_262' title='bbox 438 2377 497 2418; x_wconf 92' lang='lat' dir='ltr'>ibi</span> <span class='ocrx_word' id='word_1_263' title='bbox 515 2376 571 2417; x_wconf 91' lang='lat' dir='ltr'>de</span> <span class='ocrx_word' id='word_1_264' title='bbox 587 2376 846 2416; x_wconf 87' lang='lat' dir='ltr'>vastatione</span> <span class='ocrx_word' id='word_1_265' title='bbox 864 2374 1082 2416; x_wconf 82' lang='lat' dir='ltr'>ecclesiae</span> <span class='ocrx_word' id='word_1_266' title='bbox 1100 2388 1178 2428; x_wconf 89' lang='lat' dir='ltr'>per</span> <span class='ocrx_word' id='word_1_267' title='bbox 1196 2374 1307 2415; x_wconf 85' lang='lat' dir='ltr'>falsa</span> <span class='ocrx_word' id='word_1_268' title='bbox 1329 2388 1388 2415; x_wconf 85' lang='lat' dir='ltr'>ex</span> <span class='ocrx_word' id='word_1_269' title='bbox 1411 2373 1532 2414; x_wconf 88' lang='lat' dir='ltr'>malo</span> <span class='ocrx_word' id='word_1_270' title='bbox 1549 2387 1558 2425; x_wconf 87' lang='lat'>;</span> <span class='ocrx_word' id='word_1_271' title='bbox 1589 2376 1614 2394; x_wconf 90' lang='lat'><strong>“</strong></span> <span class='ocrx_word' id='word_1_272' title='bbox 1627 2373 1730 2414; x_wconf 91' lang='lat' dir='ltr'>urbs</span> <span class='ocrx_word' id='word_1_273' title='bbox 1741 2371 1763 2393; x_wconf 79' lang='lat'>’²</span> 
     </span>
     <span class='ocr_line' id='line_1_32' title="bbox 272 2435 1763 2491; baseline -0.003 -10"><span class='ocrx_word' id='word_1_274' title='bbox 272 2447 318 2482; x_wconf 92' lang='lat' dir='ltr'>et</span> <span class='ocrx_word' id='word_1_275' title='bbox 337 2438 556 2480; x_wconf 82' lang='lat' dir='ltr'>“murus&#39;&#39;</span> <span class='ocrx_word' id='word_1_276' title='bbox 571 2438 827 2491; x_wconf 85' lang='lat' dir='ltr'>significant</span> <span class='ocrx_word' id='word_1_277' title='bbox 842 2437 919 2478; x_wconf 86' lang='lat' dir='ltr'>illa</span> <span class='ocrx_word' id='word_1_278' title='bbox 933 2451 1047 2491; x_wconf 85' lang='lat' dir='ltr'>quae</span> <span class='ocrx_word' id='word_1_279' title='bbox 1065 2443 1169 2478; x_wconf 83' lang='lat' dir='ltr'>sunt</span> <span class='ocrx_word' id='word_1_280' title='bbox 1185 2435 1416 2478; x_wconf 70' lang='lat' dir='ltr'>doctrinae</span> <span class='ocrx_word' id='word_1_281' title='bbox 1434 2451 1443 2488; x_wconf 95' lang='lat'>;</span> <span class='ocrx_word' id='word_1_282' title='bbox 1471 2439 1496 2457; x_wconf 90' lang='lat'><em>“</em></span> <span class='ocrx_word' id='word_1_283' title='bbox 1509 2435 1700 2477; x_wconf 89' lang='lat' dir='ltr'>domus&#39;’</span> <span class='ocrx_word' id='word_1_284' title='bbox 1714 2441 1763 2477; x_wconf 89' lang='lat' dir='ltr'>et</span> 
     </span>
     <span class='ocr_line' id='line_1_33' title="bbox 275 2497 1762 2554; baseline -0.003 -11"><span class='ocrx_word' id='word_1_285' title='bbox 275 2501 567 2543; x_wconf 87' lang='lat' dir='ltr'>“fenestrae”</span> <span class='ocrx_word' id='word_1_286' title='bbox 593 2500 670 2541; x_wconf 88' lang='lat' dir='ltr'>illa</span> <span class='ocrx_word' id='word_1_287' title='bbox 701 2514 815 2554; x_wconf 88' lang='lat' dir='ltr'>quae</span> <span class='ocrx_word' id='word_1_288' title='bbox 848 2506 952 2541; x_wconf 90' lang='lat' dir='ltr'>sunt</span> <span class='ocrx_word' id='word_1_289' title='bbox 984 2500 1150 2541; x_wconf 87' lang='lat' dir='ltr'>mentis</span> <span class='ocrx_word' id='word_1_290' title='bbox 1183 2513 1297 2553; x_wconf 88' lang='lat' dir='ltr'>quae</span> <span class='ocrx_word' id='word_1_291' title='bbox 1328 2499 1501 2552; x_wconf 89' lang='lat' dir='ltr'>recipit,</span> <span class='ocrx_word' id='word_1_292' title='bbox 1532 2497 1762 2539; x_wconf 84' lang='lat' dir='ltr'>“domus&#39;&#39;</span> 
     </span>
     <span class='ocr_line' id='line_1_34' title="bbox 271 2561 1762 2617; baseline -0.003 -11"><span class='ocrx_word' id='word_1_293' title='bbox 271 2565 382 2607; x_wconf 93' lang='lat' dir='ltr'>illud</span> <span class='ocrx_word' id='word_1_294' title='bbox 409 2565 574 2605; x_wconf 90' lang='lat' dir='ltr'>mentis</span> <span class='ocrx_word' id='word_1_295' title='bbox 600 2564 719 2617; x_wconf 92' lang='lat' dir='ltr'>quod</span> <span class='ocrx_word' id='word_1_296' title='bbox 745 2569 935 2604; x_wconf 84' lang='lat' dir='ltr'>vocatur</span> <span class='ocrx_word' id='word_1_297' title='bbox 960 2562 1173 2603; x_wconf 87' lang='lat' dir='ltr'>voluntas</span> <span class='ocrx_word' id='word_1_298' title='bbox 1199 2562 1272 2602; x_wconf 88' lang='lat' dir='ltr'>ubi</span> <span class='ocrx_word' id='word_1_299' title='bbox 1294 2562 1477 2611; x_wconf 89' lang='lat' dir='ltr'>bonum,</span> <span class='ocrx_word' id='word_1_300' title='bbox 1501 2568 1547 2602; x_wconf 89' lang='lat' dir='ltr'>et</span> <span class='ocrx_word' id='word_1_301' title='bbox 1573 2561 1762 2602; x_wconf 90' lang='lat' dir='ltr'>“fenes-</span> 
     </span>
    </p>
   </div>
   <div class='ocr_carea' id='block_1_17' title="bbox 272 2623 1759 2680">
    <p class='ocr_par' dir='ltr' id='par_1_17' title="bbox 272 2623 1759 2680">
     <span class='ocr_line' id='line_1_35' title="bbox 272 2623 1759 2680; baseline -0.003 -10"><span class='ocrx_word' id='word_1_302' title='bbox 272 2628 400 2670; x_wconf 86' lang='lat' dir='ltr'>trae’&#39;</span> <span class='ocrx_word' id='word_1_303' title='bbox 436 2627 546 2669; x_wconf 93' lang='lat' dir='ltr'>illud</span> <span class='ocrx_word' id='word_1_304' title='bbox 586 2627 752 2667; x_wconf 89' lang='lat' dir='ltr'>mentis</span> <span class='ocrx_word' id='word_1_305' title='bbox 793 2626 913 2680; x_wconf 91' lang='lat' dir='ltr'>quod</span> <span class='ocrx_word' id='word_1_306' title='bbox 949 2631 1139 2666; x_wconf 88' lang='lat' dir='ltr'>vocatur</span> <span class='ocrx_word' id='word_1_307' title='bbox 1182 2623 1441 2666; x_wconf 68' lang='lat' dir='ltr'>intellectus</span> <span class='ocrx_word' id='word_1_308' title='bbox 1481 2624 1555 2665; x_wconf 91' lang='lat' dir='ltr'>ubi</span> <span class='ocrx_word' id='word_1_309' title='bbox 1590 2637 1759 2666; x_wconf 89' lang='lat' dir='ltr'>verum.</span> 
     </span>
    </p>
   </div>
   <div class='ocr_carea' id='block_1_18' title="bbox 270 2685 1761 2776">
    <p class='ocr_par' dir='ltr' id='par_1_18' title="bbox 270 2685 1761 2776">
     <span class='ocr_line' id='line_1_36' title="bbox 273 2685 1758 2729; baseline -0.003 -9"><span class='ocrx_word' id='word_1_310' title='bbox 273 2691 386 2729; x_wconf 91' lang='lat' dir='ltr'>(Quod</span> <span class='ocrx_word' id='word_1_311' title='bbox 397 2694 414 2705; x_wconf 84' lang='lat'>¹¹</span> <span class='ocrx_word' id='word_1_312' title='bbox 424 2690 524 2719; x_wconf 88' lang='lat' dir='ltr'>urbs&#39;¹</span> <span class='ocrx_word' id='word_1_313' title='bbox 541 2690 574 2718; x_wconf 92' lang='lat' dir='ltr'>in</span> <span class='ocrx_word' id='word_1_314' title='bbox 584 2690 692 2718; x_wconf 93' lang='lat' dir='ltr'>Verbo</span> <span class='ocrx_word' id='word_1_315' title='bbox 707 2689 745 2718; x_wconf 90' lang='lat' dir='ltr'>sit</span> <span class='ocrx_word' id='word_1_316' title='bbox 759 2689 913 2723; x_wconf 68' lang='lat' dir='ltr'>doctrina,</span> <span class='ocrx_word' id='word_1_317' title='bbox 928 2688 1072 2717; x_wconf 86' lang='lat' dir='ltr'>videatur</span> <span class='ocrx_word' id='word_1_318' title='bbox 1082 2697 1113 2718; x_wconf 90' lang='lat' dir='ltr'>n.</span> <span class='ocrx_word' id='word_1_319' title='bbox 1128 2697 1198 2725; x_wconf 87' lang='lat'>402¹</span> <span class='ocrx_word' id='word_1_320' title='bbox 1215 2685 1335 2725; x_wconf 82' lang='lat'>[¹12449,</span> <span class='ocrx_word' id='word_1_321' title='bbox 1352 2695 1440 2723; x_wconf 92' lang='grc'>2712,</span> <span class='ocrx_word' id='word_1_322' title='bbox 1457 2695 1547 2724; x_wconf 88' lang='grc'>2943,</span> <span class='ocrx_word' id='word_1_323' title='bbox 1563 2687 1652 2724; x_wconf 89' lang='grc'>3216,</span> <span class='ocrx_word' id='word_1_324' title='bbox 1668 2695 1758 2724; x_wconf 86' lang='grc'>4492,</span> 
     </span>
     <span class='ocr_line' id='line_1_37' title="bbox 270 2732 1761 2776; baseline -0.002 -10"><span class='ocrx_word' id='word_1_325' title='bbox 270 2747 367 2776; x_wconf 81' lang='lat'>4493;</span> <span class='ocrx_word' id='word_1_326' title='bbox 390 2737 478 2775; x_wconf 91' lang='lat' dir='ltr'>quod</span> <span class='ocrx_word' id='word_1_327' title='bbox 493 2739 510 2751; x_wconf 85' lang='lat'>&#39;‘</span> <span class='ocrx_word' id='word_1_328' title='bbox 520 2745 629 2765; x_wconf 88' lang='lat' dir='ltr'>murus</span> <span class='ocrx_word' id='word_1_329' title='bbox 639 2736 655 2745; x_wconf 79' lang='lat'>&#39;&#39;</span> <span class='ocrx_word' id='word_1_330' title='bbox 671 2736 710 2764; x_wconf 91' lang='lat' dir='ltr'>sit</span> <span class='ocrx_word' id='word_1_331' title='bbox 724 2744 833 2764; x_wconf 89' lang='lat' dir='ltr'>verum</span> <span class='ocrx_word' id='word_1_332' title='bbox 855 2735 1018 2764; x_wconf 64' lang='lat' dir='ltr'>doetrinae</span> <span class='ocrx_word' id='word_1_333' title='bbox 1039 2739 1154 2769; x_wconf 83' lang='lat' dir='ltr'>tutans,</span> <span class='ocrx_word' id='word_1_334' title='bbox 1169 2743 1200 2764; x_wconf 89' lang='lat' dir='ltr'>n.</span> <span class='ocrx_word' id='word_1_335' title='bbox 1216 2734 1311 2771; x_wconf 85' lang='lat'>6419;</span> <span class='ocrx_word' id='word_1_336' title='bbox 1335 2734 1423 2771; x_wconf 89' lang='lat' dir='ltr'>quod</span> <span class='ocrx_word' id='word_1_337' title='bbox 1438 2736 1455 2747; x_wconf 88' lang='lat'>‘¹</span> <span class='ocrx_word' id='word_1_338' title='bbox 1466 2732 1607 2762; x_wconf 86' lang='lat' dir='ltr'>domus&#39;&#39;</span> <span class='ocrx_word' id='word_1_339' title='bbox 1623 2733 1663 2762; x_wconf 88' lang='lat' dir='ltr'>sit</span> <span class='ocrx_word' id='word_1_340' title='bbox 1683 2733 1761 2763; x_wconf 89' lang='lat' dir='ltr'>illud</span> 
     </span>
    </p>
   </div>
   <div class='ocr_carea' id='block_1_19' title="bbox 271 2780 1761 2869">
    <p class='ocr_par' dir='ltr' id='par_1_19' title="bbox 271 2780 1761 2869">
     <span class='ocr_line' id='line_1_38' title="bbox 271 2780 1759 2822; baseline -0.004 -8"><span class='ocrx_word' id='word_1_341' title='bbox 271 2785 384 2814; x_wconf 90' lang='lat' dir='ltr'>mentis</span> <span class='ocrx_word' id='word_1_342' title='bbox 405 2784 494 2822; x_wconf 93' lang='lat' dir='ltr'>quod</span> <span class='ocrx_word' id='word_1_343' title='bbox 514 2787 645 2812; x_wconf 84' lang='lat' dir='ltr'>vocatur</span> <span class='ocrx_word' id='word_1_344' title='bbox 665 2783 810 2812; x_wconf 83' lang='lat' dir='ltr'>voluntas</span> <span class='ocrx_word' id='word_1_345' title='bbox 831 2783 886 2811; x_wconf 90' lang='lat' dir='ltr'>ubi</span> <span class='ocrx_word' id='word_1_346' title='bbox 906 2783 1038 2816; x_wconf 89' lang='lat' dir='ltr'>bonum,</span> <span class='ocrx_word' id='word_1_347' title='bbox 1060 2791 1091 2811; x_wconf 90' lang='lat' dir='ltr'>n.</span> <span class='ocrx_word' id='word_1_348' title='bbox 1108 2780 1232 2818; x_wconf 80' lang='lat'><strong>[²12231‚</strong></span> <span class='ocrx_word' id='word_1_349' title='bbox 1251 2790 1340 2818; x_wconf 85' lang='grc'>2233,</span> <span class='ocrx_word' id='word_1_350' title='bbox 1356 2787 1445 2818; x_wconf 82' lang='grc'>2559,</span> <span class='ocrx_word' id='word_1_351' title='bbox 1460 2780 1549 2818; x_wconf 85' lang='grc'>3128,</span> <span class='ocrx_word' id='word_1_352' title='bbox 1566 2787 1654 2817; x_wconf 82' lang='grc'>5023,</span> <span class='ocrx_word' id='word_1_353' title='bbox 1670 2780 1759 2818; x_wconf 82' lang='grc'>6690,</span> 
     </span>
     <span class='ocr_line' id='line_1_39' title="bbox 271 2826 1761 2869; baseline -0.003 -9"><span class='ocrx_word' id='word_1_354' title='bbox 271 2838 360 2869; x_wconf 86' lang='grc'>7353,</span> <span class='ocrx_word' id='word_1_355' title='bbox 375 2839 465 2869; x_wconf 89' lang='lat'>7910,</span> <span class='ocrx_word' id='word_1_356' title='bbox 480 2840 570 2868; x_wconf 86' lang='lat'>7929¹</span> <span class='ocrx_word' id='word_1_357' title='bbox 585 2837 680 2868; x_wconf 75' lang='lat'>9150:</span> <span class='ocrx_word' id='word_1_358' title='bbox 714 2834 745 2858; x_wconf 90' lang='lat' dir='ltr'>et</span> <span class='ocrx_word' id='word_1_359' title='bbox 766 2830 855 2866; x_wconf 91' lang='lat' dir='ltr'>quod</span> <span class='ocrx_word' id='word_1_360' title='bbox 876 2828 1083 2858; x_wconf 79' lang='lat' dir='ltr'>“fenestrae’&#39;</span> <span class='ocrx_word' id='word_1_361' title='bbox 1100 2829 1161 2857; x_wconf 91' lang='lat' dir='ltr'>sint</span> <span class='ocrx_word' id='word_1_362' title='bbox 1181 2828 1260 2856; x_wconf 91' lang='lat' dir='ltr'>illud</span> <span class='ocrx_word' id='word_1_363' title='bbox 1280 2827 1393 2856; x_wconf 86' lang='lat' dir='ltr'>mentis</span> <span class='ocrx_word' id='word_1_364' title='bbox 1415 2827 1503 2864; x_wconf 91' lang='lat' dir='ltr'>quod</span> <span class='ocrx_word' id='word_1_365' title='bbox 1517 2831 1649 2856; x_wconf 86' lang='lat' dir='ltr'>vocatur</span> <span class='ocrx_word' id='word_1_366' title='bbox 1668 2826 1761 2855; x_wconf 86' lang='lat' dir='ltr'>intel-</span> 
     </span>
    </p>
   </div>
   <div class='ocr_carea' id='block_1_20' title="bbox 270 2865 1761 3047">
    <p class='ocr_par' dir='ltr' id='par_1_20' title="bbox 270 2865 1761 3047">
     <span class='ocr_line' id='line_1_40' title="bbox 270 2865 1761 2920; baseline -0.004 -9"><span class='ocrx_word' id='word_1_367' title='bbox 270 2881 372 2911; x_wconf 62' lang='lat' dir='ltr'>ledtus</span> <span class='ocrx_word' id='word_1_368' title='bbox 386 2881 441 2910; x_wconf 82' lang='lat' dir='ltr'>ubi</span> <span class='ocrx_word' id='word_1_369' title='bbox 454 2889 576 2914; x_wconf 82' lang='lat' dir='ltr'>verum,</span> <span class='ocrx_word' id='word_1_370' title='bbox 591 2889 622 2909; x_wconf 85' lang='lat' dir='ltr'>n.</span> <span class='ocrx_word' id='word_1_371' title='bbox 638 2880 707 2916; x_wconf 83' lang='lat'><strong>655.</strong></span> <span class='ocrx_word' id='word_1_372' title='bbox 723 2880 792 2916; x_wconf 83' lang='lat'>658,</span> <span class='ocrx_word' id='word_1_373' title='bbox 807 2878 911 2917; x_wconf 82' lang='lat'>3391.)</span> <span class='ocrx_word' id='word_1_374' title='bbox 955 2867 1068 2908; x_wconf 89' lang='lat' dir='ltr'>Inde</span> <span class='ocrx_word' id='word_1_375' title='bbox 1086 2872 1217 2920; x_wconf 86' lang='lat' dir='ltr'>patet</span> <span class='ocrx_word' id='word_1_376' title='bbox 1242 2866 1349 2920; x_wconf 90' lang='lat' dir='ltr'>quid</span> <span class='ocrx_word' id='word_1_377' title='bbox 1374 2865 1657 2918; x_wconf 85' lang='lat' dir='ltr'>significatur</span> <span class='ocrx_word' id='word_1_378' title='bbox 1681 2878 1761 2918; x_wconf 90' lang='lat' dir='ltr'>per</span> 
     </span>
     <span class='ocr_line' id='line_1_41' title="bbox 271 2926 1760 2986; baseline -0.004 -14"><span class='ocrx_word' id='word_1_379' title='bbox 271 2932 391 2986; x_wconf 93' lang='lat' dir='ltr'>quod</span> <span class='ocrx_word' id='word_1_380' title='bbox 420 2931 505 2972; x_wconf 89' lang='lat' dir='ltr'>“in</span> <span class='ocrx_word' id='word_1_381' title='bbox 526 2943 653 2971; x_wconf 92' lang='lat' dir='ltr'>muro</span> <span class='ocrx_word' id='word_1_382' title='bbox 675 2936 871 2979; x_wconf 91' lang='lat' dir='ltr'>current,</span> <span class='ocrx_word' id='word_1_383' title='bbox 898 2942 949 2970; x_wconf 85' lang='lat' dir='ltr'>ac</span> <span class='ocrx_word' id='word_1_384' title='bbox 973 2930 1017 2970; x_wconf 91' lang='lat' dir='ltr'>in</span> <span class='ocrx_word' id='word_1_385' title='bbox 1039 2929 1199 2970; x_wconf 90' lang='lat' dir='ltr'>domos</span> <span class='ocrx_word' id='word_1_386' title='bbox 1226 2927 1491 2976; x_wconf 89' lang='lat' dir='ltr'>ascendent,</span> <span class='ocrx_word' id='word_1_387' title='bbox 1519 2932 1565 2968; x_wconf 90' lang='lat' dir='ltr'>et</span> <span class='ocrx_word' id='word_1_388' title='bbox 1593 2939 1671 2980; x_wconf 90' lang='lat' dir='ltr'>per</span> <span class='ocrx_word' id='word_1_389' title='bbox 1697 2926 1760 2967; x_wconf 88' lang='lat' dir='ltr'>fe-</span> 
     </span>
     <span class='ocr_line' id='line_1_42' title="bbox 272 2989 1538 3047; baseline -0.005 -11"><span class='ocrx_word' id='word_1_390' title='bbox 272 3001 449 3036; x_wconf 85' lang='lat' dir='ltr'>nestras</span> <span class='ocrx_word' id='word_1_391' title='bbox 474 2993 783 3047; x_wconf 87' lang='lat' dir='ltr'>ingredientur</span> <span class='ocrx_word' id='word_1_392' title='bbox 809 2993 923 3034; x_wconf 89' lang='lat' dir='ltr'>sicut</span> <span class='ocrx_word' id='word_1_393' title='bbox 949 2991 1052 3033; x_wconf 89' lang='lat' dir='ltr'>fur.”</span> <span class='ocrx_word' id='word_1_394' title='bbox 1113 2990 1251 3045; x_wconf 90' lang='lat' dir='ltr'>Apud</span> <span class='ocrx_word' id='word_1_395' title='bbox 1276 2989 1538 3039; x_wconf 71' lang='lat' dir='ltr'>Hosclceam,</span> 
     </span>
    </p>
   </div>
  </div>
 </body>
</html>
