2060 3476
718 348 825 381 CAP.
849 349 895 390 1.,
919 349 1058 401 vnns.
1089 350 1259 393 13.-—N.
1282 340 1350 394 65.
1730 340 1787 394 69

285 464 329 504 in
351 477 533 517 genere,
557 470 603 505 et
629 462 898 504 “mamillae
909 462 929 478 ”
950 464 994 504 in
1018 464 1168 517 specie
1194 464 1239 505 id
1266 463 1551 518 significant:
1585 464 1706 518 quod
1729 465 1787 505 sit

284 527 454 568 bonum
485 526 751 581 procedens,
785 532 856 567 est
893 527 997 582 quia
1037 528 1190 567 omnia
1229 527 1497 568 indumenta
1528 526 1786 581 significant

284 589 362 630 illa
393 604 508 644 quae
544 590 812 644 procedunt,
846 595 952 630 sunt
992 590 1112 630 enim
1144 596 1280 631 extra
1311 604 1474 644 corpus
1506 604 1557 632 ac
1595 590 1787 631 induunt

284 653 408 702 illud,
437 654 553 694 sicut
579 652 657 694 illa
682 667 797 707 quae
819 653 1073 707 procedunt
1100 654 1239 694 etiam
1262 660 1397 694 extra
1419 667 1582 708 corpus
1608 660 1713 695 sunt
1741 661 1787 694 et

284 729 306 756 C
312 717 390 769 ing
393 716 615 757 untjllud.
677 726 790 764 (Quod
804 727 848 756 ita
861 727 909 761 sit,
923 731 1067 756 constare
1080 731 1185 765 potest
1200 736 1239 756 ex
1254 728 1312 756 illis
1327 721 1411 765 quae
1425 728 1457 756 in
1472 737 1569 766 opere
1584 728 1636 757 De
1654 728 1746 757 Caelo
1761 731 1791 756 et

285 777 423 815 lnserno,
435 777 485 806 De
494 777 644 806 Vestibus
659 776 774 813 quibus
789 776 891 805 induti
902 780 976 805 sunt
986 776 1111 814 Angeli,
1122 785 1154 807 n.
1166 779 1315 813 177-182,
1326 781 1453 806 ostensa
1461 781 1535 805 sunt
1545 786 1551 811 ;
1575 777 1663 813 quod
1673 785 1789 813 nempe

283 824 418 861 quisque
429 824 580 853 induatur
587 824 726 853 vestibus
735 824 913 853 secundum
922 831 1013 852 suam
1023 823 1218 861 intelligendi
1230 828 1261 853 et
1271 822 1414 862 sapiendi
1425 824 1630 853 affedtionem
1640 833 1647 859 ;
1668 828 1699 852 et
1709 824 1789 852 haec

283 875 330 900 est
351 880 434 908 quae
454 871 599 909 procedit
618 871 660 900 ab
680 871 756 906 illis;
778 874 825 899 est
845 870 931 899 enim
951 871 1088 908 sphaera
1107 879 1191 908 quae
1210 872 1354 909 procedit
1368 873 1410 901 ab
1430 872 1611 909 unoquovis
1625 871 1741 908 angelo
1759 876 1789 900 et

283 918 402 956 spiritu,
425 927 509 956 quae
531 922 577 948 est
598 919 734 956 sphaera
755 917 941 953 affectionis,
966 922 997 947 et
1011 923 1144 948 vocatur
1156 919 1291 956 sphaera
1304 919 1387 948 vitae
1402 920 1485 957 ejus;
1508 919 1685 947 secundum
1707 918 1789 947 hanc

283 966 342 995 illis
355 970 429 995 sunt
442 970 560 1001 vestes;
582 966 671 1003 quod
685 966 747 995 sint
761 974 801 995 ex
815 966 877 1000 illa,
893 975 959 994 non
973 970 1105 1004 apparet
1119 974 1227 995 coram
1242 966 1343 995 oculis
1357 975 1479 1000 eorum,
1495 966 1552 994 sed
1570 974 1673 1002 usque
1686 966 1789 994 sciunt

283 1018 371 1054 quod
385 1018 456 1048 sint.
500 1018 551 1047 De
570 1018 632 1047 hac
653 1018 788 1055 sphaera
800 1017 946 1046 videatur
959 1026 990 1047 n.
1008 1019 1096 1055 2489,
1112 1017 1203 1055 4464,
1219 1024 1309 1055 5179,
1324 1025 1415 1055 7454,
1431 1017 1536 1055 8630.)
1610 1006 1686 1047 EX
1719 1006 1788 1047 hiS

283 1075 495 1110 constare
512 1074 668 1122 potest
682 1069 803 1123 quod
821 1072 847 1089 “
859 1070 1138 1110 vestimenta
1153 1068 1340 1110 Domini
1351 1068 1371 1084 '’
1386 1068 1645 1122 significent
1661 1069 1787 1110 Divi—

283 1145 390 1172 num
421 1132 686 1186 procedenS,
715 1132 835 1186 quod
862 1139 932 1173 est
960 1132 1175 1173 Divinum
1207 1133 1380 1183 Verum
1412 1134 1588 1174 unitum
1622 1133 1788 1174 Divino

284 1195 427 1244 Bono,
447 1196 567 1250 quod
589 1195 750 1249 implet
772 1197 1029 1236 universum
1052 1196 1243 1245 caelum,
1267 1210 1319 1237 ac
1342 1197 1484 1237 intrat
1506 1198 1550 1237 in
1572 1198 1788 1238 interiora

282 1259 463 1307 mentis,
488 1265 534 1299 et
557 1258 637 1300 dat
663 1260 717 1308 ei,
741 1260 816 1313 qui
842 1260 1016 1313 recipit,
1040 1259 1396 1313 intelligentiam
1415 1266 1461 1300 et
1485 1261 1784 1314 sapientiam;

282 1320 369 1362 hoc
384 1321 656 1376 intelligitur
669 1336 748 1376 per
764 1322 924 1363 “indui
939 1323 1227 1363 vestimentis
1242 1322 1395 1363 albis.'’
1442 1322 1558 1376 Quia
1574 1323 1787 1364 Divinum

284 1384 461 1426 Bonum
487 1385 738 1439 procedens
764 1385 1045 1439 significatur
1067 1400 1146 1440 per
1171 1385 1413 1435 “zonam,”
1439 1395 1528 1440 qua
1554 1387 1787 1440 praecinc-

283 1454 372 1497 tuS,
400 1448 503 1489 ideo
530 1462 645 1489 zona
669 1449 920 1503 apparebat
947 1463 1109 1501 aurea;
1143 1463 1222 1503 per
1251 1449 1477 1490 “aurum”
1500 1451 1620 1491 enim
1646 1451 1786 1504 signi-

281 1510 442 1553 ficatur
473 1512 642 1554 bonum
678 1514 844 1554 amoris
875 1523 1034 1561 (videatur
1047 1532 1079 1554 n.
1097 1532 1165 1561 113,
1180 1530 1267 1560 1551,
1282 1531 1369 1560 1552,
1386 1524 1475 1560 5658,
1491 1524 1581 1562 6914,
1593 1524 1684 1562 6917,
1696 1530 1786 1562 9510.

281 1586 372 1622 9874,
394 1587 501 1623 9881).
579 1575 714 1629 Quod
756 1575 1024 1616 “mamillae
1036 1575 1056 1590 ’⁹
1095 1576 1388 1616 nominentur
1427 1575 1530 1616 loco
1573 1574 1783 1629 pectoris,

284 1637 406 1691 quod
431 1645 530 1679 erat
562 1637 869 1693 praecinctum
897 1652 1026 1688 zona,
1054 1645 1125 1680 est
1157 1639 1260 1692 quia
1289 1631 1589 1680 “mamillae''
1615 1639 1786 1693 signifi-

283 1707 392 1742 cant
418 1715 621 1743 amorem
649 1702 945 1756 spiritualem,
974 1708 1021 1743 et
1050 1700 1276 1756 “pectus'’
1302 1703 1449 1757 ipsum
1480 1702 1650 1743 bonum
1676 1703 1783 1756 ejus.

285 1763 369 1805 Ille
390 1777 518 1806 amor
539 1766 678 1806 etiam
702 1765 981 1818 significatur
1002 1779 1082 1819 per
1101 1764 1365 1806 “mamillas
1377 1765 1397 1780 '’
1419 1765 1538 1819 apud
1559 1765 1752 1806 Esaiam
1766 1781 1784 1806 .·
1818 1791 1824 1798 ·

355 1862 377 1875 ‘¹
393 1861 532 1893 Ponam
557 1867 592 1893 te
619 1862 656 1893 in
685 1861 990 1902 magnificentiam
1018 1861 1254 1899 aeternitatis,
1281 1861 1452 1901 gaudium
1481 1861 1726 1901 generationis
1750 1868 1786 1893 et

459 1906 727 1945 generationis;
751 1916 859 1946 suges
884 1906 937 1937 lac
961 1906 1135 1946 gentium,
1155 1911 1191 1937 et
1215 1905 1394 1937 mamillas
1418 1915 1543 1946 regum
1567 1905 1706 1946 suges’'
1722 1906 1782 1945 (lx.

462 1946 551 1991 [152]
569 1948 644 1990 16);

284 2037 486 2091 “reges”
513 2044 618 2079 sunt
644 2052 752 2079 vera
782 2053 842 2080 ex
868 2039 990 2079 bono
1022 2052 1048 2079 a
1080 2038 1279 2079 Domino
1309 2029 1537 2092 (videatur
1563 2052 1711 2092 supra,
1739 2052 1783 2079 n.

284 2099 358 2154 31)
378 2106 391 2152 ;'
424 2101 723 2143 “mamillae’'
759 2108 806 2143 et
845 2100 1073 2156 “pectus'’
1110 2108 1215 2143 sunt
1251 2102 1296 2142 id
1332 2102 1516 2150 bonum,
1554 2101 1675 2156 quod
1712 2109 1782 2142 est

282 2163 452 2205 bonum
470 2156 635 2205 amoris
657 2165 915 2218 spiritualis.
964 2164 1099 2218 Quod
1125 2169 1150 2185 “
1163 2163 1353 2219 pean&
1371 2164 1597 2218 significet
1614 2165 1784 2206 bonum

281 2228 448 2268 amoris
462 2228 720 2282 spiritualis,
736 2235 806 2270 est
825 2243 885 2281 ex
903 2229 1310 2282 correspondentia
1328 2241 1430 2269 cum
1449 2227 1577 2269 caelo
1594 2241 1604 2280 ;
1633 2235 1785 2269 totum

282 2291 403 2332 enim
424 2290 600 2332 caelum
623 2292 950 2345 correspondet
978 2292 1187 2333 omnibus
1213 2291 1437 2343 hominis;
1470 2292 1680 2333 intimum
1707 2306 1785 2332 seu

282 2354 468 2395 tertium
491 2354 667 2396 caelum
690 2355 1017 2408 correspondet
1041 2356 1193 2409 capiti,
1214 2355 1412 2395 medium
1436 2369 1514 2396 seu
1537 2354 1784 2395 secundum

282 2414 468 2470 pectori,
496 2430 547 2458 ac
574 2417 784 2458 ultimum
811 2432 889 2459 seu
915 2418 1109 2472 primum
1136 2418 1339 2472 pedibus.
1404 2417 1522 2471 Quia
1548 2417 1653 2459 talis
1685 2432 1784 2460 cor-

281 2479 606 2532 respondentia
634 2487 722 2530 est,
750 2481 890 2522 etiam
916 2480 1093 2521 caelum
1120 2487 1311 2522 vocatur
1338 2479 1569 2521 Makimus
1602 2481 1782 2523 Homo:

282 2547 329 2583 et
361 2543 464 2596 quia
489 2543 698 2584 intimum
730 2558 809 2585 seu
841 2545 1027 2585 tertium
1059 2544 1236 2585 caelum
1268 2545 1597 2598 correspondet
1630 2547 1782 2599 capiti,

281 2606 384 2646 ideo
406 2619 485 2660 per
505 2607 712 2660 “caput”
731 2607 1010 2660 significatur
1032 2608 1200 2648 bonum
1223 2609 1391 2649 amoris
1414 2608 1641 2657 caelestis,
1662 2610 1783 2662 quod

281 2674 352 2710 est
378 2668 547 2709 bonum
573 2670 739 2710 amoris
764 2671 808 2710 in
835 2670 1109 2722 Dominum,
1142 2683 1279 2711 causa
1305 2677 1376 2711 est
1409 2672 1512 2725 quia
1538 2671 1582 2712 id
1614 2671 1782 2712 bonum

280 2731 340 2772 ibi
371 2738 535 2785 regnat
567 2738 614 2773 et
649 2732 757 2774 facit
789 2733 926 2774 illud:
974 2740 1021 2775 et
1058 2735 1162 2788 quia
1193 2734 1392 2775 medium
1424 2748 1502 2775 seu
1534 2735 1782 2775 secundum

281 2795 457 2836 caelum
483 2797 810 2850 correspondet
842 2795 1028 2851 pec'tori,
1056 2798 1159 2838 ideo
1191 2811 1270 2851 per
1299 2795 1527 2851 “peetus‘’
1554 2797 1782 2850 significa-

282 2865 354 2899 tur
375 2859 543 2899 bonum
566 2861 732 2900 amoris
758 2860 1015 2913 spiritualis,
1039 2861 1159 2914 quod
1187 2867 1257 2901 est
1285 2861 1453 2918 bonum
1480 2862 1646 2901 amoris
1672 2875 1782 2914 erga

281 2922 566 2974 proximum;
613 2936 748 2963 causa
779 2930 850 2964 est
886 2925 989 2977 quia
1020 2924 1065 2964 id
1101 2924 1270 2964 bonum
1302 2924 1362 2964 ibi
1393 2930 1557 2976 regnat
1589 2930 1635 2964 et
1671 2923 1779 2964 facit

280 2983 416 3025 illud:
450 2998 502 3026 ac
534 2987 636 3039 quia
668 2985 875 3027 ultimum
909 3000 986 3028 seu
1018 2988 1209 3040 primum
1242 2986 1417 3028 caelum
1450 2987 1777 3040 correspondet
