2060 3476
285 367 364 411 150
692 366 1024 401 APOCALYPSIS
1055 367 1354 400 EXPLICATA.

347 480 369 494 ‘⁶
381 479 478 512 Deus
495 480 646 512 salvabit
663 479 821 520 Zionem,
842 486 877 512 et
892 480 1089 512 aedificabit
1106 481 1212 512 urbes
1227 480 1398 522 Jehudae,
1418 486 1454 512 et
1469 480 1680 513 habitabunt
1703 481 1763 520 ibi,

451 529 487 555 et
509 524 758 556 hereditabunt
774 534 864 562 eam,
884 530 919 556 et
935 534 1058 556 semen
1075 534 1259 556 servorum
1285 524 1383 556 Illius
1400 524 1648 556 hereditabunt
1664 534 1743 556 eam
1758 534 1766 563 ;

451 571 486 599 et
509 573 671 599 amantes
695 577 827 599 nomen
856 567 1009 608 Iehovae
1032 567 1243 599 habitabunt
1259 568 1295 599 in
1313 567 1383 599 ea”
1400 567 1545 608 (Psalm.
1560 567 1644 600 lxix.
1658 568 1711 608 36,
1726 575 1768 607 37

330 654 348 667 ‘⁴
359 608 763 694 Ρτοᾶὶξὲῐῇἒξῗαῖᾞζό
775 660 958 693 semen‚et
973 665 1018 686 ex
1033 654 1194 696 Jehudah
1210 654 1378 686 heredem
1395 654 1573 686 montium
1591 664 1764 692 meorum.

450 702 489 729 ut
504 698 712 739 possideant
729 708 809 730 eum
826 696 930 730 electi
946 698 1016 730 mei
1026 697 1045 710 ’'
1062 697 1174 738 (Esai.
1191 698 1262 730 lxv.
1278 698 1332 739 9);

276 806 458 852 praeter
473 801 518 841 in
540 801 743 854 plurimiS
760 801 859 842 aliis
882 801 1008 842 lOCiS.
1067 812 1181 851 (Porro
1193 813 1281 849 quod
1292 821 1370 849 gens
1381 812 1518 851 Judaica
1529 821 1594 841 non
1607 812 1769 842 intelledta

275 864 314 892 sit
328 864 359 892 in
374 864 482 894 Verbo
497 865 528 894 in
544 865 602 894 illis
623 865 700 895 locis
715 870 746 895 et
759 866 792 895 in
806 866 875 895 aliis
889 865 944 894 ubi
958 870 1113 895 vocantur
1127 868 1143 880 ‘¹
1154 865 1272 894 eleoti⁰
1289 870 1321 894 et
1336 868 1352 879 ¹¹
1362 865 1525 899 herede5.''
1542 865 1640 894 videri
1661 868 1768 904 potest

276 917 315 939 ex
337 910 395 940 illis
416 920 499 948 quae
520 912 561 941 de
580 917 676 950 gente
697 913 750 942 illa
770 922 810 942 ex
830 912 971 941 Arcanis
995 912 1181 942 Caelestibus
1201 912 1296 941 allata
1319 916 1401 947 sunt,
1423 912 1456 942 in
1478 913 1638 942 Doctrina
1658 914 1768 943 Novae

276 960 516 998 Hierosolyma,
532 970 563 991 n.
579 961 663 1000 248.)
721 951 797 991 Ex
822 951 891 991 his
920 963 1038 991 nunc
1065 957 1280 991 constare
1306 957 1463 1004 potest
1489 952 1596 1005 quid
1624 952 1765 1005 signi-

275 1010 434 1052 ficatur
468 1026 548 1065 per
581 1011 950 1066 “blasphemiam
986 1012 1235 1053 dicentium
1264 1012 1462 1065 Judaeos
1497 1027 1598 1054 esse
1629 1026 1691 1062 se,
1719 1019 1767 1055 et

276 1086 366 1114 non
393 1074 537 1115 sunt.’'

355 1152 481 1184 120.
520 1142 641 1183 “Sed
663 1155 875 1196 synagoga
903 1141 1315 1195 satanae.''——Quod
1345 1142 1567 1196 significet
1594 1144 1766 1186 doc‘lrz’-

276 1217 379 1244 nam
399 1204 593 1245 omnium
603 1204 834 1256 falsorum
855 1204 981 1257 apud
1000 1204 1113 1253 illos,
1133 1210 1317 1245 constat
1344 1218 1404 1245 ex
1430 1205 1763 1258 significatione

278 1267 622 1320 “synagogae‚’'
653 1267 773 1321 quod
805 1267 862 1308 sit
894 1265 1100 1308 doctrina
1133 1265 1210 1321 (de
1242 1280 1329 1320 qua
1359 1267 1595 1322 sequitur),
1624 1274 1671 1309 et
1704 1283 1765 1310 ex

275 1328 606 1382 significatione
635 1330 901 1379 “satanae‚”
927 1329 1047 1384 quod
1079 1330 1136 1371 sit
1162 1329 1381 1371 infernum
1408 1344 1467 1371 ex
1498 1344 1586 1384 quo
1615 1333 1766 1373 omnia

274 1390 398 1432 falsa.
459 1391 574 1434 Sunt
601 1393 706 1434 bina
727 1406 895 1446 genera
917 1393 1202 1441 infernorum,
1227 1406 1363 1434 unum
1386 1393 1430 1433 in
1456 1406 1544 1447 quo
1567 1400 1672 1435 sunt
1698 1394 1762 1436 illi

274 1455 347 1508 qui
378 1456 421 1496 in
448 1455 592 1505 malis,
622 1462 668 1497 et
695 1455 888 1497 alterum
910 1456 953 1496 in
981 1469 1069 1509 quo
1095 1461 1199 1496 sunt
1226 1454 1290 1496 illi
1316 1456 1389 1509 qui
1420 1457 1465 1496 in
1496 1455 1618 1497 salsis
1644 1457 1764 1498 mali.

275 1518 502 1559 Infernum
535 1520 579 1560 in
611 1533 699 1573 quo
730 1525 835 1560 sunt
866 1518 930 1560 illi
961 1520 1034 1573 qui
1065 1519 1109 1559 in
1142 1518 1285 1567 malis,
1314 1532 1402 1559 una
1431 1533 1545 1560 voce
1575 1526 1766 1562 vocatur

275 1581 520 1632 Diabolus3
553 1596 604 1623 ac
638 1582 857 1623 infernum
889 1583 933 1622 in
965 1596 1053 1636 quo
1079 1588 1183 1622 sunt
1214 1581 1279 1622 illi
1310 1582 1383 1635 qui
1415 1582 1459 1622 in
1491 1582 1613 1623 falsis
1640 1583 1760 1633 mali,

273 1657 361 1684 una
386 1658 498 1685 voce
524 1651 713 1685 vocatur
738 1643 946 1686 Satanas.
1008 1643 1142 1697 Quod
1170 1644 1235 1685 ita
1260 1645 1551 1686 nominentur
1576 1645 1760 1694 inferna,

273 1708 486 1760 ignorant
512 1706 575 1748 illi
602 1708 674 1762 qui
701 1707 810 1748 nihil
837 1708 893 1748 de
919 1707 1100 1748 infernis
1127 1707 1289 1756 sciunt,
1319 1713 1365 1748 et
1392 1708 1465 1761 qui
1497 1707 1553 1749 de
1580 1707 1763 1749 diabolo

274 1776 574 1823 captaverunt
601 1771 860 1824 opinionem
891 1770 1012 1824 quod
1044 1776 1223 1811 creatus
1254 1770 1385 1812 fuerit
1417 1770 1529 1812 lucis
1556 1771 1760 1825 angelus,

273 1839 319 1874 et
341 1834 443 1887 quia
465 1833 645 1874 rebellis
663 1832 805 1874 factus
823 1847 924 1874 cum
947 1833 1078 1874 turba
1101 1846 1179 1873 sua
1201 1831 1399 1885 dejectus
1423 1834 1495 1883 sit,
1516 1840 1562 1875 et
1585 1835 1647 1875 sic
1670 1834 1761 1875 fac-

273 1901 369 1950 tum
405 1900 476 1935 est
510 1893 746 1935 infernum.
806 1905 918 1943 (Quod
936 1905 1057 1934 inferna
1071 1905 1217 1934 dicantur
1236 1905 1393 1934 Diabolus
1412 1910 1443 1934 et
1462 1906 1604 1940 Satanas.
1619 1906 1764 1935 videatur

272 1955 303 1984 in
318 1964 414 1993 opere
439 1956 491 1985 De
509 1956 599 1985 Caelo
613 1959 644 1984 et
658 1956 794 1994 lnfimo,
811 1965 841 1984 n.
857 1964 927 1993 311,
943 1962 1011 1992 544,
1028 1962 1103 1992 553:
1127 1959 1157 1984 et
1178 1955 1210 1984 in
1226 1956 1381 1993 opusculo
1396 1957 1448 1985 De
1475 1957 1595 1986 Ultimo
1619 1955 1761 1995 Judicio,

271 2005 303 2034 in
317 2005 451 2035 articulo
466 2006 519 2034 ubi
535 2010 697 2034 ostensum
712 2009 759 2034 est
780 2006 868 2042 quod
883 2005 1016 2035 Caelum
1032 2010 1063 2034 et
1078 2005 1240 2034 Infernum
1261 2005 1322 2034 sint
1343 2014 1382 2035 ex
1405 2006 1559 2035 Humano
1581 2005 1714 2040 Genere,
1730 2015 1761 2036 n.

273 2061 396 2099 14-22.)
453 2050 695 2091 Praeterea
720 2051 956 2091 sciendum
981 2056 1052 2090 est
1083 2050 1203 2104 quod
1234 2051 1351 2091 sicut
1377 2051 1530 2091 omnia
1560 2050 1681 2091 bona
1710 2056 1758 2091 et

271 2125 378 2161 vera
399 2118 504 2152 sunt
527 2126 550 2152 e
573 2111 710 2153 caelis
733 2125 759 2152 a
781 2112 993 2161 Domino,
1013 2112 1078 2152 ita
1099 2112 1250 2152 omnia
1268 2111 1388 2152 mala
1409 2118 1456 2153 et
1477 2111 1589 2153 falsa
1611 2126 1671 2153 ex
1692 2113 1759 2154 in-

271 2174 418 2216 fernis.
481 2173 568 2227 Qui
594 2175 738 2216 credit
765 2175 886 2228 quod
911 2175 1031 2216 bona
1057 2180 1103 2215 et
1126 2188 1232 2215 vera
1253 2174 1435 2216 aliunde
1461 2176 1551 2216 sint
1574 2188 1708 2229 quam
1735 2189 1760 2217 e

272 2237 409 2279 caelis
435 2252 461 2278 a
493 2238 703 2287 Domino,
733 2244 780 2279 et
812 2238 932 2292 quod
964 2237 1084 2278 mala
1110 2244 1157 2279 et
1189 2237 1301 2278 falsa
1327 2237 1507 2279 aliunde
1538 2253 1673 2292 quam
1699 2254 1759 2281 ex

271 2301 465 2350 infernis,
494 2300 687 2358 multum
718 2300 898 2341 fallitur.
961 2300 1116 2341 Homo
1142 2300 1287 2341 solum
1319 2307 1389 2342 est
1420 2302 1758 2356 receptaculum

272 2378 440 2414 eorum,
460 2370 506 2405 et
528 2378 617 2418 quo
639 2378 688 2405 se
709 2365 847 2405 vertit
869 2364 973 2405 inde
994 2364 1180 2417 recipit;
1207 2364 1243 2404 si
1265 2378 1313 2404 se
1330 2365 1468 2406 vertit
1490 2365 1547 2406 ad
1565 2365 1756 2415 caelum,

272 2428 392 2482 quod
418 2427 468 2469 fit
499 2441 579 2481 per
608 2427 729 2468 bona
754 2427 919 2467 amoris
951 2433 997 2467 et
1027 2441 1133 2467 vera
1163 2426 1280 2476 fidei,
1309 2432 1416 2468 tunc
1448 2428 1607 2481 recipit
1639 2428 1760 2472 bona

273 2497 320 2532 et
351 2504 458 2531 vera
489 2504 515 2530 a
546 2489 771 2540 Domino;
805 2495 852 2530 at
885 2490 920 2530 si
952 2503 1000 2530 se
1031 2489 1168 2530 vertit
1200 2489 1256 2530 ad
1288 2489 1522 2539 infernum,
1556 2490 1675 2544 quod
1707 2490 1757 2533 fit

271 2568 350 2608 per
375 2553 494 2595 mala
525 2554 688 2594 amoris
720 2560 766 2594 et
797 2552 910 2593 falsa
939 2552 1056 2601 fidei,
1086 2559 1193 2593 tunc
1225 2554 1384 2607 recipit
1410 2553 1531 2594 mala
1561 2559 1608 2595 et
1644 2553 1757 2595 falsa

271 2618 329 2658 ab
353 2617 548 2658 infernis.
609 2615 835 2668 Quoniam
861 2629 978 2656 nunc
1005 2616 1156 2656 omnia
1182 2615 1301 2656 mala
1327 2622 1373 2657 et
1399 2616 1511 2657 falsa
1536 2616 1593 2657 ab
1624 2616 1756 2658 infer-

271 2681 339 2721 nis
366 2685 485 2728 sunt,
510 2685 556 2720 et
579 2679 750 2719 inferna
772 2692 859 2719 una
880 2692 993 2719 voce
1019 2678 1228 2719 dicuntur
1253 2678 1325 2719 vel
1352 2678 1556 2720 diabolus
1583 2678 1655 2720 vel
1682 2693 1754 2719 sa-

272 2750 418 2792 tanas,
451 2743 652 2796 sequitur
682 2741 801 2794 quod
839 2755 917 2795 per
951 2740 1248 2781 “diabolum”
1279 2743 1417 2782 etiam
1450 2741 1759 2795 significentur

272 2807 422 2847 omnia
453 2805 586 2854 mala,
619 2810 666 2845 et
697 2818 776 2858 per
809 2808 1054 2844 “satanam
1067 2803 1085 2819 '’
1117 2805 1268 2844 omnia
1298 2804 1422 2845 falsa.
1492 2804 1604 2845 Inde
1637 2817 1752 2845 nunc

271 2875 354 2918 est,
382 2868 503 2923 quod
535 2881 614 2921 per
647 2871 969 2920 “synagogam
1001 2872 1190 2907 satanae
1203 2867 1221 2882 '’
1244 2867 1521 2920 significetur
1552 2866 1758 2908 doctrina

271 2932 470 2972 omnium
504 2929 730 2971 falsorum.
806 2928 941 2982 Quod
977 2943 1055 2983 per
1093 2933 1417 2983 “synagogam
1430 2930 1449 2946 ’‘
1480 2929 1758 2983 significetur

272 2991 488 3043 doc'trina,
523 2998 592 3033 est
624 2993 725 3046 quia
765 2993 809 3032 in
842 2992 1088 3045 synagogis
1120 2992 1382 3042 docebatur,
1416 2998 1463 3033 et
1494 3006 1671 3046 quoque
1702 2992 1755 3033 li-
