2060 3476
283 367 359 404 102
692 372 1027 406 APOCALYPSIS
1059 367 1359 406 EXPLICATA.

348 496 450 539 90.
489 486 686 539 “Septem
724 486 872 527 stellae
912 485 1052 540 angeli
1083 489 1237 539 septem
1267 484 1544 526 ecclesiarum
1577 483 1775 524 semist—

279 546 414 600 Quod
440 548 664 602 significet
691 548 792 588 illos
818 548 898 602 qui
918 548 1135 600 recipiunt
1164 548 1274 589 bona
1304 554 1346 588 et
1374 561 1482 587 vera
1513 561 1540 587 a
1570 545 1770 595 Domino,

315 617 461 653 mstat
483 625 509 652 a
526 610 857 664 significatione
879 614 904 631 “
917 617 1095 664 septem
1113 610 1387 659 stellarum‚‘’
1408 610 1527 664 quod
1546 610 1636 650 sint
1654 609 1774 650 bona

277 680 323 715 et
346 689 465 723 vera,
486 675 637 715 omnia
663 673 726 728 [a]
753 674 952 715 Domino
978 673 1054 728 (de
1077 688 1164 728 qua
1186 687 1332 728 supra,
1353 687 1394 714 n.
1414 672 1487 727 72)
1508 687 1517 724 ;
1551 686 1610 713 ex
1631 673 1772 725 signi-

278 737 491 779 ficatione
517 736 861 790 “angelorum,'’
883 737 1003 790 quod
1036 737 1126 778 sint
1159 738 1232 791 qui
1264 738 1307 778 in
1340 735 1473 777 simili
1505 749 1773 788 correspon-

278 800 417 842 dente
448 800 570 842 bono
596 807 642 842 et
668 814 775 841 vero
801 806 906 841 sunt
933 801 977 840 in
1003 800 1140 841 caelis
1167 814 1267 841 cum
1294 799 1381 840 illis
1408 800 1481 853 qui
1512 800 1556 839 in
1582 798 1774 839 ecclesia

281 862 358 914 (de
387 877 474 917 qua
501 862 749 918 sequitur);
793 869 840 904 et
871 877 930 904 ex
957 863 1288 916 significatione
1308 861 1523 915 “septem
1541 861 1772 902 Ecclesia-

279 926 417 973 rum,''
440 927 561 980 quod
587 927 678 967 sint
705 939 862 967 omnes
888 926 962 980 qui
988 926 1031 966 in
1054 927 1169 966 veris
1196 940 1254 967 ex
1281 926 1403 966 bono
1428 938 1506 965 seu
1531 924 1575 964 in
1601 923 1689 964 fide
1715 937 1773 964 ex

279 989 503 1030 charitate
518 995 636 1038 sunt,
654 990 718 1030 ita
732 1002 890 1030 omnes
904 989 977 1042 qui
991 989 1048 1029 ab
1062 988 1254 1031 ecclesia
1272 988 1348 1043 (de
1363 1002 1449 1042 qua
1463 1001 1609 1041 supra,
1623 1000 1664 1027 n.
1679 985 1773 1039 20);
1819 1002 1821 1005 ¹

278 1066 338 1093 ex
364 1052 522 1106 quibus
550 1052 681 1093 simul
708 1058 756 1092 ut
783 1051 1046 1092 conclusum
1073 1053 1286 1106 sequitur,
1311 1050 1430 1105 quod
1457 1064 1535 1104 per
1560 1054 1774 1103 “septem

278 1114 440 1156 stellae
458 1114 611 1168 angeli
629 1120 807 1168 septem
822 1112 1129 1155 Ecclesiarum
1145 1120 1249 1155 sunt
1260 1114 1278 1129 ”
1294 1113 1602 1167 significentur
1616 1125 1774 1153 omnes

278 1179 351 1232 qui
374 1179 593 1232 recipiunt
617 1178 736 1218 bona
758 1184 803 1218 et
821 1190 927 1218 vera
949 1190 974 1217 a
993 1176 1203 1218 Domino.
1256 1176 1390 1230 Quod
1413 1191 1492 1230 per
1511 1174 1773 1229 “angelos''

278 1242 350 1283 hic
383 1230 692 1294 'significentur
717 1240 780 1281 illi
812 1241 885 1294 qui
916 1241 960 1280 in
993 1239 1125 1280 simili
1156 1240 1543 1294 correspondente
1574 1239 1695 1280 bono
1727 1240 1773 1279 et

279 1319 387 1346 vero
410 1310 514 1345 sunt
537 1305 581 1344 in
604 1303 732 1344 caelo
754 1317 855 1344 cum
878 1303 965 1344 illis
987 1304 1060 1357 qui
1083 1304 1127 1344 in
1150 1302 1356 1352 ecclesia,
1381 1309 1451 1344 est
1473 1303 1576 1357 quia
1598 1303 1774 1343 univer-

282 1381 380 1408 sum
407 1366 583 1408 caelum
610 1367 653 1408 in
680 1368 926 1408 societates
953 1365 1217 1407 distinetum
1244 1373 1328 1416 est,
1356 1372 1403 1408 et
1431 1367 1676 1407 societates
1703 1379 1774 1406 or-

279 1431 465 1471 dinatae
492 1430 740 1471 secundum
767 1428 1027 1471 affeffiones
1053 1429 1158 1471 boni
1185 1436 1231 1471 et
1257 1430 1349 1471 veri
1379 1430 1423 1471 in
1456 1442 1622 1482 genere
1653 1435 1699 1470 et
1731 1429 1775 1469 in

279 1494 455 1547 specie;
494 1493 580 1534 hae
613 1493 859 1534 societates
887 1492 1244 1546 correspondent
1276 1492 1363 1535 illis
1394 1493 1439 1534 in
1471 1492 1600 1533 terris
1626 1493 1700 1546 qui
1731 1493 1776 1533 in

281 1556 500 1597 similibus
523 1554 833 1597 affectionibus
856 1556 961 1597 boni
987 1563 1033 1597 et
1056 1557 1148 1597 veri
1175 1563 1306 1607 sunt;
1340 1570 1497 1598 omnes
1523 1555 1608 1597 hae
1631 1557 1775 1596 socie-

279 1626 401 1660 tates
424 1625 645 1660 vocantur
665 1618 895 1672 “angeli,'’
919 1625 965 1660 et
988 1620 1262 1673 unaquaevis
1284 1626 1473 1661 vocatur
1497 1618 1724 1672 “angelus
1741 1619 1776 1670 ;’'

279 1689 325 1723 et
359 1697 536 1736 quoque
571 1684 781 1731 societas,
818 1695 919 1724 curn
953 1690 1142 1736 apparet
1176 1697 1200 1724 e
1234 1682 1483 1737 longinquo
1515 1688 1562 1724 et
1597 1682 1777 1736 quando

280 1747 453 1786 sistitur
475 1746 672 1786 videnda
694 1752 742 1787 ut
766 1759 919 1795 unum,
944 1752 1132 1800 apparet
1156 1752 1204 1787 ut
1227 1759 1339 1787 unus
1361 1745 1552 1799 angelus
1575 1756 1733 1795 (videatur
1746 1757 1776 1786 in

280 1826 375 1853 opere
393 1818 442 1845 De
461 1818 553 1846 Caelo
568 1817 749 1856 etinfirno,
766 1826 796 1847 n.
813 1818 862 1852 62,
878 1818 1005 1855 68-72).
1064 1807 1302 1848 Praeterea
1324 1814 1394 1848 est
1417 1809 1775 1862 corresponden-
1808 1806 1812 1810 ’

280 1868 343 1908 tia
366 1869 630 1909 omnimoda
656 1869 770 1910 caeli
797 1883 898 1910 cum
922 1869 1127 1919 ecclesia,
1152 1884 1229 1911 seu
1251 1870 1516 1924 angelorum
1539 1872 1651 1914 caeli
1674 1885 1775 1913 cum

280 1930 536 1972 hominibus
568 1932 814 1982 ecclesiae;
857 1947 935 1987 per
967 1933 1082 1974 hanc
1115 1935 1564 1988 correspondentiam
1601 1935 1775 1976 caelum

280 2007 382 2035 cum
408 1995 600 2036 ecclesia
625 2009 760 2036 unum
786 1997 906 2037 facit.
969 1997 1043 2038 Ex
1071 1997 1139 2038 his
1165 2004 1293 2051 patet
1319 1997 1425 2052 quid
1452 1998 1522 2039 hic
1549 1998 1774 2052 significa-

280 2063 354 2097 tur
371 2071 449 2110 per
465 2061 490 2078 “
503 2058 692 2111 angelos
707 2065 883 2112 septem
900 2058 1248 2110 Ecclesiarum,''
1262 2066 1308 2101 et
1331 2061 1375 2101 in
1397 2062 1603 2114 sequenti
1626 2062 1775 2115 capite

281 2133 360 2173 per
384 2120 667 2174 “angelum’'
689 2121 880 2174 cujusvis
904 2121 1137 2169 ecclesiae,
1162 2123 1236 2163 ubi
1259 2123 1434 2172 dicitur,
1461 2123 1652 2165 “Scribe
1675 2124 1774 2165 An·

281 2183 387 2236 gelo
411 2183 670 2237 Ephesinae
694 2184 968 2233 Ecclesiae,”
993 2184 1218 2238 “Angelo
1240 2185 1588 2239 Smyrnaeorum
1613 2187 1774 2229 Eccle-

281 2246 413 2295 siae,”
438 2246 664 2300 “Angelo
693 2248 1006 2300 Pergamensis
1034 2248 1306 2297 Ecclesiae,”
1331 2249 1555 2303 “Angelo
1581 2250 1775 2304 Thyati-

281 2309 423 2350 rensis
442 2309 715 2358 Ecclesiae,”
736 2310 955 2363 “Angelo
974 2310 1208 2352 Ecclesiae
1225 2313 1269 2352 in
1288 2311 1540 2361 Sardibus‚''
1560 2313 1776 2368 “Angelo

284 2371 693 2426 Philadelphiensis
727 2373 1001 2422 Ecclesiae,”
1028 2380 1074 2414 et
1104 2373 1327 2428 “Angelo
1359 2375 1653 2418 Laodicensis
1686 2378 1775 2419 Ec—

282 2435 449 2476 clesiae
467 2435 502 2476 :''
534 2436 772 2477 manifeste
794 2442 937 2490 patet,
957 2437 1077 2490 quod
1101 2451 1190 2478 non
1214 2439 1479 2480 mandatum
1502 2441 1560 2480 sit
1583 2441 1776 2482 scribere

283 2498 472 2551 angelis,
502 2498 582 2539 sed
615 2499 843 2550 ecclesiis;
877 2501 940 2540 ita
971 2499 1058 2541 illis
1090 2501 1163 2555 qui
1194 2501 1238 2542 in
1271 2501 1351 2542 tali
1383 2502 1504 2543 bono
1535 2509 1581 2544 et
1612 2517 1719 2544 vero
1750 2504 1776 2545 a

285 2561 484 2602 Domino
506 2568 625 2610 sunt,
644 2563 717 2616 qui
737 2576 818 2621 per
839 2565 1180 2617 unamquamvis
1203 2564 1441 2606 ecclesiam
1464 2565 1777 2608 describuntur

286 2623 363 2678 (de
385 2625 544 2678 qulbus
567 2626 611 2665 in
634 2625 962 2680 sequentibus).
1025 2637 1137 2674 (Quod
1151 2638 1183 2666 in
1197 2638 1305 2667 Verbo
1319 2648 1376 2676 per
1390 2639 1594 2677 “angelum''
1611 2649 1675 2670 non
1690 2641 1776 2670 aliud

282 2687 474 2724 intelligatur
487 2696 584 2724 quam
597 2688 720 2716 bonum
735 2692 767 2717 et
780 2697 890 2717 verum
905 2689 993 2725 quod
1015 2699 1034 2718 a
1052 2690 1192 2719 Domino
1206 2692 1293 2728 apud
1308 2692 1457 2729 angelum
1472 2696 1503 2721 et
1522 2692 1695 2728 hominem,
1710 2694 1778 2731 ple-

282 2735 353 2763 nius
367 2735 552 2763 ostendetur
565 2734 597 2763 in
611 2735 831 2772 sequentibus;
854 2736 973 2765 interea
986 2737 1152 2766 videantur
1165 2747 1248 2774 quae
1262 2739 1293 2767 in
1309 2748 1405 2776 opere
1417 2740 1468 2768 De
1486 2740 1578 2768 Caelo
1586 2743 1623 2769 et
1635 2741 1775 2779 Inferna.

284 2781 334 2809 De
349 2780 454 2810 Caelis
468 2786 500 2810 et
521 2782 570 2810 De
584 2782 793 2811 Societatibus
807 2783 975 2820 Angelicis,
991 2789 1117 2813 ostensa
1130 2790 1218 2820 sunt;
1242 2786 1393 2822 quoniam
1407 2787 1528 2823 absque
1542 2787 1722 2824 cognitione
1736 2789 1777 2817 de

283 2828 341 2856 illis
356 2828 439 2862 inde,
449 2837 562 2866 pamm
576 2829 704 2866 intelligi
719 2834 822 2867 potest
836 2830 913 2867 quid
927 2831 959 2859 in
973 2832 1176 2868 sequentibus
1191 2833 1231 2861 de
1245 2833 1363 2870 angelis
1377 2834 1513 2870 dicetur;
1537 2835 1674 2872 cognitio
1690 2835 1774 2864 enim

283 2875 461 2911 praecedet,
477 2880 512 2904 ut
526 2876 702 2906 intellectus
716 2878 813 2915 possit
828 2878 860 2907 in
874 2878 1078 2908 illustratione
1093 2879 1185 2918 esse.)

365 2941 456 2982 91.
495 2932 581 2972 “ft
604 2937 758 2985 septem
781 2933 1066 2976 [fleandelabm
1095 2948 1199 2989 quae
1226 2936 1358 2977 vidisti
1379 2941 1533 2989 septem
1558 2937 1769 2978 Ecclesiae

290 2989 670 3044 [sunt].''——Quod
693 2994 916 3046 significet
933 2995 1054 3048 quod
1067 3009 1214 3036 omnes
1235 2997 1310 3038 illi
1329 2997 1377 3037 in
1399 3010 1507 3038 novo
1526 2998 1642 3038 caelo
1661 3004 1705 3039 et
1724 2998 1773 3039 in
