<?xml version="1.0" encoding="UTF-8"?>
<!DOCTYPE html PUBLIC "-//W3C//DTD XHTML 1.0 Transitional//EN"
    "http://www.w3.org/TR/xhtml1/DTD/xhtml1-transitional.dtd">
<html xmlns="http://www.w3.org/1999/xhtml" xml:lang="en" lang="en">
 <head>
  <title>
</title>
<meta http-equiv="Content-Type" content="text/html;charset=utf-8" />
  <meta name='ocr-system' content='tesseract 3.04.00' />
  <meta name='ocr-capabilities' content='ocr_page ocr_carea ocr_par ocr_line ocrx_word'/>
</head>
<body>
  <div class='ocr_page' id='page_1' title='image "apocalypsisexpli01sweduoft_0133.png"; bbox 0 0 2060 3476; ppageno 0'>
   <div class='ocr_carea' id='block_1_1' title="bbox 632 363 1708 416">
    <p class='ocr_par' dir='ltr' id='par_1_1' title="bbox 632 363 1708 416">
     <span class='ocr_line' id='line_1_1' title="bbox 632 363 1708 416; baseline 0 -13"><span class='ocrx_word' id='word_1_1' title='bbox 632 370 740 404; x_wconf 87' lang='lat' dir='ltr'><strong>CAP.</strong></span> <span class='ocrx_word' id='word_1_2' title='bbox 763 371 829 413; x_wconf 88' lang='lat'>11.‚</span> <span class='ocrx_word' id='word_1_3' title='bbox 853 371 992 404; x_wconf 84' lang='lat' dir='ltr'><strong>VERS.</strong></span> <span class='ocrx_word' id='word_1_4' title='bbox 1015 371 1163 416; x_wconf 89' lang='lat' dir='ltr'><strong>7.—N.</strong></span> <span class='ocrx_word' id='word_1_5' title='bbox 1192 363 1282 404; x_wconf 89' lang='lat'>108.</span> <span class='ocrx_word' id='word_1_6' title='bbox 1629 372 1708 416; x_wconf 89' lang='lat'>127</span> 
     </span>
    </p>
   </div>
   <div class='ocr_carea' id='block_1_2' title="bbox 150 483 1709 1170">
    <p class='ocr_par' dir='ltr' id='par_1_2' title="bbox 207 483 1708 728">
     <span class='ocr_line' id='line_1_2' title="bbox 207 483 1706 539; baseline -0.001 -13"><span class='ocrx_word' id='word_1_7' title='bbox 207 497 322 538; x_wconf 83' lang='lat' dir='ltr'>quae</span> <span class='ocrx_word' id='word_1_8' title='bbox 346 498 405 526; x_wconf 86' lang='lat' dir='ltr'>ex</span> <span class='ocrx_word' id='word_1_9' title='bbox 432 484 602 535; x_wconf 92' lang='lat' dir='ltr'>Verbo,</span> <span class='ocrx_word' id='word_1_10' title='bbox 629 484 736 526; x_wconf 88' lang='lat' dir='ltr'>dum</span> <span class='ocrx_word' id='word_1_11' title='bbox 761 483 928 539; x_wconf 88' lang='lat' dir='ltr'>aliquid</span> <span class='ocrx_word' id='word_1_12' title='bbox 959 484 1142 526; x_wconf 88' lang='lat' dir='ltr'>faciunt.</span> <span class='ocrx_word' id='word_1_13' title='bbox 1204 483 1276 526; x_wconf 92' lang='lat' dir='ltr'>Illi</span> <span class='ocrx_word' id='word_1_14' title='bbox 1302 484 1376 539; x_wconf 92' lang='lat' dir='ltr'>qui</span> <span class='ocrx_word' id='word_1_15' title='bbox 1400 498 1491 526; x_wconf 89' lang='lat' dir='ltr'>non</span> <span class='ocrx_word' id='word_1_16' title='bbox 1517 498 1576 525; x_wconf 89' lang='lat' dir='ltr'>ex</span> <span class='ocrx_word' id='word_1_17' title='bbox 1603 484 1706 525; x_wconf 89' lang='lat' dir='ltr'>reli-</span> 
     </span>
     <span class='ocr_line' id='line_1_3' title="bbox 207 547 1707 602; baseline 0.001 -15"><span class='ocrx_word' id='word_1_18' title='bbox 207 548 344 600; x_wconf 87' lang='lat' dir='ltr'>gione</span> <span class='ocrx_word' id='word_1_19' title='bbox 369 549 591 602; x_wconf 86' lang='lat' dir='ltr'>cogitant,</span> <span class='ocrx_word' id='word_1_20' title='bbox 615 548 717 602; x_wconf 92' lang='lat' dir='ltr'>quia</span> <span class='ocrx_word' id='word_1_21' title='bbox 741 561 833 589; x_wconf 92' lang='lat' dir='ltr'>non</span> <span class='ocrx_word' id='word_1_22' title='bbox 858 547 1113 602; x_wconf 85' lang='lat' dir='ltr'>spirituales</span> <span class='ocrx_word' id='word_1_23' title='bbox 1139 554 1259 597; x_wconf 91' lang='lat' dir='ltr'>sunt,</span> <span class='ocrx_word' id='word_1_24' title='bbox 1288 561 1370 589; x_wconf 92' lang='lat' dir='ltr'>nec</span> <span class='ocrx_word' id='word_1_25' title='bbox 1396 548 1570 589; x_wconf 90' lang='lat' dir='ltr'>habent</span> <span class='ocrx_word' id='word_1_26' title='bbox 1597 561 1707 588; x_wconf 92' lang='lat' dir='ltr'>con-</span> 
     </span>
     <span class='ocr_line' id='line_1_4' title="bbox 208 611 1708 665; baseline 0 -14"><span class='ocrx_word' id='word_1_27' title='bbox 208 611 443 652; x_wconf 87' lang='lat' dir='ltr'>scientiam</span> <span class='ocrx_word' id='word_1_28' title='bbox 462 625 471 662; x_wconf 90' lang='lat'>;</span> <span class='ocrx_word' id='word_1_29' title='bbox 505 625 640 665; x_wconf 88' lang='lat' dir='ltr'>quare</span> <span class='ocrx_word' id='word_1_30' title='bbox 666 612 701 652; x_wconf 93' lang='lat' dir='ltr'>si</span> <span class='ocrx_word' id='word_1_31' title='bbox 727 618 921 653; x_wconf 86' lang='lat' dir='ltr'>externa</span> <span class='ocrx_word' id='word_1_32' title='bbox 942 611 1119 652; x_wconf 91' lang='lat' dir='ltr'>illorum</span> <span class='ocrx_word' id='word_1_33' title='bbox 1141 611 1334 660; x_wconf 89' lang='lat' dir='ltr'>vincula,</span> <span class='ocrx_word' id='word_1_34' title='bbox 1358 625 1474 665; x_wconf 90' lang='lat' dir='ltr'>quae</span> <span class='ocrx_word' id='word_1_35' title='bbox 1496 617 1600 652; x_wconf 91' lang='lat' dir='ltr'>sunt</span> <span class='ocrx_word' id='word_1_36' title='bbox 1627 624 1708 664; x_wconf 88' lang='lat' dir='ltr'>pro</span> 
     </span>
     <span class='ocr_line' id='line_1_5' title="bbox 207 674 1705 728; baseline 0 -14"><span class='ocrx_word' id='word_1_37' title='bbox 207 674 310 727; x_wconf 87' lang='lat' dir='ltr'>lege</span> <span class='ocrx_word' id='word_1_38' title='bbox 332 681 378 715; x_wconf 91' lang='lat' dir='ltr'>et</span> <span class='ocrx_word' id='word_1_39' title='bbox 401 688 481 728; x_wconf 89' lang='lat' dir='ltr'>pro</span> <span class='ocrx_word' id='word_1_40' title='bbox 501 675 633 724; x_wconf 87' lang='lat' dir='ltr'>sama,</span> <span class='ocrx_word' id='word_1_41' title='bbox 653 675 739 716; x_wconf 90' lang='lat' dir='ltr'>illis</span> <span class='ocrx_word' id='word_1_42' title='bbox 756 675 1109 724; x_wconf 85' lang='lat' dir='ltr'>remitterentur,</span> <span class='ocrx_word' id='word_1_43' title='bbox 1128 681 1308 716; x_wconf 87' lang='lat' dir='ltr'>ruerent</span> <span class='ocrx_word' id='word_1_44' title='bbox 1330 675 1374 715; x_wconf 92' lang='lat' dir='ltr'>in</span> <span class='ocrx_word' id='word_1_45' title='bbox 1397 688 1532 715; x_wconf 90' lang='lat' dir='ltr'>omne</span> <span class='ocrx_word' id='word_1_46' title='bbox 1555 674 1705 715; x_wconf 88' lang='lat' dir='ltr'>nefas:</span> 
     </span>
    </p>

    <p class='ocr_par' dir='ltr' id='par_1_3' title="bbox 150 738 1709 1170">
     <span class='ocr_line' id='line_1_6' title="bbox 207 738 1705 792; baseline 0.001 -15"><span class='ocrx_word' id='word_1_47' title='bbox 207 743 254 777; x_wconf 87' lang='lat' dir='ltr'>at</span> <span class='ocrx_word' id='word_1_48' title='bbox 281 738 491 787; x_wconf 89' lang='lat' dir='ltr'>vicissim,</span> <span class='ocrx_word' id='word_1_49' title='bbox 519 739 554 779; x_wconf 93' lang='lat' dir='ltr'>si</span> <span class='ocrx_word' id='word_1_50' title='bbox 579 738 680 787; x_wconf 88' lang='lat' dir='ltr'>illis,</span> <span class='ocrx_word' id='word_1_51' title='bbox 707 739 781 792; x_wconf 87' lang='lat' dir='ltr'>qui</span> <span class='ocrx_word' id='word_1_52' title='bbox 808 739 1015 792; x_wconf 84' lang='lat' dir='ltr'>cogitant</span> <span class='ocrx_word' id='word_1_53' title='bbox 1041 752 1102 779; x_wconf 87' lang='lat' dir='ltr'>ex</span> <span class='ocrx_word' id='word_1_54' title='bbox 1127 738 1360 792; x_wconf 87' lang='lat' dir='ltr'>religione,</span> <span class='ocrx_word' id='word_1_55' title='bbox 1388 744 1582 779; x_wconf 86' lang='lat' dir='ltr'>externa</span> <span class='ocrx_word' id='word_1_56' title='bbox 1607 738 1705 778; x_wconf 89' lang='lat' dir='ltr'>vin-</span> 
     </span>
     <span class='ocr_line' id='line_1_7' title="bbox 150 794 1709 856; baseline 0.001 -16"><span class='ocrx_word' id='word_1_57' title='bbox 150 794 155 799; x_wconf 76' lang='grc'>’</span> <span class='ocrx_word' id='word_1_58' title='bbox 208 800 322 850; x_wconf 89' lang='lat' dir='ltr'>cula,</span> <span class='ocrx_word' id='word_1_59' title='bbox 342 815 455 855; x_wconf 93' lang='lat' dir='ltr'>quae</span> <span class='ocrx_word' id='word_1_60' title='bbox 478 809 582 843; x_wconf 91' lang='lat' dir='ltr'>sunt</span> <span class='ocrx_word' id='word_1_61' title='bbox 605 802 791 843; x_wconf 89' lang='lat' dir='ltr'>timores</span> <span class='ocrx_word' id='word_1_62' title='bbox 812 815 893 856; x_wconf 91' lang='lat' dir='ltr'>pro</span> <span class='ocrx_word' id='word_1_63' title='bbox 915 801 1017 855; x_wconf 88' lang='lat' dir='ltr'>lege</span> <span class='ocrx_word' id='word_1_64' title='bbox 1040 808 1086 843; x_wconf 91' lang='lat' dir='ltr'>et</span> <span class='ocrx_word' id='word_1_65' title='bbox 1108 802 1239 851; x_wconf 87' lang='lat' dir='ltr'>fama,</span> <span class='ocrx_word' id='word_1_66' title='bbox 1258 802 1549 851; x_wconf 85' lang='lat' dir='ltr'>auferrentur,</span> <span class='ocrx_word' id='word_1_67' title='bbox 1568 815 1709 855; x_wconf 92' lang='lat' dir='ltr'>usque</span> 
     </span>
     <span class='ocr_line' id='line_1_8' title="bbox 207 865 1707 919; baseline 0.001 -16"><span class='ocrx_word' id='word_1_68' title='bbox 207 865 394 913; x_wconf 90' lang='lat' dir='ltr'>sincere,</span> <span class='ocrx_word' id='word_1_69' title='bbox 423 865 543 918; x_wconf 89' lang='lat' dir='ltr'>juste</span> <span class='ocrx_word' id='word_1_70' title='bbox 574 872 620 907; x_wconf 91' lang='lat' dir='ltr'>et</span> <span class='ocrx_word' id='word_1_71' title='bbox 652 866 767 907; x_wconf 89' lang='lat' dir='ltr'>bene</span> <span class='ocrx_word' id='word_1_72' title='bbox 798 871 1017 919; x_wconf 87' lang='lat' dir='ltr'>agerent;</span> <span class='ocrx_word' id='word_1_73' title='bbox 1056 879 1161 906; x_wconf 91' lang='lat' dir='ltr'>nam</span> <span class='ocrx_word' id='word_1_74' title='bbox 1193 866 1358 906; x_wconf 91' lang='lat' dir='ltr'>timent</span> <span class='ocrx_word' id='word_1_75' title='bbox 1391 865 1552 913; x_wconf 92' lang='lat' dir='ltr'>Deum,</span> <span class='ocrx_word' id='word_1_76' title='bbox 1586 871 1633 905; x_wconf 92' lang='lat' dir='ltr'>et</span> <span class='ocrx_word' id='word_1_77' title='bbox 1665 865 1707 904; x_wconf 89' lang='lat' dir='ltr'>in</span> 
     </span>
     <span class='ocr_line' id='line_1_9' title="bbox 207 927 1707 972; baseline 0.004 -6"><span class='ocrx_word' id='word_1_78' title='bbox 207 927 302 968; x_wconf 92' lang='lat' dir='ltr'>vita</span> <span class='ocrx_word' id='word_1_79' title='bbox 331 928 617 970; x_wconf 85' lang='lat' dir='ltr'>obedientiae</span> <span class='ocrx_word' id='word_1_80' title='bbox 648 935 694 970; x_wconf 87' lang='lat' dir='ltr'>et</span> <span class='ocrx_word' id='word_1_81' title='bbox 725 929 959 970; x_wconf 89' lang='lat' dir='ltr'>charitatis</span> <span class='ocrx_word' id='word_1_82' title='bbox 985 934 1201 970; x_wconf 87' lang='lat' dir='ltr'>tenentur</span> <span class='ocrx_word' id='word_1_83' title='bbox 1226 943 1250 969; x_wconf 94' lang='lat' dir='ltr'>e</span> <span class='ocrx_word' id='word_1_84' title='bbox 1277 927 1405 969; x_wconf 90' lang='lat' dir='ltr'>caelo</span> <span class='ocrx_word' id='word_1_85' title='bbox 1436 942 1462 969; x_wconf 89' lang='lat' dir='ltr'>a</span> <span class='ocrx_word' id='word_1_86' title='bbox 1494 928 1707 972; x_wconf 80' lang='lat' dir='ltr'>Domino,</span> 
     </span>
     <span class='ocr_line' id='line_1_10' title="bbox 207 990 1708 1046; baseline 0.001 -15"><span class='ocrx_word' id='word_1_87' title='bbox 207 991 277 1031; x_wconf 92' lang='lat' dir='ltr'>cui</span> <span class='ocrx_word' id='word_1_88' title='bbox 309 990 536 1044; x_wconf 66' lang='lat' dir='ltr'>conjuncti</span> <span class='ocrx_word' id='word_1_89' title='bbox 573 998 691 1033; x_wconf 91' lang='lat' dir='ltr'>sunt.</span> <span class='ocrx_word' id='word_1_90' title='bbox 753 991 887 1045; x_wconf 85' lang='lat' dir='ltr'>Quod</span> <span class='ocrx_word' id='word_1_91' title='bbox 928 991 992 1032; x_wconf 87' lang='lat' dir='ltr'>illi</span> <span class='ocrx_word' id='word_1_92' title='bbox 1029 993 1102 1046; x_wconf 93' lang='lat' dir='ltr'>qui</span> <span class='ocrx_word' id='word_1_93' title='bbox 1134 998 1348 1046; x_wconf 89' lang='lat' dir='ltr'>separant</span> <span class='ocrx_word' id='word_1_94' title='bbox 1380 991 1650 1032; x_wconf 90' lang='lat' dir='ltr'>charitatem</span> <span class='ocrx_word' id='word_1_95' title='bbox 1682 1005 1708 1032; x_wconf 87' lang='lat' dir='ltr'>a</span> 
     </span>
     <span class='ocr_line' id='line_1_11' title="bbox 208 1053 1709 1109; baseline 0.001 -16"><span class='ocrx_word' id='word_1_96' title='bbox 208 1053 296 1095; x_wconf 86' lang='lat' dir='ltr'>fide</span> <span class='ocrx_word' id='word_1_97' title='bbox 321 1055 544 1097; x_wconf 80' lang='lat' dir='ltr'>¹dicantur</span> <span class='ocrx_word' id='word_1_98' title='bbox 581 1055 912 1104; x_wconf 87' lang='lat' dir='ltr'>“Nicolaitae,’&#39;</span> <span class='ocrx_word' id='word_1_99' title='bbox 948 1062 1021 1096; x_wconf 86' lang='lat' dir='ltr'>est</span> <span class='ocrx_word' id='word_1_100' title='bbox 1060 1056 1298 1109; x_wconf 86' lang='lat' dir='ltr'>praecipue</span> <span class='ocrx_word' id='word_1_101' title='bbox 1335 1069 1395 1096; x_wconf 87' lang='lat' dir='ltr'>ex</span> <span class='ocrx_word' id='word_1_102' title='bbox 1430 1056 1555 1096; x_wconf 91' lang='lat' dir='ltr'>vocis</span> <span class='ocrx_word' id='word_1_103' title='bbox 1591 1055 1709 1095; x_wconf 90' lang='lat' dir='ltr'>illius</span> 
     </span>
     <span class='ocr_line' id='line_1_12' title="bbox 208 1117 1709 1170; baseline 0.001 -13"><span class='ocrx_word' id='word_1_104' title='bbox 208 1130 321 1169; x_wconf 86' lang='lat' dir='ltr'>sono</span> <span class='ocrx_word' id='word_1_105' title='bbox 342 1118 386 1158; x_wconf 91' lang='lat' dir='ltr'>in</span> <span class='ocrx_word' id='word_1_106' title='bbox 409 1117 562 1170; x_wconf 88' lang='lat' dir='ltr'>caelo;</span> <span class='ocrx_word' id='word_1_107' title='bbox 595 1131 700 1159; x_wconf 92' lang='lat' dir='ltr'>nam</span> <span class='ocrx_word' id='word_1_108' title='bbox 723 1125 856 1159; x_wconf 90' lang='lat' dir='ltr'>sonat</span> <span class='ocrx_word' id='word_1_109' title='bbox 879 1133 938 1160; x_wconf 86' lang='lat' dir='ltr'>ex</span> <span class='ocrx_word' id='word_1_110' title='bbox 961 1133 1068 1159; x_wconf 91' lang='lat' dir='ltr'>vero</span> <span class='ocrx_word' id='word_1_111' title='bbox 1090 1133 1168 1160; x_wconf 89' lang='lat' dir='ltr'>seu</span> <span class='ocrx_word' id='word_1_112' title='bbox 1194 1118 1296 1167; x_wconf 88' lang='lat' dir='ltr'>fide,</span> <span class='ocrx_word' id='word_1_113' title='bbox 1320 1125 1367 1160; x_wconf 92' lang='lat' dir='ltr'>et</span> <span class='ocrx_word' id='word_1_114' title='bbox 1390 1132 1479 1159; x_wconf 92' lang='lat' dir='ltr'>non</span> <span class='ocrx_word' id='word_1_115' title='bbox 1503 1133 1563 1159; x_wconf 87' lang='lat' dir='ltr'>ex</span> <span class='ocrx_word' id='word_1_116' title='bbox 1589 1119 1709 1159; x_wconf 92' lang='lat' dir='ltr'>bono</span> 
     </span>
    </p>
   </div>
   <div class='ocr_carea' id='block_1_3' title="bbox 207 1179 1710 1229">
    <p class='ocr_par' dir='ltr' id='par_1_4' title="bbox 207 1179 1710 1229">
     <span class='ocr_line' id='line_1_13' title="bbox 207 1179 1710 1229; baseline 0.001 -10"><span class='ocrx_word' id='word_1_117' title='bbox 207 1191 286 1218; x_wconf 78' lang='lat' dir='ltr'>SCU</span> <span class='ocrx_word' id='word_1_118' title='bbox 311 1179 554 1220; x_wconf 79' lang='lat' dir='ltr'>Charitate.</span> <span class='ocrx_word' id='word_1_119' title='bbox 613 1190 727 1229; x_wconf 82' lang='lat' dir='ltr'>(Quod</span> <span class='ocrx_word' id='word_1_120' title='bbox 745 1200 785 1220; x_wconf 88' lang='lat' dir='ltr'>ex</span> <span class='ocrx_word' id='word_1_121' title='bbox 799 1191 931 1220; x_wconf 88' lang='lat' dir='ltr'>vocibus</span> <span class='ocrx_word' id='word_1_122' title='bbox 945 1191 978 1220; x_wconf 91' lang='lat' dir='ltr'>in</span> <span class='ocrx_word' id='word_1_123' title='bbox 992 1191 1102 1220; x_wconf 89' lang='lat' dir='ltr'>Verbo</span> <span class='ocrx_word' id='word_1_124' title='bbox 1116 1191 1187 1220; x_wconf 90' lang='lat' dir='ltr'>sciri</span> <span class='ocrx_word' id='word_1_125' title='bbox 1205 1191 1305 1229; x_wconf 88' lang='lat' dir='ltr'>possit</span> <span class='ocrx_word' id='word_1_126' title='bbox 1318 1200 1397 1221; x_wconf 91' lang='lat' dir='ltr'>num</span> <span class='ocrx_word' id='word_1_127' title='bbox 1411 1191 1574 1220; x_wconf 85' lang='lat' dir='ltr'>involvant</span> <span class='ocrx_word' id='word_1_128' title='bbox 1587 1191 1710 1220; x_wconf 88' lang='lat' dir='ltr'>bonum</span> 
     </span>
    </p>
   </div>
   <div class='ocr_carea' id='block_1_4' title="bbox 205 1241 1713 1327">
    <p class='ocr_par' dir='ltr' id='par_1_5' title="bbox 205 1241 1713 1327">
     <span class='ocr_line' id='line_1_14' title="bbox 205 1241 1713 1280; baseline 0.002 -12"><span class='ocrx_word' id='word_1_129' title='bbox 205 1244 261 1268; x_wconf 88' lang='lat' dir='ltr'>aut</span> <span class='ocrx_word' id='word_1_130' title='bbox 274 1249 395 1275; x_wconf 83' lang='lat' dir='ltr'>verum,</span> <span class='ocrx_word' id='word_1_131' title='bbox 407 1241 450 1270; x_wconf 86' lang='lat' dir='ltr'>ita</span> <span class='ocrx_word' id='word_1_132' title='bbox 464 1250 594 1279; x_wconf 89' lang='lat' dir='ltr'>quoque</span> <span class='ocrx_word' id='word_1_133' title='bbox 608 1250 686 1271; x_wconf 90' lang='lat' dir='ltr'>num</span> <span class='ocrx_word' id='word_1_134' title='bbox 701 1251 802 1271; x_wconf 90' lang='lat' dir='ltr'>unum</span> <span class='ocrx_word' id='word_1_135' title='bbox 816 1247 998 1280; x_wconf 84' lang='lat' dir='ltr'>separatum</span> <span class='ocrx_word' id='word_1_136' title='bbox 1012 1242 1053 1271; x_wconf 91' lang='lat' dir='ltr'>ab</span> <span class='ocrx_word' id='word_1_137' title='bbox 1067 1242 1177 1277; x_wconf 87' lang='lat' dir='ltr'>altero,</span> <span class='ocrx_word' id='word_1_138' title='bbox 1188 1242 1334 1271; x_wconf 89' lang='lat' dir='ltr'>videatur</span> <span class='ocrx_word' id='word_1_139' title='bbox 1347 1242 1379 1270; x_wconf 91' lang='lat' dir='ltr'>in</span> <span class='ocrx_word' id='word_1_140' title='bbox 1394 1249 1491 1280; x_wconf 74' lang='lat' dir='ltr'>opere</span> <span class='ocrx_word' id='word_1_141' title='bbox 1507 1243 1558 1271; x_wconf 83' lang='lat' dir='ltr'>De</span> <span class='ocrx_word' id='word_1_142' title='bbox 1577 1242 1668 1272; x_wconf 86' lang='lat' dir='ltr'>Caelo</span> <span class='ocrx_word' id='word_1_143' title='bbox 1682 1245 1713 1271; x_wconf 82' lang='lat' dir='ltr'>et</span> 
     </span>
     <span class='ocr_line' id='line_1_15' title="bbox 208 1287 493 1327; baseline 0.007 -11"><span class='ocrx_word' id='word_1_144' title='bbox 208 1287 345 1326; x_wconf 79' lang='lat' dir='ltr'>lnserno,</span> <span class='ocrx_word' id='word_1_145' title='bbox 362 1296 393 1317; x_wconf 88' lang='lat' dir='ltr'>n.</span> <span class='ocrx_word' id='word_1_146' title='bbox 409 1290 493 1327; x_wconf 87' lang='lat'><em>241.)</em></span> 
     </span>
    </p>
   </div>
   <div class='ocr_carea' id='block_1_5' title="bbox 206 1347 1716 1840">
    <p class='ocr_par' dir='ltr' id='par_1_6' title="bbox 206 1347 1716 1840">
     <span class='ocr_line' id='line_1_16' title="bbox 291 1347 1713 1401; baseline -0.001 -13"><span class='ocrx_word' id='word_1_147' title='bbox 291 1347 423 1390; x_wconf 84' lang='lat'>108.</span> <span class='ocrx_word' id='word_1_148' title='bbox 455 1357 561 1396; x_wconf 82' lang='lat' dir='ltr'>[Vers.</span> <span class='ocrx_word' id='word_1_149' title='bbox 581 1358 626 1396; x_wconf 91' lang='lat'>7.]</span> <span class='ocrx_word' id='word_1_150' title='bbox 657 1347 847 1389; x_wconf 71' lang='lat' dir='ltr'>“Habens</span> <span class='ocrx_word' id='word_1_151' title='bbox 871 1361 1013 1388; x_wconf 78' lang='lat' dir='ltr'>aut-em</span> <span class='ocrx_word' id='word_1_152' title='bbox 1034 1347 1177 1388; x_wconf 74' lang='lat' dir='ltr'>audiat</span> <span class='ocrx_word' id='word_1_153' title='bbox 1197 1347 1294 1401; x_wconf 81' lang='lat' dir='ltr'>quid</span> <span class='ocrx_word' id='word_1_154' title='bbox 1317 1347 1491 1400; x_wconf 71' lang='lat' dir='ltr'>spir-itus</span> <span class='ocrx_word' id='word_1_155' title='bbox 1514 1347 1615 1388; x_wconf 76' lang='lat' dir='ltr'><em>dicit</em></span> <span class='ocrx_word' id='word_1_156' title='bbox 1640 1360 1713 1388; x_wconf 80' lang='grc' dir='ltr'>οι·-</span> 
     </span>
     <span class='ocr_line' id='line_1_17' title="bbox 208 1406 1716 1462; baseline -0.001 -13"><span class='ocrx_word' id='word_1_157' title='bbox 208 1407 589 1460; x_wconf 58' lang='lat' dir='ltr'>olesit&#39;sf&#39;—Quod</span> <span class='ocrx_word' id='word_1_158' title='bbox 619 1408 843 1461; x_wconf 88' lang='lat' dir='ltr'>significet</span> <span class='ocrx_word' id='word_1_159' title='bbox 868 1408 989 1462; x_wconf 86' lang='lat' dir='ltr'>quod</span> <span class='ocrx_word' id='word_1_160' title='bbox 1012 1409 1093 1462; x_wconf 78' lang='lat' dir='ltr'>qui</span> <span class='ocrx_word' id='word_1_161' title='bbox 1115 1408 1338 1462; x_wconf 71' lang='lat' dir='ltr'><em>intelligit</em></span> <span class='ocrx_word' id='word_1_162' title='bbox 1360 1408 1578 1449; x_wconf 84' lang='lat' dir='ltr'>auscultet</span> <span class='ocrx_word' id='word_1_163' title='bbox 1600 1406 1716 1462; x_wconf 85' lang='lat' dir='ltr'>quid</span> 
     </span>
     <span class='ocr_line' id='line_1_18' title="bbox 206 1469 1715 1524; baseline 0.001 -14"><span class='ocrx_word' id='word_1_164' title='bbox 206 1470 421 1511; x_wconf 85' lang='lat' dir='ltr'>Divinum</span> <span class='ocrx_word' id='word_1_165' title='bbox 453 1469 614 1511; x_wconf 83' lang='lat' dir='ltr'><em>Verum</em></span> <span class='ocrx_word' id='word_1_166' title='bbox 632 1471 871 1523; x_wconf 82' lang='lat' dir='ltr'>procedens</span> <span class='ocrx_word' id='word_1_167' title='bbox 897 1485 926 1511; x_wconf 89' lang='lat' dir='ltr'>a</span> <span class='ocrx_word' id='word_1_168' title='bbox 952 1470 1140 1511; x_wconf 85' lang='lat' dir='ltr'>Domino</span> <span class='ocrx_word' id='word_1_169' title='bbox 1165 1471 1285 1512; x_wconf 84' lang='lat' dir='ltr'><em>docet</em></span> <span class='ocrx_word' id='word_1_170' title='bbox 1313 1477 1355 1511; x_wconf 87' lang='lat' dir='ltr'>et</span> <span class='ocrx_word' id='word_1_171' title='bbox 1385 1470 1493 1511; x_wconf 78' lang='lat' dir='ltr'><em>dicit</em></span> <span class='ocrx_word' id='word_1_172' title='bbox 1516 1469 1609 1511; x_wconf 79' lang='lat' dir='ltr'>illis</span> <span class='ocrx_word' id='word_1_173' title='bbox 1635 1470 1715 1524; x_wconf 84' lang='lat' dir='ltr'>qui</span> 
     </span>
     <span class='ocr_line' id='line_1_19' title="bbox 207 1533 1710 1588; baseline -0.001 -13"><span class='ocrx_word' id='word_1_174' title='bbox 207 1534 262 1576; x_wconf 84' lang='lat' dir='ltr'>ab</span> <span class='ocrx_word' id='word_1_175' title='bbox 286 1534 462 1575; x_wconf 84' lang='lat' dir='ltr'>ecclesia</span> <span class='ocrx_word' id='word_1_176' title='bbox 490 1534 642 1587; x_wconf 83' lang='lat' dir='ltr'>Ipsius</span> <span class='ocrx_word' id='word_1_177' title='bbox 668 1541 785 1583; x_wconf 86' lang='lat' dir='ltr'>sunt,</span> <span class='ocrx_word' id='word_1_178' title='bbox 814 1540 997 1575; x_wconf 89' lang='lat' dir='ltr'>constat</span> <span class='ocrx_word' id='word_1_179' title='bbox 1029 1548 1088 1575; x_wconf 89' lang='lat' dir='ltr'>ex</span> <span class='ocrx_word' id='word_1_180' title='bbox 1121 1533 1454 1588; x_wconf 88' lang='lat' dir='ltr'>significatione</span> <span class='ocrx_word' id='word_1_181' title='bbox 1482 1533 1710 1575; x_wconf 88' lang='lat' dir='ltr'>“Habens</span> 
     </span>
     <span class='ocr_line' id='line_1_20' title="bbox 207 1597 1710 1652; baseline 0 -14"><span class='ocrx_word' id='word_1_182' title='bbox 207 1611 360 1652; x_wconf 83' lang='lat' dir='ltr'>aurem</span> <span class='ocrx_word' id='word_1_183' title='bbox 383 1598 575 1646; x_wconf 87' lang='lat' dir='ltr'>audiat‚&#39;’</span> <span class='ocrx_word' id='word_1_184' title='bbox 593 1598 713 1651; x_wconf 92' lang='lat' dir='ltr'>quod</span> <span class='ocrx_word' id='word_1_185' title='bbox 736 1599 794 1639; x_wconf 89' lang='lat' dir='ltr'>sit</span> <span class='ocrx_word' id='word_1_186' title='bbox 814 1599 886 1651; x_wconf 92' lang='lat' dir='ltr'>qui</span> <span class='ocrx_word' id='word_1_187' title='bbox 910 1597 1129 1650; x_wconf 88' lang='lat' dir='ltr'>intelligit</span> <span class='ocrx_word' id='word_1_188' title='bbox 1151 1597 1376 1639; x_wconf 84' lang='lat' dir='ltr'>auscultet</span> <span class='ocrx_word' id='word_1_189' title='bbox 1399 1611 1476 1638; x_wconf 89' lang='lat' dir='ltr'>seu</span> <span class='ocrx_word' id='word_1_190' title='bbox 1498 1597 1681 1639; x_wconf 89' lang='lat' dir='ltr'>obediat</span> <span class='ocrx_word' id='word_1_191' title='bbox 1700 1612 1710 1648; x_wconf 90' lang='grc'><strong>;</strong></span> 
     </span>
     <span class='ocr_line' id='line_1_21' title="bbox 211 1660 1710 1715; baseline -0.001 -13"><span class='ocrx_word' id='word_1_192' title='bbox 211 1660 350 1715; x_wconf 90' lang='lat' dir='ltr'>(quod</span> <span class='ocrx_word' id='word_1_193' title='bbox 371 1665 395 1681; x_wconf 90' lang='lat'>“</span> <span class='ocrx_word' id='word_1_194' title='bbox 408 1661 592 1702; x_wconf 82' lang='lat' dir='ltr'>audire”</span> <span class='ocrx_word' id='word_1_195' title='bbox 610 1662 667 1702; x_wconf 88' lang='lat' dir='ltr'>sit</span> <span class='ocrx_word' id='word_1_196' title='bbox 686 1661 943 1714; x_wconf 84' lang='lat' dir='ltr'>intelligere</span> <span class='ocrx_word' id='word_1_197' title='bbox 961 1668 1007 1701; x_wconf 90' lang='lat' dir='ltr'>et</span> <span class='ocrx_word' id='word_1_198' title='bbox 1026 1661 1187 1708; x_wconf 85' lang='lat' dir='ltr'>facere,</span> <span class='ocrx_word' id='word_1_199' title='bbox 1205 1675 1283 1702; x_wconf 86' lang='lat' dir='ltr'>seu</span> <span class='ocrx_word' id='word_1_200' title='bbox 1302 1660 1571 1710; x_wconf 88' lang='lat' dir='ltr'>auscultare,</span> <span class='ocrx_word' id='word_1_201' title='bbox 1584 1661 1710 1702; x_wconf 91' lang='lat' dir='ltr'>vide-</span> 
     </span>
     <span class='ocr_line' id='line_1_22' title="bbox 208 1722 1711 1778; baseline -0.001 -13"><span class='ocrx_word' id='word_1_202' title='bbox 208 1732 310 1766; x_wconf 84' lang='lat' dir='ltr'>atur</span> <span class='ocrx_word' id='word_1_203' title='bbox 331 1739 476 1778; x_wconf 90' lang='lat' dir='ltr'>supra‚</span> <span class='ocrx_word' id='word_1_204' title='bbox 502 1738 543 1764; x_wconf 88' lang='lat' dir='ltr'>n.</span> <span class='ocrx_word' id='word_1_205' title='bbox 572 1736 622 1775; x_wconf 89' lang='lat'>14</span> <span class='ocrx_word' id='word_1_206' title='bbox 638 1723 668 1778; x_wconf 82' lang='lat'>3)</span> <span class='ocrx_word' id='word_1_207' title='bbox 704 1738 763 1765; x_wconf 86' lang='lat' dir='ltr'>ex</span> <span class='ocrx_word' id='word_1_208' title='bbox 786 1723 1114 1777; x_wconf 87' lang='lat' dir='ltr'>significatione</span> <span class='ocrx_word' id='word_1_209' title='bbox 1139 1722 1398 1778; x_wconf 87' lang='lat' dir='ltr'>“Spiritus,”</span> <span class='ocrx_word' id='word_1_210' title='bbox 1421 1724 1491 1764; x_wconf 93' lang='lat' dir='ltr'>hic</span> <span class='ocrx_word' id='word_1_211' title='bbox 1520 1723 1711 1777; x_wconf 86' lang='lat' dir='ltr'>Spiritus</span> 
     </span>
     <span class='ocr_line' id='line_1_23' title="bbox 209 1784 1711 1840; baseline -0.001 -14"><span class='ocrx_word' id='word_1_212' title='bbox 209 1786 310 1835; x_wconf 90' lang='lat' dir='ltr'>Dei,</span> <span class='ocrx_word' id='word_1_213' title='bbox 329 1786 450 1840; x_wconf 92' lang='lat' dir='ltr'>quod</span> <span class='ocrx_word' id='word_1_214' title='bbox 472 1786 531 1826; x_wconf 87' lang='lat' dir='ltr'>sit</span> <span class='ocrx_word' id='word_1_215' title='bbox 554 1785 770 1826; x_wconf 90' lang='lat' dir='ltr'>Divinum</span> <span class='ocrx_word' id='word_1_216' title='bbox 786 1784 959 1825; x_wconf 88' lang='lat' dir='ltr'>Verum</span> <span class='ocrx_word' id='word_1_217' title='bbox 982 1785 1239 1838; x_wconf 89' lang='lat' dir='ltr'>procedens</span> <span class='ocrx_word' id='word_1_218' title='bbox 1260 1799 1286 1825; x_wconf 87' lang='lat' dir='ltr'>a</span> <span class='ocrx_word' id='word_1_219' title='bbox 1309 1784 1511 1839; x_wconf 86' lang='lat' dir='ltr'>Domino</span> <span class='ocrx_word' id='word_1_220' title='bbox 1530 1795 1585 1833; x_wconf 88' lang='lat' dir='ltr'>(de</span> <span class='ocrx_word' id='word_1_221' title='bbox 1600 1796 1711 1833; x_wconf 85' lang='lat' dir='ltr'>quain</span> 
     </span>
    </p>
   </div>
   <div class='ocr_carea' id='block_1_6' title="bbox 207 1847 1710 1943">
    <p class='ocr_par' dir='ltr' id='par_1_7' title="bbox 207 1847 1710 1943">
     <span class='ocr_line' id='line_1_24' title="bbox 207 1847 1710 1884; baseline -0.001 -8"><span class='ocrx_word' id='word_1_222' title='bbox 207 1848 346 1876; x_wconf 86' lang='lat' dir='ltr'>Arcanis</span> <span class='ocrx_word' id='word_1_223' title='bbox 360 1848 557 1881; x_wconf 79' lang='lat' dir='ltr'>Caelestibus,</span> <span class='ocrx_word' id='word_1_224' title='bbox 569 1856 600 1876; x_wconf 90' lang='lat' dir='ltr'>n.</span> <span class='ocrx_word' id='word_1_225' title='bbox 611 1856 701 1884; x_wconf 85' lang='lat'>3704,</span> <span class='ocrx_word' id='word_1_226' title='bbox 712 1854 801 1883; x_wconf 84' lang='grc'>5307,</span> <span class='ocrx_word' id='word_1_227' title='bbox 814 1847 903 1882; x_wconf 91' lang='grc'>6788,</span> <span class='ocrx_word' id='word_1_228' title='bbox 914 1847 1004 1883; x_wconf 89' lang='grc'>6982,</span> <span class='ocrx_word' id='word_1_229' title='bbox 1015 1847 1104 1883; x_wconf 84' lang='grc'>6993,</span> <span class='ocrx_word' id='word_1_230' title='bbox 1115 1855 1205 1883; x_wconf 84' lang='grc'>7004,</span> <span class='ocrx_word' id='word_1_231' title='bbox 1216 1855 1306 1883; x_wconf 84' lang='grc'>7499,</span> <span class='ocrx_word' id='word_1_232' title='bbox 1317 1848 1406 1883; x_wconf 85' lang='grc'>8302,</span> <span class='ocrx_word' id='word_1_233' title='bbox 1417 1855 1507 1883; x_wconf 80' lang='lat'><strong>9199,</strong></span> <span class='ocrx_word' id='word_1_234' title='bbox 1519 1848 1609 1883; x_wconf 87' lang='grc'>9228,</span> <span class='ocrx_word' id='word_1_235' title='bbox 1619 1856 1710 1883; x_wconf 87' lang='grc'>9229,</span> 
     </span>
     <span class='ocr_line' id='line_1_25' title="bbox 207 1889 1710 1943; baseline -0.001 -12"><span class='ocrx_word' id='word_1_236' title='bbox 207 1890 330 1939; x_wconf 58' lang='grc'>[139303.</span> <span class='ocrx_word' id='word_1_237' title='bbox 343 1911 433 1939; x_wconf 86' lang='lat'>9407,</span> <span class='ocrx_word' id='word_1_238' title='bbox 446 1903 536 1939; x_wconf 85' lang='lat'>9818,</span> <span class='ocrx_word' id='word_1_239' title='bbox 549 1903 640 1939; x_wconf 89' lang='lat'>9820,</span> <span class='ocrx_word' id='word_1_240' title='bbox 656 1901 768 1939; x_wconf 86' lang='lat'>10330)</span> <span class='ocrx_word' id='word_1_241' title='bbox 785 1904 795 1941; x_wconf 86' lang='lat'>;</span> <span class='ocrx_word' id='word_1_242' title='bbox 827 1896 875 1930; x_wconf 90' lang='lat' dir='ltr'>et</span> <span class='ocrx_word' id='word_1_243' title='bbox 898 1904 958 1930; x_wconf 88' lang='lat' dir='ltr'>ex</span> <span class='ocrx_word' id='word_1_244' title='bbox 976 1889 1313 1943; x_wconf 86' lang='lat' dir='ltr'>significatione</span> <span class='ocrx_word' id='word_1_245' title='bbox 1331 1894 1356 1910; x_wconf 90' lang='lat'><strong>“</strong></span> <span class='ocrx_word' id='word_1_246' title='bbox 1369 1889 1710 1939; x_wconf 88' lang='lat' dir='ltr'>ecclesiarum,’&#39;</span> 
     </span>
    </p>
   </div>
   <div class='ocr_carea' id='block_1_7' title="bbox 207 1951 1712 2829">
    <p class='ocr_par' dir='ltr' id='par_1_8' title="bbox 207 1951 1712 2829">
     <span class='ocr_line' id='line_1_26' title="bbox 207 1951 1711 2007; baseline -0.001 -14"><span class='ocrx_word' id='word_1_247' title='bbox 207 1953 440 2007; x_wconf 86' lang='lat' dir='ltr'>quod-sint</span> <span class='ocrx_word' id='word_1_248' title='bbox 463 1953 536 2006; x_wconf 92' lang='lat' dir='ltr'>qui</span> <span class='ocrx_word' id='word_1_249' title='bbox 558 1953 602 1992; x_wconf 93' lang='lat' dir='ltr'>in</span> <span class='ocrx_word' id='word_1_250' title='bbox 625 1952 740 1992; x_wconf 89' lang='lat' dir='ltr'>veris</span> <span class='ocrx_word' id='word_1_251' title='bbox 764 1965 823 1992; x_wconf 87' lang='lat' dir='ltr'>ex</span> <span class='ocrx_word' id='word_1_252' title='bbox 846 1951 981 2000; x_wconf 90' lang='lat' dir='ltr'>bono,</span> <span class='ocrx_word' id='word_1_253' title='bbox 1006 1966 1084 1992; x_wconf 91' lang='lat' dir='ltr'>seu</span> <span class='ocrx_word' id='word_1_254' title='bbox 1105 1952 1149 1991; x_wconf 90' lang='lat' dir='ltr'>in</span> <span class='ocrx_word' id='word_1_255' title='bbox 1172 1951 1259 1992; x_wconf 86' lang='lat' dir='ltr'>fide</span> <span class='ocrx_word' id='word_1_256' title='bbox 1281 1965 1340 1992; x_wconf 87' lang='lat' dir='ltr'>ex</span> <span class='ocrx_word' id='word_1_257' title='bbox 1364 1951 1614 2002; x_wconf 81' lang='lat' dir='ltr'>charitate3</span> <span class='ocrx_word' id='word_1_258' title='bbox 1646 1952 1711 1992; x_wconf 90' lang='lat' dir='ltr'>ita</span> 
     </span>
     <span class='ocr_line' id='line_1_27' title="bbox 208 2014 1712 2070; baseline -0.001 -13"><span class='ocrx_word' id='word_1_259' title='bbox 208 2017 282 2070; x_wconf 87' lang='lat' dir='ltr'>qui</span> <span class='ocrx_word' id='word_1_260' title='bbox 307 2016 365 2056; x_wconf 91' lang='lat' dir='ltr'>ab</span> <span class='ocrx_word' id='word_1_261' title='bbox 387 2015 591 2063; x_wconf 83' lang='lat' dir='ltr'>ecclesia,</span> <span class='ocrx_word' id='word_1_262' title='bbox 615 2028 720 2055; x_wconf 88' lang='lat' dir='ltr'>nam</span> <span class='ocrx_word' id='word_1_263' title='bbox 743 2028 834 2056; x_wconf 90' lang='lat' dir='ltr'>non</span> <span class='ocrx_word' id='word_1_264' title='bbox 857 2014 930 2055; x_wconf 87' lang='lat' dir='ltr'>alii</span> <span class='ocrx_word' id='word_1_265' title='bbox 952 2015 1009 2055; x_wconf 89' lang='lat' dir='ltr'>ab</span> <span class='ocrx_word' id='word_1_266' title='bbox 1031 2014 1223 2055; x_wconf 87' lang='lat' dir='ltr'>ecclesia</span> <span class='ocrx_word' id='word_1_267' title='bbox 1245 2021 1362 2055; x_wconf 91' lang='lat' dir='ltr'>sunt.</span> <span class='ocrx_word' id='word_1_268' title='bbox 1426 2014 1553 2056; x_wconf 90' lang='lat' dir='ltr'>Haec</span> <span class='ocrx_word' id='word_1_269' title='bbox 1572 2015 1712 2056; x_wconf 88' lang='lat' dir='ltr'>verba</span> 
     </span>
     <span class='ocr_line' id='line_1_28' title="bbox 209 2077 1711 2132; baseline -0.001 -12"><span class='ocrx_word' id='word_1_270' title='bbox 209 2080 428 2127; x_wconf 86' lang='lat' dir='ltr'>dicuntur,</span> <span class='ocrx_word' id='word_1_271' title='bbox 448 2092 624 2132; x_wconf 87' lang='lat' dir='ltr'>nempe,</span> <span class='ocrx_word' id='word_1_272' title='bbox 647 2082 671 2098; x_wconf 88' lang='lat'><strong>“</strong></span> <span class='ocrx_word' id='word_1_273' title='bbox 686 2078 875 2119; x_wconf 91' lang='lat' dir='ltr'>Habens</span> <span class='ocrx_word' id='word_1_274' title='bbox 901 2092 1053 2119; x_wconf 88' lang='lat' dir='ltr'>aurem</span> <span class='ocrx_word' id='word_1_275' title='bbox 1079 2078 1231 2119; x_wconf 90' lang='lat' dir='ltr'>audiat</span> <span class='ocrx_word' id='word_1_276' title='bbox 1257 2078 1361 2132; x_wconf 90' lang='lat' dir='ltr'>quid</span> <span class='ocrx_word' id='word_1_277' title='bbox 1389 2077 1579 2132; x_wconf 86' lang='lat' dir='ltr'>Spiritus</span> <span class='ocrx_word' id='word_1_278' title='bbox 1602 2078 1711 2119; x_wconf 91' lang='lat' dir='ltr'>dicit</span> 
     </span>
     <span class='ocr_line' id='line_1_29' title="bbox 208 2140 1710 2196; baseline 0.001 -14"><span class='ocrx_word' id='word_1_279' title='bbox 208 2141 448 2191; x_wconf 89' lang='lat' dir='ltr'>ecclesiis,”</span> <span class='ocrx_word' id='word_1_280' title='bbox 466 2143 681 2182; x_wconf 90' lang='lat' dir='ltr'>unicuivis</span> <span class='ocrx_word' id='word_1_281' title='bbox 699 2142 918 2183; x_wconf 88' lang='lat' dir='ltr'>ecclesiae</span> <span class='ocrx_word' id='word_1_282' title='bbox 945 2140 1035 2194; x_wconf 92' lang='lat' dir='ltr'>(hic</span> <span class='ocrx_word' id='word_1_283' title='bbox 1059 2141 1342 2195; x_wconf 89' lang='lat' dir='ltr'>Ephesinae;</span> <span class='ocrx_word' id='word_1_284' title='bbox 1375 2148 1536 2196; x_wconf 89' lang='lat' dir='ltr'>postea</span> <span class='ocrx_word' id='word_1_285' title='bbox 1554 2141 1710 2195; x_wconf 90' lang='lat' dir='ltr'>Smyr-</span> 
     </span>
     <span class='ocr_line' id='line_1_30' title="bbox 208 2205 1709 2258; baseline -0.001 -12"><span class='ocrx_word' id='word_1_286' title='bbox 208 2206 348 2254; x_wconf 92' lang='lat' dir='ltr'>nensi,</span> <span class='ocrx_word' id='word_1_287' title='bbox 364 2219 477 2246; x_wconf 81' lang='lat' dir='ltr'>verS.</span> <span class='ocrx_word' id='word_1_288' title='bbox 502 2216 544 2245; x_wconf 93' lang='lat'>11</span> <span class='ocrx_word' id='word_1_289' title='bbox 566 2219 575 2255; x_wconf 92' lang='lat'>;</span> <span class='ocrx_word' id='word_1_290' title='bbox 615 2205 918 2258; x_wconf 86' lang='lat' dir='ltr'>Pergamensi,</span> <span class='ocrx_word' id='word_1_291' title='bbox 935 2219 1048 2245; x_wconf 90' lang='lat' dir='ltr'>vers.</span> <span class='ocrx_word' id='word_1_292' title='bbox 1070 2215 1117 2257; x_wconf 90' lang='lat'>17</span> <span class='ocrx_word' id='word_1_293' title='bbox 1137 2220 1146 2256; x_wconf 93' lang='lat'>;</span> <span class='ocrx_word' id='word_1_294' title='bbox 1179 2205 1482 2258; x_wconf 66' lang='lat' dir='ltr'>Thyaffirensi,</span> <span class='ocrx_word' id='word_1_295' title='bbox 1499 2219 1612 2246; x_wconf 90' lang='lat' dir='ltr'>vers.</span> <span class='ocrx_word' id='word_1_296' title='bbox 1628 2213 1709 2258; x_wconf 87' lang='lat'>29;</span> 
     </span>
     <span class='ocr_line' id='line_1_31' title="bbox 209 2268 1709 2322; baseline -0.001 -12"><span class='ocrx_word' id='word_1_297' title='bbox 209 2268 432 2318; x_wconf 76' lang='lat' dir='ltr'>sardensi,</span> <span class='ocrx_word' id='word_1_298' title='bbox 449 2282 544 2322; x_wconf 91' lang='lat' dir='ltr'>cap.</span> <span class='ocrx_word' id='word_1_299' title='bbox 561 2269 630 2317; x_wconf 89' lang='lat' dir='ltr'>iii.‚</span> <span class='ocrx_word' id='word_1_300' title='bbox 647 2283 760 2309; x_wconf 91' lang='lat' dir='ltr'>vers.</span> <span class='ocrx_word' id='word_1_301' title='bbox 775 2268 803 2309; x_wconf 90' lang='lat'><strong>6</strong></span> <span class='ocrx_word' id='word_1_302' title='bbox 822 2283 831 2319; x_wconf 92' lang='lat'>;</span> <span class='ocrx_word' id='word_1_303' title='bbox 870 2268 1264 2322; x_wconf 86' lang='lat' dir='ltr'>Philadelphiensi,</span> <span class='ocrx_word' id='word_1_304' title='bbox 1280 2282 1394 2309; x_wconf 88' lang='lat' dir='ltr'>vers.</span> <span class='ocrx_word' id='word_1_305' title='bbox 1416 2280 1462 2320; x_wconf 86' lang='lat'>13</span> <span class='ocrx_word' id='word_1_306' title='bbox 1482 2276 1490 2319; x_wconf 86' lang='grc'>;’</span> <span class='ocrx_word' id='word_1_307' title='bbox 1529 2268 1709 2309; x_wconf 81' lang='lat' dir='ltr'>et&#39;Lao-</span> 
     </span>
     <span class='ocr_line' id='line_1_32' title="bbox 209 2332 1711 2386; baseline 0 -13"><span class='ocrx_word' id='word_1_308' title='bbox 209 2333 391 2381; x_wconf 87' lang='lat' dir='ltr'>dicensi,</span> <span class='ocrx_word' id='word_1_309' title='bbox 415 2346 527 2373; x_wconf 88' lang='lat' dir='ltr'>vers.</span> <span class='ocrx_word' id='word_1_310' title='bbox 555 2332 645 2386; x_wconf 82' lang='grc'>22),</span> <span class='ocrx_word' id='word_1_311' title='bbox 673 2346 732 2372; x_wconf 84' lang='lat' dir='ltr'>ex</span> <span class='ocrx_word' id='word_1_312' title='bbox 760 2345 908 2380; x_wconf 89' lang='lat' dir='ltr'>causa,</span> <span class='ocrx_word' id='word_1_313' title='bbox 933 2339 987 2372; x_wconf 92' lang='lat' dir='ltr'>ut·</span> <span class='ocrx_word' id='word_1_314' title='bbox 1008 2333 1308 2386; x_wconf 89' lang='lat' dir='ltr'>unusquisque</span> <span class='ocrx_word' id='word_1_315' title='bbox 1334 2333 1408 2386; x_wconf 91' lang='lat' dir='ltr'>qui</span> <span class='ocrx_word' id='word_1_316' title='bbox 1435 2333 1491 2373; x_wconf 87' lang='lat' dir='ltr'>ab</span> <span class='ocrx_word' id='word_1_317' title='bbox 1518 2332 1711 2373; x_wconf 89' lang='lat' dir='ltr'>ecclesia</span> 
     </span>
     <span class='ocr_line' id='line_1_33' title="bbox 209 2395 1709 2449; baseline 0 -13"><span class='ocrx_word' id='word_1_318' title='bbox 209 2397 322 2437; x_wconf 91' lang='lat' dir='ltr'>sciat</span> <span class='ocrx_word' id='word_1_319' title='bbox 349 2396 468 2449; x_wconf 90' lang='lat' dir='ltr'>quod</span> <span class='ocrx_word' id='word_1_320' title='bbox 495 2396 606 2436; x_wconf 91' lang='lat' dir='ltr'>scire</span> <span class='ocrx_word' id='word_1_321' title='bbox 633 2402 679 2436; x_wconf 89' lang='lat' dir='ltr'>et</span> <span class='ocrx_word' id='word_1_322' title='bbox 711 2395 966 2448; x_wconf 84' lang='lat' dir='ltr'>intelligere</span> <span class='ocrx_word' id='word_1_323' title='bbox 993 2402 1169 2437; x_wconf 87' lang='lat' dir='ltr'>vera-et</span> <span class='ocrx_word' id='word_1_324' title='bbox 1201 2396 1321 2436; x_wconf 91' lang='lat' dir='ltr'>bona</span> <span class='ocrx_word' id='word_1_325' title='bbox 1352 2395 1468 2444; x_wconf 89' lang='lat' dir='ltr'>fidei,</span> <span class='ocrx_word' id='word_1_326' title='bbox 1497 2410 1575 2436; x_wconf 88' lang='lat' dir='ltr'>seu</span> <span class='ocrx_word' id='word_1_327' title='bbox 1601 2396 1709 2436; x_wconf 91' lang='lat' dir='ltr'>doc-</span> 
     </span>
     <span class='ocr_line' id='line_1_34' title="bbox 209 2459 1710 2512; baseline 0 -13"><span class='ocrx_word' id='word_1_328' title='bbox 209 2459 401 2507; x_wconf 88' lang='lat' dir='ltr'>trinalia,</span> <span class='ocrx_word' id='word_1_329' title='bbox 444 2465 490 2500; x_wconf 89' lang='lat' dir='ltr'>et</span> <span class='ocrx_word' id='word_1_330' title='bbox 531 2473 706 2512; x_wconf 86' lang='lat' dir='ltr'>quoque</span> <span class='ocrx_word' id='word_1_331' title='bbox 747 2459 964 2508; x_wconf 91' lang='lat' dir='ltr'>Verbum,</span> <span class='ocrx_word' id='word_1_332' title='bbox 1007 2473 1098 2499; x_wconf 93' lang='lat' dir='ltr'>non</span> <span class='ocrx_word' id='word_1_333' title='bbox 1138 2459 1272 2500; x_wconf 87' lang='lat' dir='ltr'>faciat</span> <span class='ocrx_word' id='word_1_334' title='bbox 1313 2459 1551 2500; x_wconf 88' lang='lat' dir='ltr'>ecclesiam</span> <span class='ocrx_word' id='word_1_335' title='bbox 1573 2473 1582 2510; x_wconf 90' lang='lat'>;</span> <span class='ocrx_word' id='word_1_336' title='bbox 1630 2460 1710 2500; x_wconf 91' lang='lat' dir='ltr'>sed</span> 
     </span>
     <span class='ocr_line' id='line_1_35' title="bbox 210 2522 1709 2576; baseline 0.001 -14"><span class='ocrx_word' id='word_1_337' title='bbox 210 2522 478 2570; x_wconf 88' lang='lat' dir='ltr'>auscultare,</span> <span class='ocrx_word' id='word_1_338' title='bbox 496 2522 582 2563; x_wconf 91' lang='lat' dir='ltr'>hoc</span> <span class='ocrx_word' id='word_1_339' title='bbox 600 2528 684 2570; x_wconf 87' lang='lat' dir='ltr'>est,</span> <span class='ocrx_word' id='word_1_340' title='bbox 703 2522 960 2575; x_wconf 84' lang='lat' dir='ltr'>intelligere</span> <span class='ocrx_word' id='word_1_341' title='bbox 978 2528 1024 2563; x_wconf 90' lang='lat' dir='ltr'>et</span> <span class='ocrx_word' id='word_1_342' title='bbox 1042 2522 1188 2563; x_wconf 90' lang='lat' dir='ltr'>facere</span> <span class='ocrx_word' id='word_1_343' title='bbox 1206 2535 1214 2562; x_wconf 90' lang='lat'>:</span> <span class='ocrx_word' id='word_1_344' title='bbox 1242 2522 1327 2563; x_wconf 92' lang='lat' dir='ltr'>hoc</span> <span class='ocrx_word' id='word_1_345' title='bbox 1346 2523 1464 2563; x_wconf 89' lang='lat' dir='ltr'>enim</span> <span class='ocrx_word' id='word_1_346' title='bbox 1483 2522 1709 2576; x_wconf 85' lang='lat' dir='ltr'>significat</span> 
     </span>
     <span class='ocr_line' id='line_1_36' title="bbox 212 2585 1711 2639; baseline 0.001 -14"><span class='ocrx_word' id='word_1_347' title='bbox 212 2590 237 2606; x_wconf 90' lang='lat'><strong>“</strong></span> <span class='ocrx_word' id='word_1_348' title='bbox 253 2586 442 2626; x_wconf 91' lang='lat' dir='ltr'>Habens</span> <span class='ocrx_word' id='word_1_349' title='bbox 464 2599 615 2625; x_wconf 88' lang='lat' dir='ltr'>aurem</span> <span class='ocrx_word' id='word_1_350' title='bbox 637 2586 790 2626; x_wconf 89' lang='lat' dir='ltr'>audiat</span> <span class='ocrx_word' id='word_1_351' title='bbox 813 2586 919 2639; x_wconf 92' lang='lat' dir='ltr'>quid</span> <span class='ocrx_word' id='word_1_352' title='bbox 946 2585 1134 2639; x_wconf 85' lang='lat' dir='ltr'>Spiritus</span> <span class='ocrx_word' id='word_1_353' title='bbox 1157 2586 1267 2626; x_wconf 91' lang='lat' dir='ltr'>dicit</span> <span class='ocrx_word' id='word_1_354' title='bbox 1295 2585 1534 2627; x_wconf 88' lang='lat' dir='ltr'>ecclesiis.”</span> <span class='ocrx_word' id='word_1_355' title='bbox 1594 2585 1711 2638; x_wconf 78' lang='lat' dir='ltr'>Quia</span> 
     </span>
     <span class='ocr_line' id='line_1_37' title="bbox 209 2649 1710 2703; baseline 0 -13"><span class='ocrx_word' id='word_1_356' title='bbox 209 2650 252 2690; x_wconf 94' lang='lat' dir='ltr'>id</span> <span class='ocrx_word' id='word_1_357' title='bbox 278 2649 384 2690; x_wconf 89' lang='lat' dir='ltr'>facit</span> <span class='ocrx_word' id='word_1_358' title='bbox 411 2649 660 2690; x_wconf 90' lang='lat' dir='ltr'>ecclesiam·</span> <span class='ocrx_word' id='word_1_359' title='bbox 676 2655 722 2690; x_wconf 93' lang='lat' dir='ltr'>et</span> <span class='ocrx_word' id='word_1_360' title='bbox 747 2649 909 2690; x_wconf 89' lang='lat' dir='ltr'>format</span> <span class='ocrx_word' id='word_1_361' title='bbox 933 2649 1107 2690; x_wconf 90' lang='lat' dir='ltr'>caelum</span> <span class='ocrx_word' id='word_1_362' title='bbox 1130 2649 1248 2703; x_wconf 93' lang='lat' dir='ltr'>apud</span> <span class='ocrx_word' id='word_1_363' title='bbox 1274 2649 1521 2698; x_wconf 91' lang='lat' dir='ltr'>hominem,</span> <span class='ocrx_word' id='word_1_364' title='bbox 1546 2656 1592 2690; x_wconf 88' lang='lat' dir='ltr'>et</span> <span class='ocrx_word' id='word_1_365' title='bbox 1619 2663 1710 2690; x_wconf 90' lang='lat' dir='ltr'>non</span> 
     </span>
     <span class='ocr_line' id='line_1_38' title="bbox 209 2704 1709 2766; baseline 0 -13"><span class='ocrx_word' id='word_1_366' title='bbox 209 2713 321 2753; x_wconf 91' lang='lat' dir='ltr'>scire</span> <span class='ocrx_word' id='word_1_367' title='bbox 343 2726 394 2753; x_wconf 89' lang='lat' dir='ltr'>ac</span> <span class='ocrx_word' id='word_1_368' title='bbox 417 2711 671 2764; x_wconf 85' lang='lat' dir='ltr'>intelligere</span> <span class='ocrx_word' id='word_1_369' title='bbox 688 2712 855 2766; x_wconf 85' lang='lat' dir='ltr'>absque</span> <span class='ocrx_word' id='word_1_370' title='bbox 877 2713 1038 2762; x_wconf 86' lang='lat' dir='ltr'>facere,</span> <span class='ocrx_word' id='word_1_371' title='bbox 1057 2704 1159 2753; x_wconf 63' lang='lat' dir='ltr'>{deo</span> <span class='ocrx_word' id='word_1_372' title='bbox 1181 2713 1319 2753; x_wconf 89' lang='lat' dir='ltr'>etiam</span> <span class='ocrx_word' id='word_1_373' title='bbox 1343 2713 1565 2754; x_wconf 89' lang='lat' dir='ltr'>Dominus</span> <span class='ocrx_word' id='word_1_374' title='bbox 1587 2713 1709 2754; x_wconf 92' lang='lat' dir='ltr'>idem</span> 
     </span>
     <span class='ocr_line' id='line_1_39' title="bbox 208 2775 800 2829; baseline 0 -13"><span class='ocrx_word' id='word_1_375' title='bbox 208 2776 447 2829; x_wconf 90' lang='lat' dir='ltr'>aliquoties</span> <span class='ocrx_word' id='word_1_376' title='bbox 474 2775 596 2824; x_wconf 87' lang='lat' dir='ltr'>dicit,</span> <span class='ocrx_word' id='word_1_377' title='bbox 624 2788 800 2828; x_wconf 88' lang='lat' dir='ltr'>nempe,</span> 
     </span>
    </p>
   </div>
   <div class='ocr_carea' id='block_1_8' title="bbox 276 2882 1708 2968">
    <p class='ocr_par' dir='ltr' id='par_1_9' title="bbox 276 2882 1708 2968">
     <span class='ocr_line' id='line_1_40' title="bbox 276 2882 1708 2926; baseline 0 -12"><span class='ocrx_word' id='word_1_378' title='bbox 276 2884 298 2897; x_wconf 88' lang='lat'><strong>“</strong></span> <span class='ocrx_word' id='word_1_379' title='bbox 312 2883 381 2925; x_wconf 77' lang='lat' dir='ltr'>Qui</span> <span class='ocrx_word' id='word_1_380' title='bbox 404 2883 514 2926; x_wconf 66' lang='lat' dir='ltr'>habet</span> <span class='ocrx_word' id='word_1_381' title='bbox 536 2892 658 2914; x_wconf 89' lang='lat' dir='ltr'>aurem</span> <span class='ocrx_word' id='word_1_382' title='bbox 681 2882 727 2914; x_wconf 86' lang='lat' dir='ltr'>ad</span> <span class='ocrx_word' id='word_1_383' title='bbox 749 2883 967 2915; x_wconf 87' lang='lat' dir='ltr'>audiendum</span> <span class='ocrx_word' id='word_1_384' title='bbox 990 2882 1143 2915; x_wconf 86' lang='lat' dir='ltr'>audiat&#39;’</span> <span class='ocrx_word' id='word_1_385' title='bbox 1166 2882 1219 2923; x_wconf 91' lang='lat' dir='ltr'>(ut</span> <span class='ocrx_word' id='word_1_386' title='bbox 1235 2883 1366 2915; x_wconf 74' lang='lat' dir='ltr'><em>Matth.</em></span> <span class='ocrx_word' id='word_1_387' title='bbox 1382 2883 1429 2915; x_wconf 83' lang='lat' dir='ltr'>xi.</span> <span class='ocrx_word' id='word_1_388' title='bbox 1449 2890 1487 2922; x_wconf 83' lang='lat'>15</span> <span class='ocrx_word' id='word_1_389' title='bbox 1505 2892 1512 2922; x_wconf 87' lang='lat'>;</span> <span class='ocrx_word' id='word_1_390' title='bbox 1537 2892 1613 2923; x_wconf 90' lang='lat' dir='ltr'>cap.</span> <span class='ocrx_word' id='word_1_391' title='bbox 1631 2882 1708 2914; x_wconf 83' lang='lat' dir='ltr'>xiii.</span> 
     </span>
     <span class='ocr_line' id='line_1_41' title="bbox 381 2926 1568 2968; baseline 0 -9"><span class='ocrx_word' id='word_1_392' title='bbox 381 2935 445 2966; x_wconf 88' lang='lat'>43:</span> <span class='ocrx_word' id='word_1_393' title='bbox 471 2927 584 2959; x_wconf 81' lang='lat' dir='ltr'>Marc.</span> <span class='ocrx_word' id='word_1_394' title='bbox 601 2926 647 2958; x_wconf 89' lang='lat' dir='ltr'>iv.</span> <span class='ocrx_word' id='word_1_395' title='bbox 664 2936 695 2967; x_wconf 84' lang='grc'>9,</span> <span class='ocrx_word' id='word_1_396' title='bbox 713 2935 752 2966; x_wconf 87' lang='lat'>23</span> <span class='ocrx_word' id='word_1_397' title='bbox 769 2936 776 2966; x_wconf 86' lang='grc'><strong>;</strong></span> <span class='ocrx_word' id='word_1_398' title='bbox 801 2937 877 2968; x_wconf 91' lang='lat' dir='ltr'>cap.</span> <span class='ocrx_word' id='word_1_399' title='bbox 893 2927 954 2959; x_wconf 89' lang='lat' dir='ltr'>vii.</span> <span class='ocrx_word' id='word_1_400' title='bbox 973 2927 1034 2960; x_wconf 90' lang='lat'>16:</span> <span class='ocrx_word' id='word_1_401' title='bbox 1059 2927 1144 2960; x_wconf 89' lang='lat' dir='ltr'><em>Luc.</em></span> <span class='ocrx_word' id='word_1_402' title='bbox 1161 2927 1234 2959; x_wconf 89' lang='lat' dir='ltr'>viii.</span> <span class='ocrx_word' id='word_1_403' title='bbox 1251 2928 1270 2958; x_wconf 91' lang='lat'><strong>8</strong></span> <span class='ocrx_word' id='word_1_404' title='bbox 1286 2937 1294 2966; x_wconf 87' lang='lat'>;</span> <span class='ocrx_word' id='word_1_405' title='bbox 1318 2937 1395 2968; x_wconf 88' lang='lat' dir='ltr'>cap.</span> <span class='ocrx_word' id='word_1_406' title='bbox 1411 2927 1483 2959; x_wconf 84' lang='lat' dir='ltr'>xiv.</span> <span class='ocrx_word' id='word_1_407' title='bbox 1500 2926 1568 2966; x_wconf 85' lang='lat'><strong>35).</strong></span> 
     </span>
    </p>
   </div>
   <div class='ocr_carea' id='block_1_9' title="bbox 209 2989 1730 3076">
    <p class='ocr_par' dir='ltr' id='par_1_10' title="bbox 209 2989 1730 3076">
     <span class='ocr_line' id='line_1_42' title="bbox 209 2989 1730 3076; baseline 0 -14"><span class='ocrx_word' id='word_1_408' title='bbox 209 3021 260 3062; x_wconf 89' lang='lat' dir='ltr'>In</span> <span class='ocrx_word' id='word_1_409' title='bbox 287 3020 563 3075; x_wconf 80' lang='lat' dir='ltr'>Apocalypsi</span> <span class='ocrx_word' id='word_1_410' title='bbox 583 3022 775 3071; x_wconf 90' lang='lat' dir='ltr'>additur,</span> <span class='ocrx_word' id='word_1_411' title='bbox 805 3022 947 3076; x_wconf 92' lang='lat' dir='ltr'>“quid</span> <span class='ocrx_word' id='word_1_412' title='bbox 981 3021 1169 3076; x_wconf 87' lang='lat' dir='ltr'>Spiritus</span> <span class='ocrx_word' id='word_1_413' title='bbox 1196 3022 1303 3064; x_wconf 90' lang='lat' dir='ltr'>dicit</span> <span class='ocrx_word' id='word_1_414' title='bbox 1335 3021 1576 3071; x_wconf 88' lang='lat' dir='ltr'>ecclesiis,”</span> <span class='ocrx_word' id='word_1_415' title='bbox 1601 2989 1730 3075; x_wconf 67' lang='lat' dir='ltr'>quia¹</span> 
     </span>
    </p>
   </div>
  </div>
 </body>
</html>
