2060 3476
295 334 372 376 188
704 344 1039 380 APOCALYPSIS
1070 347 1371 381 EXPLICATA.

288 455 382 495 veri
406 455 451 496 in
476 469 566 510 quo
590 456 635 497 ld
661 455 925 509 jucundum.
984 469 1096 507 (Quod
1115 467 1281 500 usemen”
1301 471 1456 508 significet
1474 469 1584 501 verum
1604 480 1644 501 ex
1662 471 1784 510 origine

288 514 423 549 caelesti,
438 514 582 544 videatur
596 524 626 545 n.
642 518 732 553 3038,
744 525 834 554 3373,
849 519 956 555 10248,
974 526 1086 556 10249;
1109 520 1198 556 quod
1213 522 1230 533 “¹
1240 519 1349 548 album
1359 519 1375 529 '’
1392 520 1515 548 dicatur
1528 520 1569 549 de
1583 519 1636 548 illo
1650 528 1734 554 vero.
1750 529 1782 550 n.

288 568 377 598 3301,
389 569 479 598 3993,
491 570 580 599 4007,
594 569 682 600 5319.
725 563 855 601 Quodf‘
865 564 1037 602 placenta''
1049 565 1202 603 significet
1215 566 1337 595 bonum
1353 566 1468 595 amoris
1483 567 1633 601 caelestis.
1649 576 1680 598 n.
1692 569 1782 605 7978,

288 617 376 645 9992,
392 617 488 646 9993;
511 610 600 646 quod
616 612 632 623 ¹¹
643 610 750 639 oleum
760 610 777 620 ”
793 611 946 648 significet
960 612 1063 650 ipsum
1077 613 1166 642 illum
1181 622 1333 648 amorem¹
1350 623 1380 643 n.
1397 614 1465 647 886,
1481 615 1571 651 3728,
1586 615 1676 651 9780,
1691 620 1782 652 9954,

289 655 396 690 10261,
422 656 535 693 10269;
561 656 635 685 inde
658 658 824 687 “succus''
847 658 941 697 hujus
963 659 1117 696 significat
1134 660 1314 697 jucundum
1336 661 1412 698 ejus,
1435 661 1510 698 quia
1530 660 1606 689 inde
1625 669 1729 698 sapor,
1752 664 1784 689 et

288 705 305 716 ‘¹
315 702 435 740 sapor''
452 708 498 732 est
508 704 688 741 jucundum
703 709 734 734 et
748 714 929 741 amoenum,
944 715 975 736 n.
991 714 1080 744 3502,
1096 709 1294 745 4791-4805:
1317 708 1374 736 sed
1387 708 1479 746 plura
1493 709 1533 737 de
1554 708 1603 737 his
1617 709 1784 738 videantur

287 752 319 781 in
338 753 549 790 explicatione
568 763 663 792 super
682 763 750 792 cap.
767 755 828 785 xvi.
850 756 960 785 Exodi
977 757 1009 785 in
1027 757 1166 786 Arcanis
1189 757 1396 796 Caelestibus.)
1454 746 1590 800 Quod
1618 747 1780 800 jucun·-

288 804 394 845 dum
431 805 597 846 amoris
632 805 843 847 caelestis
882 807 1160 861 significetur
1197 822 1275 862 per
1309 808 1480 849 “edere
1517 823 1576 850 ex
1614 813 1782 850 manna

288 868 598 918 abscondito‚”
612 882 714 910 cum
733 875 887 910 tamen
907 884 985 923 per
1002 874 1026 891 “
1041 870 1257 911 Mannam
1276 871 1595 912 absconditum
1607 871 1626 887 ''
1641 872 1779 925 signi-

288 930 447 972 ficatur
474 932 695 973 Dominus
718 933 867 986 quoad
894 934 1106 974 Divinum
1136 933 1411 984 Humanum,
1437 941 1506 976 est
1533 936 1635 989 quia
1660 935 1780 976 idem

288 1002 358 1036 est
390 996 483 1036 sive
515 996 639 1037 dicas
673 996 885 1037 Divinum
916 996 1177 1038 Humanum
1205 997 1401 1046 Domini,
1430 999 1523 1040 sive
1543 998 1672 1040 dicas
1700 999 1779 1040 Di-

287 1059 440 1099 vinum
464 1059 711 1110 Amorem;
746 1073 849 1100 nam
875 1060 1095 1101 Dominus
1118 1067 1188 1102 est
1212 1061 1314 1115 Ipse
1337 1061 1525 1103 Divinus
1548 1061 1708 1112 Amor,
1732 1069 1779 1104 et

287 1122 406 1176 quod
433 1122 490 1163 ab
517 1122 622 1176 Ipso
648 1123 854 1176 procedit
877 1129 947 1164 est
974 1123 1187 1164 Divinum
1214 1124 1390 1165 Bonum
1413 1125 1587 1166 unitum
1615 1125 1780 1166 Divino

288 1185 438 1236 Vero;
482 1192 720 1240 utrumque
752 1192 822 1227 est
855 1186 1054 1236 Amoris,
1089 1194 1343 1242 et·quoque
1375 1194 1445 1229 est
1483 1188 1704 1230 Dominus
1735 1190 1780 1229 in

288 1249 444 1301 cae10;
487 1250 591 1290 inde
623 1250 755 1291 edere
787 1250 844 1291 ab
876 1250 982 1304 Ipso
1013 1256 1083 1292 est
1116 1251 1327 1305 conjungi
1365 1252 1469 1306 Ipsi,
1503 1258 1550 1293 et
1583 1252 1669 1293 hoc
1702 1266 1781 1306 per

287 1324 490 1352 amorem
516 1312 574 1352 ab
601 1312 721 1366 Ipso.
781 1323 859 1360 (Sed
877 1323 956 1352 haec
971 1324 1085 1353 melius
1098 1323 1228 1362 intelligi
1247 1329 1381 1362 possunt
1399 1334 1438 1354 ex
1458 1325 1517 1354 illis
1532 1334 1614 1362 quae
1633 1325 1665 1354 in
1685 1334 1781 1363 opere

288 1375 338 1403 De
357 1375 448 1403 Caelo
462 1376 491 1403 el
513 1375 651 1413 Inferno.
667 1383 697 1403 n.
716 1382 822 1411 13-19‚
841 1374 988 1411 116-125‚
1006 1375 1154 1412 126—140,
1170 1379 1200 1404 et
1215 1384 1343 1413 quoque
1361 1376 1393 1404 in
1409 1376 1567 1405 DoHrina
1581 1376 1691 1405 Novae
1705 1376 1779 1405 Hie-

287 1423 466 1460 rosolymae,
482 1431 512 1451 n.
530 1430 679 1456 210-222,
695 1430 764 1459 307,
781 1421 867 1451 dicta
880 1426 911 1451 et
926 1427 1052 1451 ostensa
1065 1427 1147 1457 sunt,
1163 1431 1246 1460 quae
1260 1423 1450 1461 videantur.)

366 1491 490 1536 147.
529 1482 615 1522 “ft
636 1482 738 1522 dabo
760 1482 821 1522 illi
840 1482 1042 1523 caleulum
1067 1481 1432 1535 album”—Quod
1454 1481 1678 1535 significet
1703 1495 1779 1522 sa-

284 1544 498 1600 pientiam
527 1550 570 1585 et
599 1543 948 1597 intellzgentz'am,
977 1551 1160 1586 constat
1193 1558 1253 1586 ex
1285 1543 1615 1597 significatione
1647 1543 1779 1584 “cal-

287 1607 375 1648 culi
406 1607 534 1657 albi,”
567 1621 668 1648 cum
705 1621 731 1648 a
769 1608 980 1657 Domino,
1014 1608 1134 1662 quod
1171 1609 1229 1649 sit
1266 1608 1467 1662 receptio
1501 1607 1558 1648 ab
1595 1607 1700 1661 Ipso
1732 1613 1778 1648 et

286 1671 510 1722 influxus;
553 1677 599 1712 et
631 1672 734 1724 quia
765 1677 835 1712 est
867 1672 1068 1725 receptio
1100 1678 1146 1712 et
1178 1671 1371 1712 influxus
1403 1685 1429 1711 a
1462 1670 1675 1719 Domino,
1709 1676 1779 1711 est

286 1749 463 1788 quoque
490 1736 712 1788 sapientia
739 1741 785 1776 et
812 1735 1118 1788 intelligentia
1143 1735 1200 1775 ab
1228 1735 1359 1788 Ipso;
1393 1748 1497 1775 nam
1520 1735 1594 1788 qui
1619 1735 1779 1788 recipi-

286 1805 366 1839 unt
389 1812 415 1839 a
439 1798 650 1847 Domino,
675 1805 721 1840 et
744 1799 862 1852 apud
885 1813 997 1852 quos
1024 1799 1245 1839 Dominus
1267 1798 1424 1847 influit,
1448 1797 1511 1839 illi
1533 1799 1577 1839 in
1600 1799 1778 1852 sapien-

286 1863 350 1903 tia
381 1868 426 1902 et
459 1861 763 1915 intelligentia
795 1868 912 1903 sunt.
994 1860 1128 1914 Quod
1163 1862 1308 1902 “dare
1340 1861 1564 1902 calculum
1595 1861 1778 1925 album”

285 1925 363 1965 illa
390 1923 662 1978 fflsignificet,
692 1931 761 1966 est
791 1926 893 1979 quia
926 1926 968 1965 in
996 1924 1171 1978 judiciis
1204 1924 1537 1978 colligebantur
1569 1924 1779 1978 suffragia

286 2003 364 2042 per
390 1989 603 2038 calculos,
629 1990 885 2030 sententiae
912 1989 1207 2029 affirmativae
1234 2002 1311 2041 per
1337 1987 1537 2028 calculos
1563 1987 1705 2037 albos,
1730 1994 1777 2029 et

286 2052 528 2104 negativae
551 2066 629 2105 per
651 2052 851 2092 calculos
874 2052 1052 2104 nigros3
1085 2051 1189 2092 inde
1212 2065 1290 2104 per
1309 2050 1571 2092 “calculum
1593 2050 1777 2092 album”

285 2115 564 2169 significatur
588 2116 790 2168 receptio
816 2115 1065 2168 sapientiae
1091 2121 1137 2155 et
1163 2114 1508 2167 intelligentiae.

365 2191 494 2245 148.
533 2191 619 2231 “ft
638 2190 678 2230 in
702 2191 863 2231 calculo
886 2203 1028 2231 nomen
1048 2203 1188 2230 novum
1211 2190 1407 2243 scrinium
1432 2190 1540 2244 quod
1563 2203 1679 2231 nemo
1707 2203 1779 2231 no-

287 2251 339 2291 vit
359 2250 441 2291 nisi
459 2251 531 2304 qui
546 2250 927 2303 accipit.''-Quod
953 2250 1176 2303 significet
1202 2257 1370 2291 statum
1395 2251 1517 2291 vitae
1540 2251 1776 2292 interioris

283 2313 478 2365 ignotum
509 2313 707 2353 omnibus
737 2319 922 2365 praeter
950 2312 1042 2353 illis
1074 2312 1153 2365 qui
1184 2312 1229 2352 in
1264 2327 1310 2352 eo
1345 2318 1462 2361 sunt,
1496 2318 1682 2353 constat
1717 2327 1776 2354 ex

283 2374 620 2428 significatione
641 2373 914 2422 “nominis,”
937 2374 1058 2427 quod
1080 2374 1138 2414 sit
1160 2373 1295 2427 quale
1317 2380 1466 2414 status
1489 2384 1544 2422 (de
1559 2393 1624 2422 qua
1639 2394 1671 2414 n.
1689 2392 1776 2422 1754,

285 2446 372 2483 1896,
393 2455 482 2483 2009.
503 2454 592 2483 3237.
613 2445 721 2483 3421),
759 2434 831 2474 hic
868 2434 1002 2487 quale
1041 2440 1191 2475 status
1229 2434 1352 2475 vitae
1391 2435 1634 2483 interioris,
1671 2435 1776 2488 quia

283 2499 446 2539 dicitur
470 2501 675 2537 “nomen
702 2510 868 2537 novum
895 2497 1014 2550 quod
1042 2510 1176 2537 nemo
1202 2497 1328 2537 novit
1355 2497 1438 2537 nisi
1460 2497 1533 2550 qui
1559 2497 1723 2550 accipit
1742 2495 1776 2547 ;'’

283 2575 388 2602 nam
414 2561 546 2615 quale
572 2567 720 2601 status
746 2561 866 2601 vitae
892 2561 1114 2601 interioris
1147 2574 1326 2614 prorsus
1353 2561 1559 2613 ignotum
1586 2567 1656 2602 est
1688 2560 1775 2601 illis

282 2625 355 2679 qui
381 2638 472 2665 non
498 2625 542 2664 in
565 2625 658 2664 vita
684 2625 896 2665 interiore
923 2630 1054 2674 sunt;
1087 2624 1129 2664 in
1153 2624 1246 2664 vita
1268 2624 1480 2664 interiore
1503 2630 1607 2665 sunt
1630 2625 1703 2677 qui
1729 2625 1773 2664 in

281 2703 434 2730 amore
457 2689 500 2729 in
525 2688 769 2728 Dominum
793 2694 911 2737 sunt,
936 2694 982 2728 et
1006 2701 1096 2728 non
1119 2687 1193 2728 alii
1219 2688 1262 2727 in
1285 2700 1438 2728 amore
1460 2688 1504 2727 in
1528 2687 1772 2728 Dominum

280 2759 385 2794 sunt
423 2765 556 2807 quam
594 2752 667 2806 qui
708 2758 964 2804 agnoscunt
1006 2752 1218 2792 Divinum
1259 2751 1303 2791 in
1346 2750 1559 2792 Humano
1583 2751 1744 2804 Ipsius
1762 2766 1771 2802 ;

281 2818 385 2856 (quod
406 2828 512 2848 amare
534 2819 709 2847 Dominum
732 2818 771 2846 sit
791 2818 895 2846 vivere
916 2819 1092 2847 secundum
1117 2821 1287 2855 praecepta
1312 2817 1423 2854 Ipsius,
1445 2817 1590 2846 videatur
1609 2826 1641 2846 n.
1666 2825 1772 2854 10143.

281 2883 388 2913 10153‚
406 2875 638 2912 10578‚10645.
657 2874 787 2912 10829;)
817 2864 912 2904 vita
933 2864 1121 2904 interior
1142 2869 1213 2903 est
1234 2863 1330 2902 vita
1352 2861 1599 2915 spiritualis
1620 2862 1665 2902 in
1682 2875 1772 2914 qua

279 2932 384 2967 sunt
410 2926 561 2979 angeli
588 2925 714 2974 caeli,
739 2926 833 2966 vita
858 2931 1011 2966 autem
1039 2925 1239 2966 exterior
1264 2930 1334 2965 est
1360 2925 1455 2964 vita
1481 2923 1697 2964 naturalis
1723 2923 1766 2963 in

279 2981 501 3043 qua‘sunt
533 3002 692 3030 omnes
718 2990 791 3043 qui
823 3002 913 3029 non
945 2989 988 3029 in
1021 2987 1149 3029 caelo
1181 2993 1312 3039 sunt;
1344 2993 1391 3028 et
1420 2986 1538 3040 apud
1569 2985 1670 3026 illos
1697 2985 1769 3039 qui
