2060 3476
371 361 407 409 ¹5
415 361 467 405 54
798 361 1129 397 APOCALvPs1s
1160 364 1460 398 EXPLmATA.

382 472 535 513 imici’'
572 479 677 515 sunt
713 473 825 515 falsa
860 489 974 528 quae
1015 475 1227 518 Divinum
1261 477 1432 519 Verum
1465 477 1759 532 dispergunt:
1793 493 1873 533 per

385 536 549 577 “dabit
586 537 721 578 robur
745 535 896 591 fflRegi
933 553 1027 588 suo,
1061 546 1107 581 et
1144 539 1371 581 exaltabit
1412 554 1551 582 cornu
1586 540 1724 583 Unffl
1760 541 1866 591 sui‚”

382 597 662 651 significatur
705 602 1038 654 omnipotentia
1084 602 1266 643 Domini
1312 616 1371 643 ex
1418 603 1583 644 Divino
1625 603 1753 646 Bono
1793 618 1872 658 per

383 659 596 705 Divinum
614 662 800 712 Verum,
820 677 925 705 nam
947 667 972 684 “
987 664 1151 706 robu.r'’
1169 666 1213 706 in
1232 665 1387 706 Verbo
1409 666 1572 707 dicitur
1588 666 1644 708 de
1662 668 1870 720 potentia

380 723 500 772 boni,
529 730 576 766 et
610 726 819 767 “cornu”
851 727 907 767 de
939 729 1150 780 potentia-
1172 728 1278 776 veri,
1312 734 1359 769 et
1393 727 1609 770 “Un6tus
1638 729 1872 782 Jehovae''

380 791 451 826 est
479 785 703 827 Dominus
728 787 879 841 quoad
906 787 1120 828 Divinum
1149 788 1412 830 Humanum
1438 790 1508 831 cui
1533 791 1871 844 omnipotentia

380 856 539 894 (videatur
557 866 587 886 n.
603 859 693 895 3008.
709 866 799 896 3009,
815 858 923 896 9954).
983 848 1123 902 Apud
1150 847 1391 898 Davidem,

443 935 605 977 Jehovah
626 936 828 968 “exaltavit
843 946 955 968 cornu
972 937 1093 978 populi
1111 938 1176 974 sui.
1193 937 1335 969 laudern
1353 938 1519 970 omnibus
1536 937 1670 971 sanctis
1688 939 1773 977 suis,
1790 939 1869 972 filiis

553 979 707 1018 Israelis,
727 980 858 1020 populo
875 980 1076 1022 propinquo
1093 990 1158 1012 suo
1170 980 1187 993 '’
1204 981 1349 1021 (Psalm.
1364 982 1494 1015 cxlviii.
1513 981 1586 1023 14);

378 1075 455 1115 per
484 1061 763 1103 “Exaltavit
786 1075 924 1103 cornu
950 1062 1103 1116 populi
1130 1063 1234 1112 sui,’'
1260 1063 1538 1117 significatur
1563 1065 1682 1118 quod
1709 1065 1868 1119 imple-

377 1125 492 1165 verit
528 1124 703 1165 Divinis
734 1126 875 1166 veris:
923 1139 1060 1178 quare
1097 1126 1272 1174 dicitur,
1309 1126 1526 1168 “laudem
1563 1125 1865 1176 sanetissuis,

376 1186 477 1227 filiis
514 1187 708 1236 Israelis,
742 1194 788 1229 et
821 1187 990 1241 populo
1026 1189 1278 1243 propinquo
1315 1203 1397 1230 suo
1413 1189 1447 1240 ;”
1492 1188 1712 1230 “saneti'’
1749 1191 1868 1231 enim

376 1250 586 1291 dicuntur
603 1251 675 1304 qui
698 1251 742 1291 in
766 1251 940 1291 Divinis
957 1252 1074 1292 veris
1097 1258 1216 1300 sunt,
1236 1252 1450 1306 quoniam
1467 1252 1678 1293 Divinum
1697 1252 1868 1294 Verum

375 1319 445 1354 est
486 1313 606 1366 quod
646 1319 836 1354 vocatur
878 1311 1153 1355 “sanetum”
1197 1312 1424 1368 (videatur
1465 1316 1612 1367 Supra,
1656 1327 1697 1354 n.
1737 1312 1867 1367 204);

378 1375 588 1416 “Israel'’
614 1382 685 1417 est
717 1375 910 1417 ecclesia
941 1389 1055 1429 quae
1086 1377 1131 1417 in
1157 1377 1288 1425 veris,
1319 1375 1434 1416 “filii
1467 1375 1590 1429 ejus’'
1617 1381 1720 1416 sunt
1746 1389 1865 1425 vera,

375 1452 426 1480 ac
448 1438 707 1492 “populus'’
724 1440 863 1480 etiam
886 1439 1172 1492 praedicatur
1189 1439 1245 1480 de
1270 1439 1356 1480 illis
1379 1440 1452 1493 qui
1475 1440 1518 1479 in
1541 1439 1657 1480 veris
1679 1444 1797 1487 sunt,
1820 1444 1866 1480 et

378 1502 689 1555 “propinquus
701 1501 720 1518 ”
747 1502 910 1543 dicitur
935 1502 1008 1556 qui
1040 1516 1119 1556 per
1149 1501 1227 1543 illa
1258 1500 1522 1555 conjunctus
1553 1507 1623 1543 est
1656 1501 1864 1543 Domino.

375 1564 513 1618 Apud
539 1564 749 1614 eundern,

446 1652 639 1695 '‘Jehovah
658 1653 756 1685 Deus
773 1653 930 1685 Zebaoth
936 1679 1027 1691 .....
1036 1654 1142 1686 decus
1159 1654 1380 1686 fortitudinis
1398 1663 1520 1685 eorum
1539 1653 1604 1691 Tu,
1625 1659 1661 1685 et
1684 1662 1746 1694 per
1762 1653 1868 1684 bene-

547 1697 715 1783 fssciltlungi
740 1703 839 1782 {1331}
863 1698 1037 1729 exaltabis
1062 1707 1173 1730 cornu
1197 1697 1389 1743 nostrum''
1414 1697 1558 1738 (Psalm.
1578 1697 1709 1729 lxxxix.
1733 1694 1799 1739 [9,]
1827 1697 1865 1750 πᾷ

376 1816 620 1858 “exaltare
642 1830 780 1858 cornu
791 1816 810 1832 ”
833 1818 972 1858 etiam
995 1816 1066 1858 hic
1090 1816 1316 1871 significat
1343 1816 1530 1870 implere
1555 1816 1719 1857 Divino
1741 1815 1864 1857 Vero

373 1886 420 1921 et
446 1893 525 1933 per
549 1879 593 1920 id
620 1880 827 1933 potentia
853 1879 999 1921 facere
1026 1886 1187 1921 contra
1213 1879 1352 1930 falsa;
1386 1893 1522 1932 quare
1534 1872 1724 1927 ‘dicitur,
1755 1878 1863 1931 “Je-

373 1941 525 1983 hovah
567 1942 690 1984 Deus
732 1942 1198 1991 Zebaoth‚...decus
1238 1942 1514 1984 fortitudinis
1549 1954 1703 1982 eorum
1744 1940 1812 1982 Tu
1831 1940 1863 1991 ;”

375 2005 550 2046 “decus
563 2005 581 2020 '’
608 2006 746 2046 etiam
773 2005 817 2046 in
845 2005 1001 2049 Verbo
1026 2005 1189 2046 dicitur
1211 2005 1267 2046 de
1292 2004 1484 2046 ecclesia
1505 2010 1552 2045 et
1577 2003 1634 2045 de
1660 2001 1864 2044 doctrina

372 2068 465 2109 veri
490 2067 563 2109 ibi.
625 2067 764 2121 Apud
791 2068 999 2116 eundem,

441 2158 464 2172 ⁴·
476 2155 598 2189 Bonus
612 2157 667 2188 vir
680 2157 854 2189 miserans
869 2163 903 2188 et
920 2163 1044 2189 mutuo
1057 2158 1148 2189 dans
1164 2167 1186 2194 ;.
1202 2182 1209 2189 .
1223 2182 1231 2189 .
1246 2182 1253 2189 .
1261 2156 1398 2197 justitia
1413 2155 1491 2197 ejus
1505 2161 1574 2188 stat
1590 2155 1861 2196 inperpetuum,

546 2210 657 2232 cornu
673 2200 751 2241 ejus
768 2201 980 2232 exaltabitur
997 2210 1075 2232 cum
1093 2201 1208 2241 gloria
1219 2199 1237 2212 ’'
1255 2200 1402 2239 (Psalm.
1418 2200 1497 2231 cxii.
1516 2207 1545 2238 5,
1562 2199 1617 2240 9);

372 2284 493 2338 quod
512 2287 537 2305 ‘⁴
550 2283 718 2324 cornu”
737 2283 965 2337 significet·
985 2284 1197 2325 Divinum
1216 2283 1402 2332 Verum,
1423 2289 1551 2336 patet
1575 2297 1634 2323 ex
1657 2296 1725 2331 eo,
1744 2282 1864 2336 quod

371 2347 549 2388 dicatur
587 2346 808 2399 “Justitia
844 2346 937 2399 ejus
974 2353 1068 2388 stat
1109 2347 1153 2387 in
1191 2352 1472 2400 perpetuum,
1511 2352 1557 2386 et
1597 2358 1735 2386 cornu
1771 2344 1864 2398 ejus

373 2409 654 2451 exaltabitur
685 2422 787 2450 cum
823 2409 968 2463 gloria
986 2409 1020 2460 ;'’
1061 2409 1302 2462 “‘justitia''
1335 2410 1379 2449 in
1417 2408 1572 2449 Verbo
1609 2408 1772 2449 dicitur
1808 2408 1864 2448 de

371 2473 507 2522 bono,
541 2486 679 2525 quare
712 2472 920 2513 “cornu''
952 2473 1008 2513 de
1041 2486 1160 2521 vero,
1189 2485 1294 2512 nam
1325 2473 1370 2512 in
1401 2471 1588 2524 singulis
1615 2470 1756 2511 Verbi
1793 2477 1864 2512 est

372 2535 630 2589 conjugium
652 2536 758 2576 boni
780 2541 826 2576 et
849 2536 968 2586 veri;
1002 2536 1141 2576 etiam
1165 2533 1376 2588 “gloria”
1403 2533 1627 2588 significat
1652 2533 1864 2573 Divinum

372 2597 558 2640 Verum.
618 2597 757 2651 Apud
782 2597 1019 2647 Habakuk,

441 2687 650 2728 “Splendor
660 2686 678 2699 ”
695 2687 853 2728 Jehovae
872 2687 939 2718 Dei
959 2687 1083 2718 “sicut
1099 2687 1160 2718 lux
1176 2686 1253 2724 erit,
1273 2695 1407 2718 cornua
1423 2695 1442 2717 e
1460 2694 1569 2717 manu
1586 2684 1704 2726 Ipsius
1722 2683 1807 2725 Ipsi,
1828 2690 1863 2716 et

546 2731 598 2763 ibi.
612 2731 801 2762 occultatio
818 2731 957 2762 roboris
977 2730 1093 2771 Ipsius
1105 2729 1124 2742 ''
1141 2730 1201 2771 (iii.
1217 2729 1272 2770 4);
1749 2775 1754 2779 η
1817 2752 1822 2756 .

371 2807 479 2861 quia
504 2810 708 2848 “cornua
720 2806 740 2822 ''
773 2806 1031 2860 significant
1064 2805 1277 2846 Divinum
1304 2804 1475 2845 Verum
1507 2815 1609 2844 cum
1641 2803 1861 2857 potentia,

370 2870 478 2911 ideo
513 2869 676 2910 dicitur
714 2868 1009 2922 “Splendor''
1039 2868 1240 2922 Jehovae
1281 2867 1367 2908 Dei
1410 2867 1563 2907 “sicut
1604 2865 1698 2915 lux,
1731 2871 1776 2906 et
1818 2865 1860 2906 in

371 2933 580 2973 cornibus
624 2931 875 2973 occultatio
914 2932 1091 2972 roboris
1135 2931 1280 2984 Ipsius
1297 2929 1332 2980 ;'’
1377 2943 1455 2983 per
1502 2927 1859 2982 “splendorem’'

369 2995 570 3049 Jehovae
602 3001 648 3037 et
677 2994 892 3036 “lucem''
925 2994 1203 3048 significatur
1229 2993 1441 3033 Divinum
1468 2991 1666 3041 Verum;
1703 2996 1749 3032 et
1782 3003 1862 3043 pei·
