2060 3476
678 375 786 410 CAP.
808 374 873 415 11.,
897 371 1036 404 VERS.
1060 369 1206 404 2.—N.
1229 361 1297 412 98.
1659 365 1734 409 115

241 491 362 546 apud
385 489 645 540 Jeremz‘am,

289 592 293 596 -
310 569 333 583 ‘⁴
347 567 554 600 Retribuam
571 565 640 598 illis
655 564 757 607 juxta
772 573 862 605 opus
879 562 1032 599 illorum,
1052 566 1088 592 et
1103 559 1205 601 juxta
1226 556 1361 590 factum
1377 565 1548 588 manuum
1566 554 1709 586 illorum
1718 551 1739 566 ’'

430 621 512 643 xxv.
529 619 544 641 1
597 619 604 627 ·

306 611 481 698 Jehov(ah,
498 655 521 669 “
533 610 634 694 cffjils
650 651 743 685 oculi
759 650 872 692 aperti
886 655 970 682 sunt
981 653 1089 690 super
1100 656 1227 679 omnes
1240 645 1318 678 vias
1333 640 1519 687 [filiorum]
1534 641 1734 679 hominum,

418 699 462 730 ad
479 698 636 730 dandum
649 696 760 728 cuivis
774 694 969 727 secundum
982 693 1059 724 vias
1073 691 1150 733 ejus
1166 696 1202 722 et
1215 689 1410 722 secundum
1423 685 1577 720 {metum
1591 694 1739 727 operum

419 742 497 783 ejus
509 741 528 754 ”
544 741 688 784 (Jerem.
703 739 812 772 xxxii.
832 737 886 779 19)
900 747 908 777 ;

247 819 312 875 [et
339 818 483 874 alibi‚]

312 898 334 912 ‘⁸
346 896 510 928 Visitabo
526 904 633 937 super
647 894 724 926 vias
741 893 830 935 ejus,
850 898 886 925 et
901 901 1011 933 opera
1026 890 1104 931 ejus
1121 889 1314 922 retribuam
1331 887 1382 919 illi
1393 886 1411 899 ”
1429 886 1568 927 (Hosch.
1585 885 1631 918 iv.
1649 883 1682 926 9)
1697 894 1705 922 ;

312 940 508 983 “Jehovah
532 939 634 980 juxta
657 938 735 970 vias
760 942 902 970 nostras
942 941 978 968 et
1001 935 1103 976 juxta
1127 943 1238 974 opera
1262 938 1387 964 nostra
1410 931 1496 963 facit
1521 926 1740 961 nobiscum'’

419 983 534 1025 (Sach.
551 983 575 1015 i.
591 982 636 1027 6).

243 1072 335 1115 Ubi
367 1071 590 1112 Dominus
621 1069 678 1111 de
709 1068 870 1110 ultimo
897 1066 1064 1121 judicio
1098 1065 1331 1120 praedicit,
1366 1076 1457 1104 non
1489 1062 1573 1102 nisi
1604 1073 1740 1115 quam

245 1148 383 1190 opera
408 1139 631 1183 recenset,
659 1138 706 1174 et
732 1131 853 1186 quod

310 1226 499 1258 Intrabunt
522 1224 559 1256 in
575 1223 686 1255 vitam
703 1227 886 1255 aeternam
903 1220 962 1263 qui
985 1221 1082 1252 bona
1105 1229 1215 1260 opera
1237 1218 1408 1255 fecerunt,
1428 1222 1463 1249 et
1487 1216 1524 1247 in
1541 1214 1742 1247 damnatio-

417 1278 500 1301 nem
517 1267 576 1310 qui
592 1267 688 1299 mala
704 1275 814 1307 opera
828 1265 972 1306 (Matth.
989 1274 1071 1296 xxv.
1089 1263 1220 1303 32-46).

244 1355 379 1410 Quod
413 1353 619 1409 “opera'’
650 1351 906 1406 significent
943 1350 1020 1392 illa
1050 1363 1166 1405 quae
1202 1355 1308 1390 sunt
1339 1348 1506 1389 amoris
1537 1353 1585 1387 et
1621 1345 1738 1394 fidei,

243 1421 382 1463 etiam
409 1418 670 1461 manifestat
697 1417 918 1458 Dominus
944 1415 1014 1456 his
1039 1414 1214 1456 verbis:

311 1518 333 1533 “
347 1516 522 1549 Dixerunt
538 1515 583 1547 ad
598 1514 733 1557 Jesum,
754 1513 849 1555 Quid
865 1512 1037 1544 faciemus
1053 1515 1093 1542 ut
1109 1519 1299 1551 operemur
1315 1518 1424 1550 opera
1442 1508 1535 1540 Dei?
1580 1506 1745 1546 Respon-

417 1560 480 1599 dit,
510 1559 590 1591 Hoc
613 1565 668 1591 est
691 1567 782 1599 opus
807 1557 885 1595 Dei,
905 1562 944 1588 ut
967 1554 1119 1589 credatis
1144 1555 1181 1587 in
1207 1554 1330 1595 Ipsum
1354 1562 1459 1595 quem
1484 1551 1582 1584 misit
1592 1550 1610 1563 ’¹
1637 1550 1744 1582 Pater

416 1604 517 1647 (Joh.
534 1603 580 1637 vi.
599 1603 652 1642 28,
669 1602 724 1643 29)
739 1611 746 1640 ;

243 1687 290 1722 et
317 1679 437 1728 alibi,
671 1670 680 1678 ’

442 1753 464 1767 “
475 1751 606 1784 Veniet
621 1761 695 1782 nox
710 1750 853 1792 quando
870 1759 978 1781 nemo
995 1754 1114 1790 potest
1130 1747 1271 1789 operari
1283 1746 1302 1759 '’
1318 1745 1420 1789 (Joh.
1437 1746 1484 1778 ix,
1499 1745 1549 1786 4);

245 1854 377 1893 “nox
389 1850 407 1866 ”
431 1849 657 1904 significat
689 1848 898 1889 ultimum
930 1853 1110 1901 tempus
1142 1845 1378 1894 ecclesiae,
1407 1844 1590 1899 quando
1618 1842 1743 1884 nulla

240 1912 352 1954 fides
378 1913 482 1967 quia
507 1911 633 1952 nulla
658 1910 872 1951 Charitas.
931 1920 1044 1958 (Quod
1057 1916 1179 1948 “nox''
1192 1919 1225 1948 id
1240 1923 1366 1955 tempus
1378 1917 1542 1954 significet,
1554 1916 1700 1945 videatur
1711 1924 1742 1946 n.

241 1969 455 2022 2353j6000.)
513 1971 651 2025 Quod
684 1969 894 2024 “opera”
924 1969 1321 2016 toties-dicantur,
1349 1972 1420 2008 est
1446 1966 1551 2020 quia
1579 1978 1741 2006 sensus

241 2035 422 2076 litterae
448 2033 595 2081 Verbi,
620 2034 750 2074 unice
782 2033 994 2073 consistit
1026 2031 1083 2072 ab
1109 2031 1314 2072 externis
1343 2042 1458 2083 quae
1489 2030 1534 2069 in
1566 2027 1742 2068 Natura

240 2105 344 2140 sunt
371 2104 418 2141 et
445 2103 667 2152 apparent
689 2109 844 2137 coram
867 2094 1034 2145 oculis;
1069 2100 1115 2135 et
1142 2094 1228 2135 hoc
1256 2093 1315 2134 ob
1337 2105 1536 2141 causam,
1559 2098 1609 2133 ut
1636 2105 1740 2132 sen-

241 2176 315 2203 sus
342 2161 583 2217 spiritualis
610 2159 798 2214 singulis
825 2160 931 2200 insit
954 2159 1070 2199 sicut
1092 2158 1242 2199 anima
1264 2157 1466 2211 corpori;
1499 2169 1605 2196 nam
1628 2155 1742 2196 alio-

243 2227 347 2280 quin
371 2239 462 2266 non
483 2225 598 2266 foret
621 2223 823 2264 Verbum
843 2222 1270 2264 communicativum
1293 2233 1394 2261 cum
1417 2219 1606 2272 angelis,
1624 2217 1740 2260 foret

241 2290 361 2330 enim
394 2290 509 2329 sicut
541 2288 702 2328 domus
734 2287 902 2340 absque
933 2285 1229 2326 fundamento
1263 2272 1488 2337 (videatur
1519 2296 1666 2336 supra,
1697 2295 1739 2323 n.

242 2353 281 2402 8,
314 2352 382 2405 16)
403 2365 411 2392 :
445 2351 550 2392 inde
567 2363 744 2405 quoque
763 2357 847 2398 est,
867 2348 1001 2403 quod,
1018 2356 1119 2389 cum
1137 2351 1313 2401 “opera
1324 2347 1343 2362 ”
1361 2347 1665 2394 nominantur,
1684 2345 1742 2386 ab

245 2415 433 2469 angelis,
461 2415 563 2468 quia
591 2412 844 2467 spirituales
876 2418 993 2461 sunt,
1021 2425 1112 2452 non
1143 2410 1456 2464 intelligantur
1482 2423 1632 2463 opera,
1660 2409 1739 2450 sed

241 2479 320 2519 illa
344 2492 403 2520 ex
426 2478 586 2532 quibus
612 2491 774 2531 opera;
808 2490 921 2531 quae
947 2482 1066 2524 sunt,
1090 2481 1138 2516 ut
1165 2488 1297 2528 supra
1322 2473 1505 2523 dictum,
1528 2473 1742 2514 voluntas

242 2553 322 2581 seu
347 2552 490 2587 amor,
516 2544 564 2580 et
588 2538 694 2579 inde
719 2538 947 2591 cogitatio
971 2550 1087 2591 quae
1112 2536 1229 2576 fidei.
1288 2546 1367 2585 (Sed
1383 2546 1467 2575 hanc
1481 2554 1548 2574 rem
1563 2545 1596 2574 in
1611 2545 1743 2574 clariore

241 2602 315 2631 luce
329 2601 506 2639 expositam
520 2600 629 2629 videas
649 2599 682 2628 in
697 2608 793 2637 opere
808 2599 860 2628 De
878 2599 968 2628 Caelo
983 2602 1014 2627 et
1027 2598 1164 2637 lnferno,
1179 2606 1211 2627 n.
1226 2599 1377 2634 470-483,
1393 2597 1448 2626 ubi
1463 2597 1641 2626 ostenditur
1654 2596 1742 2632 quod

241 2656 341 2685 homo
360 2655 399 2684 sit
417 2659 490 2693 post
507 2658 643 2683 mortem
662 2654 764 2691 qualis
783 2654 850 2691 ejus
867 2653 933 2682 vita
950 2653 1007 2682 suit
1025 2652 1058 2681 in
1077 2651 1225 2690 mundo.)
1291 2640 1428 2694 Quod
1458 2654 1538 2694 per
1571 2644 1596 2661 “
1610 2639 1741 2680 labo-

242 2706 369 2748 rem’'
406 2707 451 2747 in
488 2718 622 2746 sensu
657 2704 874 2759 spirituali
914 2703 1227 2756 intelligantur
1263 2703 1414 2744 omnia
1448 2716 1563 2756 quae
1603 2702 1741 2742 homo

245 2771 433 2823 cogitat,
466 2775 536 2810 est
568 2769 670 2822 quia
701 2767 990 2821 spiritualiter
1022 2766 1295 2807 “laborare”
1326 2772 1396 2807 est
1427 2766 1651 2818 cogitare;
1693 2770 1740 2805 et

245 2833 365 2887 quod
406 2847 484 2887 per
523 2831 850 2872 “tolerantiam
861 2831 881 2846 ‘'
914 2829 1227 2884 significentur
1263 2831 1414 2877 omnia
1449 2843 1563 2883 quae
1603 2828 1740 2869 homo

242 2897 363 2945 facit,
383 2903 453 2937 est
475 2896 578 2950 quia
601 2894 833 2935 “tolerare
845 2894 864 2911 '’
885 2894 956 2935 hic
979 2900 1049 2935 est
1071 2893 1273 2935 assiduus
1295 2907 1408 2942 esse,
1432 2906 1483 2933 ac
1506 2904 1739 2933 removere

243 2960 474 3002 obstantia
495 2972 609 3012 quae
631 2958 673 2999 in
697 2958 889 2999 naturali
910 2958 1105 3006 homine,
1125 2971 1238 3011 quae
1261 2957 1473 2998 continue
1495 2961 1737 3008 assurgunt

243 3029 290 3065 et
316 3029 610 3064 remorantur.
