2060 3476
315 334 397 386 360
729 342 1060 377 APOCALYPSIS
1092 343 1392 376 EXPLICATA.
1412 352 1417 355 ·

313 469 449 510 quare
481 456 842 510 supersedentur,
871 463 917 498 et
948 457 1094 498 solum
1125 457 1273 511 aliqua
1304 456 1599 505 adducentur,
1632 455 1705 496 ubi
1736 455 1805 497 di-

313 525 474 560 cuntur
497 522 774 560 “aerumnae
787 519 806 534 '’
827 526 873 561 et
899 523 923 560 ‘,‘
937 519 1190 570 maceries‚”
1209 527 1256 561 ut
1279 520 1445 561 sciatur
1467 518 1587 572 quod
1609 532 1687 572 per
1707 518 1806 559 illas

313 582 620 635 significentur
643 581 930 624 infractiones
956 584 1047 624 veri
1076 597 1154 637 per
1180 583 1304 631 falsa,
1332 589 1378 623 et
1405 583 1466 623 sic
1494 581 1616 622 nulla
1642 581 1806 622 cohae-

313 646 457 687 rentia
473 645 682 699 :—Apud
706 645 910 695 Esaiam,

382 736 404 749 ‘¹
418 734 602 775 Sapientia
618 741 680 785 tua
697 741 731 766 et
751 735 902 767 scientia
917 741 978 766 tua
995 735 1135 810 seduxgt
1153 741 1197 772 te,
1218 735 1302 810 daim
1320 735 1440 767 dixisti
1458 734 1494 766 in
1511 734 1618 766 corde
1634 740 1709 773 tuo,
1730 733 1808 775 Ego

489 784 524 810 et
549 789 623 810 non
648 784 740 810 Sicut
763 788 781 809 e
810 788 831 809 ο
882 785 1060 810 raeterea:
1090 778 1100 809 i
1128 788 1171 810 eo
1191 788 1232 810 ca
1259 784 1295 810 et
1318 789 1360 810 su
1407 789 1425 810 r
1444 784 1478 810 te
1758 802 1766 810 .

489 822 610 854 veniet
626 832 732 862 super
749 788 1001 854 tegdeeastatio
1013 822 1030 834 ’'
1047 822 1157 863 (xlvii.
1175 831 1225 860 10,
1243 822 1295 862 11)
1309 831 1316 861 ;
1362 789 1405 820 pe
1497 787 1681 817 aerumna,
1772 782 1809 810 et

312 902 448 942 etiam
478 901 548 941 hic
575 901 888 941 describuntur
913 901 987 954 qui
1018 900 1209 941 credunt
1240 914 1288 941 se
1320 901 1471 941 omnia
1501 901 1626 948 scire,
1654 914 1705 941 ac
1738 900 1804 941 in-

312 963 574 1017 telligentes
606 977 705 1004 esse
738 977 843 1016 prae
874 963 1081 1003 omnibus
1112 963 1222 1012 aliis,
1257 976 1357 1004 cum
1389 970 1542 1004 tamen
1575 963 1683 1004 nihil
1714 963 1806 1004 veri

312 1028 456 1068 sciant
483 1034 529 1067 et
555 1026 829 1079 intelligant,
854 1033 900 1067 et
922 1026 1041 1080 quod
1067 1026 1169 1067 ideo
1190 1026 1414 1067 auferatur
1435 1026 1522 1067 illis
1547 1024 1806 1067 intelle&us

310 1091 430 1140 veri3
465 1089 575 1130 fides
607 1102 759 1129 eorum
791 1089 911 1142 quod
943 1089 1320 1142 intelligentiores
1351 1090 1440 1130 sint
1472 1089 1679 1130 omnibus
1710 1089 1806 1130 aliis

312 1152 578 1206 intelligitur
604 1166 682 1205 per
703 1152 823 1205 quod
853 1152 1111 1205 “sapientia
1136 1158 1213 1192 tua
1239 1158 1285 1193 et
1312 1152 1500 1192 scientia
1525 1158 1602 1193 tua
1624 1151 1806 1193 seduxit

313 1222 372 1264 te,
397 1215 502 1255 dum
526 1215 682 1255 dixisti
708 1215 751 1255 in
777 1215 927 1263 corde,
952 1214 1054 1268 Ego
1080 1221 1125 1256 et
1152 1228 1242 1255 non
1269 1215 1383 1256 sicut
1409 1228 1496 1267 ego
1523 1221 1757 1268 praeterea
1772 1214 1806 1266 ;'’

312 1285 358 1319 et
369 1276 542 1331 jactura
560 1278 704 1318 omnis
726 1276 983 1318 intellthus
1001 1278 1093 1318 veri
1110 1277 1378 1331 intelligitur
1400 1291 1477 1331 per
1494 1277 1613 1331 quod
1634 1277 1806 1319 “cadet

312 1354 443 1394 super
474 1347 520 1382 te
556 1354 782 1390 aerumna,
815 1347 862 1382 et
893 1341 1044 1382 veniet
1076 1354 1208 1395 super
1238 1348 1284 1382 te
1315 1340 1608 1382 devastatio.”
1668 1340 1805 1395 Apud

311 1403 593 1453 Ezechielem,

380 1493 599 1525 “Aerumna
615 1503 721 1534 super
737 1503 944 1525 aerumnam
962 1493 1081 1525 veniet
1084 1518 1176 1531 .....
1185 1492 1266 1524 ideo
1289 1498 1460 1534 quaerent
1483 1493 1659 1524 visionem
1683 1502 1705 1524 a
1728 1502 1808 1534 pro-

486 1537 624 1578 phetis;
649 1537 711 1568 sed
736 1537 793 1568 lex
817 1537 920 1578 periit
937 1547 958 1568 a
974 1537 1168 1574 sacerdote,
1188 1543 1224 1568 et
1240 1536 1429 1568 consilium
1454 1546 1476 1568 a
1498 1536 1720 1575 senioribus;
1744 1546 1807 1568 rex

486 1581 620 1621 lugebit
636 1586 672 1612 et
689 1581 852 1621 princeps
870 1581 1035 1612 induetur
1051 1587 1197 1621 stupore
1208 1579 1226 1592 ’⁸
1243 1580 1316 1620 (vii.
1334 1580 1386 1618 26,
1404 1579 1480 1621 27);

311 1665 460 1718 agitur
495 1664 565 1705 hic
598 1664 654 1705 de
687 1665 944 1706 vastatione
981 1664 1214 1714 ecclesiae,
1248 1678 1361 1718 quae
1398 1669 1467 1705 est
1499 1656 1680 1718 quan'do
1716 1677 1806 1705 non

311 1740 466 1768 verum
503 1728 584 1768 nisi
624 1726 935 1778 falsificatum
982 1727 1141 1768 falsum
1179 1741 1237 1768 ex
1277 1726 1390 1768 falso
1426 1727 1694 1780 intelligitur
1730 1740 1808 1781 per

313 1794 610 1832 “aerumnam
629 1804 760 1844 super
777 1804 1037 1831 aerumnam
1055 1791 1088 1842 ;”
1123 1791 1271 1831 “visio
1293 1803 1319 1830 a
1335 1790 1558 1844 propheta
1569 1790 1588 1806 ''
1605 1797 1675 1832 est
1698 1790 1806 1832 doc-

311 1854 442 1903 trina,
466 1854 536 1895 hic
560 1852 767 1895 doctrina
791 1853 917 1905 salsi;
952 1853 1068 1894 “lex
1095 1854 1226 1907 periit
1251 1867 1278 1894 a
1303 1853 1572 1894 sacerdote'’
1595 1859 1665 1894 est
1687 1853 1807 1907 quod

311 1916 514 1958 Verbum
546 1930 636 1957 non
668 1916 949 1970 intelligatur
983 1916 1153 1971 (⁶⁴lex’'
1184 1917 1303 1957 enim
1334 1915 1556 1969 significat
1589 1915 1805 1965 Verbum,

311 1986 357 2021 et
385 1980 635 2020 “sacerdos
649 1979 667 1995 ’'
689 1980 982 2034 docentem);
1017 1979 1289 2021 “consilium
1316 1979 1445 2032 periit
1471 1993 1497 2019 a
1522 1978 1807 2028 senioribus,”

311 2050 380 2084 est
407 2043 527 2097 quod
558 2041 730 2084 re&um
757 2043 813 2084 ab
843 2043 1201 2096 intelligentibus
1231 2041 1557 2096 (“consilium”
1582 2041 1807 2094 significat

311 2104 495 2155 rectum,
515 2112 561 2147 et
581 2107 817 2147 “seniores
830 2105 848 2120 ”
866 2105 1122 2158 significant
1145 2103 1475 2158 intelligentes)
1495 2118 1505 2155 ;
1540 2107 1659 2145 “rex
1682 2104 1807 2158 luge·

310 2169 375 2210 bit
407 2182 458 2210 ac
497 2170 703 2222 princeps
734 2169 943 2209 induetur
974 2167 1197 2222 stupore‚”
1228 2174 1298 2208 est
1330 2167 1450 2221 quod
1489 2180 1580 2208 non
1617 2163 1807 2221 amplius

311 2232 491 2286 aliquod
515 2245 668 2280 verum
697 2230 870 2285 (“rex'’
892 2231 1117 2284 significat
1139 2244 1308 2280 verum,
1333 2237 1379 2272 et
1404 2231 1650 2284 “princeps
1661 2229 1680 2246 ’'
1702 2244 1808 2271 vera

310 2296 519 2349 primario
544 2294 872 2348 inservientia).
933 2294 1071 2348 Apud
1099 2294 1338 2342 Davidem,

379 2384 501 2470 “le
521 2384 557 2416 in
583 2394 792 2470 ore]eorum
818 2382 966 2422 redium,
994 2384 1150 2416 medium
1175 2393 1298 2415 eorum
1323 2393 1496 2415 aerumna
1506 2382 1525 2396 ”
1549 2383 1694 2424 (Psalm.
1715 2393 1749 2416 v.
1769 2391 1809 2415 10

503 2429 548 2460 B.
563 2429 610 2460 A.
626 2438 647 2469 9
666 2429 678 2468 )
692 2438 699 2467 ;

309 2510 512 2551 similiter
543 2510 614 2551 hic
643 2510 926 2551 “aerumna’'
953 2524 1033 2564 pro
1064 2510 1184 2550 falsis
1217 2523 1307 2550 non
1334 2509 1679 2550 cohaerentibus
1704 2522 1805 2551 cum

309 2574 458 2628 aliquo
487 2588 605 2614 vero.
668 2573 883 2614 Similiter
908 2573 1026 2627 apud
1053 2573 1313 2622 Jeremz'am,

378 2664 400 2677 ⁴⁴
414 2662 588 2703 plangite,
608 2663 789 2702 vagamini
814 2663 907 2694 inter
930 2663 1113 2700 macerias,
1135 2663 1218 2703 quia
1241 2672 1304 2693 rex
1327 2672 1451 2694 eorum
1476 2662 1512 2693 in
1538 2662 1682 2693 exilium
1706 2662 1803 2700 abiit,

483 2706 686 2738 sacerdotes
704 2706 781 2747 ejus
799 2713 834 2738 et
851 2707 1028 2747 principes
1046 2706 1152 2737 simul
1163 2705 1182 2718 ’¹
1199 2705 1296 2746 (xlix.
1314 2706 1367 2746 3);

312 2789 504 2842 “vagari
530 2789 647 2830 inter
670 2790 886 2830 macerias
899 2789 917 2804 '’
940 2795 1009 2830 est
1035 2790 1154 2830 inter
1179 2786 1410 2829 destructa
1435 2802 1541 2829 vera
1565 2801 1644 2842 per
1666 2787 1804 2838 falsa;

328 2851 451 2892 ‘’rex
494 2852 567 2905 qui
598 2852 642 2892 in
674 2851 859 2892 exilium
891 2850 999 2893 abiit
1033 2851 1255 2904 significat
1282 2865 1463 2902 verum3
1508 2850 1805 2892 “sacerdotes

307 2911 399 2967 ejus
431 2921 477 2956 et
513 2915 734 2968 principes
765 2914 935 2964 simul‚”
962 2914 1218 2968 significant
1250 2914 1370 2955 bona
1395 2920 1442 2956 et
1473 2927 1579 2955 vera
1603 2913 1724 2955 vitae
1755 2919 1803 2954 et

307 2976 551 3029 doctrinae,
580 2984 627 3020 ut
654 2992 798 3032 supra.
859 2978 996 3031 Apud
1023 2977 1309 3027 Ezechielem,
