2060 3476
675 359 874 400 CAP.11.,
897 359 1037 392 VERs.
1066 360 1237 403 13.—N.
1266 361 1357 405 137.
1684 361 1761 405 173

265 485 326 512 ex
367 470 603 514 affectione
643 471 863 526 spirituali
907 470 1135 526 (videatur
1174 487 1322 527 supra,
1362 487 1404 514 n.
1443 472 1555 528 118).
1629 472 1764 527 Quod

266 535 490 576 Dominus
515 537 735 577 amaverit
759 536 986 590 quendam
1009 535 1179 577 dictum
1206 536 1444 586 Lazarum,
1469 550 1602 592 quem
1625 539 1765 579 etiam

265 599 568 640 exsuscitavit
599 613 626 639 a
657 600 862 648 mortuis,
890 606 1021 653 patet
1053 600 1172 653 apud
1204 600 1460 648 Jolzannem
1488 600 1605 654 (cap.
1633 601 1694 641 xi.
1725 612 1762 653 3,

269 670 304 714 5,
335 661 436 716 36);
470 669 516 703 et
543 662 664 716 quod
690 662 950 703 accubuerit
977 676 1079 703 cum
1107 662 1307 704 Domino
1329 663 1387 704 ad
1414 677 1618 704 mensam
1645 662 1762 717 (cap.

265 724 362 779 xii.)
383 740 392 776 ;
420 732 663 779 propterea
687 725 924 766 “Lazarus
937 725 956 741 ”
979 724 1125 767 dictus
1147 733 1218 767 est
1245 740 1271 767 a
1294 727 1508 777 Domino,
1528 728 1602 781 qui
1619 727 1763 768 voluit

265 790 457 829 saturari
483 789 609 829 micis
635 789 903 830 cadentibus
929 803 954 830 e
980 802 1138 830 mensa
1164 790 1331 838 divitis,
1360 804 1439 844 per
1470 791 1590 844 quod
1623 791 1763 844 signi-

264 851 424 893 ficatur
446 852 716 893 desiderium
733 852 791 893 ad
813 866 919 893 vera
941 866 1000 893 ex
1018 851 1255 894 affectione
1277 853 1499 907 spirituali
1520 853 1588 907 (ut
1614 868 1761 908 supra,

265 928 306 955 n.
328 926 343 955 1
357 917 418 965 18,
435 922 669 956 ostensum
684 915 791 969 est).
838 915 963 957 Sicut
979 917 1240 958 nominatus
1254 924 1324 957 est
1342 920 1368 937 “
1382 917 1612 958 Lazarus”
1627 931 1762 973 prop-

265 985 404 1028 terea,
430 980 494 1020 ita
519 979 781 1032 “Antipas'’
803 980 906 1033 quia
927 985 1101 1032 martyr
1121 978 1265 1021 sactus
1287 980 1346 1021 ob
1372 994 1539 1022 nomen
1563 981 1761 1029 Domini,

264 1042 351 1083 hoc
378 1049 464 1091 est,
492 1043 552 1083 ob
582 1044 865 1096 agnitionem
892 1043 1043 1084 Divini
1078 1043 1277 1084 Humani
1310 1044 1469 1098 Ipsius.
1532 1043 1667 1097 Quod
1698 1044 1763 1086 illi

264 1106 370 1146 odio
395 1106 650 1147 habeantur
675 1106 733 1146 ab
763 1106 971 1147 omnibus
1003 1106 1091 1147 illis
1122 1108 1196 1161 qui
1228 1120 1319 1148 non
1351 1109 1559 1161 cogitant
1592 1108 1648 1149 de
1681 1108 1762 1149 Di-

264 1169 370 1210 vino
397 1169 579 1209 Domini
606 1168 737 1209 simul
764 1182 865 1210 cum
892 1169 948 1211 de
977 1169 1191 1211 Humano
1219 1170 1377 1224 Ipsius,
1407 1185 1496 1212 non
1524 1172 1625 1212 sciri
1657 1177 1762 1225 pot-

264 1238 334 1273 est
358 1246 417 1272 ex
439 1231 526 1272 illis
549 1233 622 1286 qui
645 1233 688 1272 in
712 1232 881 1274 mundo
903 1239 1022 1282 sunt,
1040 1233 1119 1274 sed
1142 1247 1201 1274 ex
1224 1234 1383 1274 iisdem
1406 1235 1450 1275 in
1473 1234 1618 1275 altera
1639 1236 1760 1285 vita;

264 1308 422 1336 omnes
453 1295 517 1336 illi
547 1295 607 1336 ibi
638 1295 833 1349 flagrant
866 1302 1000 1337 tanto
1032 1296 1139 1337 odio
1173 1303 1335 1337 contra
1370 1296 1472 1338 illos
1509 1298 1582 1351 qui
1615 1297 1761 1338 solum

265 1358 511 1400 Dominum
537 1359 706 1400 adeunt
734 1365 783 1400 ut
810 1361 963 1413 paucis
990 1360 1181 1401 describi
1211 1373 1301 1401 non
1328 1362 1499 1414 possit;
1537 1360 1647 1401 nihil
1679 1375 1761 1415 po-

263 1422 352 1462 tius
384 1422 570 1476 cupiunt
597 1436 731 1476 quam
764 1423 970 1464 occidere
1002 1422 1117 1464 illos.
1181 1423 1327 1464 Causa
1359 1430 1444 1473 est,
1468 1425 1571 1478 quia
1603 1438 1761 1465 omnes

263 1486 337 1539 qui
368 1486 413 1526 in
439 1486 620 1526 infernis
653 1492 773 1535 sunt,
802 1493 963 1527 contra
996 1486 1242 1527 Dominum
1269 1493 1389 1535 sunt,
1418 1494 1464 1527 et
1497 1500 1656 1528 omnes
1687 1489 1761 1542 qui

262 1550 307 1589 in
339 1548 476 1590 caelis
508 1556 627 1598 sunt,
661 1562 763 1590 cum
797 1549 996 1590 Domino
1027 1556 1159 1600 sunt;
1201 1556 1247 1590 et
1279 1549 1342 1590 illi
1374 1551 1448 1603 qui
1479 1550 1537 1590 ab
1568 1550 1762 1592 ecclesia

262 1621 383 1664 sunt,
409 1621 455 1656 et
488 1628 579 1656 non
611 1622 868 1669 agnoscunt
902 1615 1116 1656 Divinum
1149 1616 1332 1657 Domini
1363 1617 1408 1656 in
1442 1616 1657 1658 Humano
1685 1617 1759 1671 Ip-

262 1680 367 1727 sius,
387 1692 524 1719 unum
547 1685 689 1732 agunt
713 1692 814 1719 cum
832 1679 1040 1730 infernis;
1067 1679 1171 1720 inde
1194 1686 1263 1720 est
1283 1678 1371 1720 illis
1393 1686 1574 1720 tantum
1592 1681 1758 1722 odium.

264 1741 359 1783 Illis
385 1743 563 1796 saepius
589 1740 758 1782 dictum
785 1748 855 1783 est
888 1742 1008 1796 quod
1035 1742 1154 1783 male
1179 1742 1362 1791 saciant,
1390 1744 1493 1796 quia
1519 1744 1668 1784 sciunt
1699 1758 1759 1785 ex

262 1805 434 1854 Verbo,

327 1906 434 1948 Quod
452 1905 612 1937 Domino
624 1906 671 1937 sit
684 1906 802 1955 omnis
817 1911 976 1947 potestas
993 1906 1029 1937 in
1047 1906 1158 1938 caelis
1173 1912 1209 1937 et
1226 1906 1262 1937 in
1276 1906 1380 1938 terris
1394 1905 1539 1947 (Matth.
1553 1907 1674 1940 xxviii.
1692 1907 1760 1948 18);

260 2003 325 2044 ita
351 2002 472 2057 quod
498 2003 558 2043 sit
586 2001 709 2043 Deus
735 2001 849 2043 caeli
875 2008 921 2043 et
949 2008 1124 2043 terrae:

326 2110 418 2142 Tum
437 2110 532 2151 quod
553 2109 635 2150 Ipse
652 2110 700 2142 sit
715 2110 795 2153 via„
806 2110 938 2141 veritas
954 2115 990 2141 et
1006 2109 1091 2148 vita,
1110 2115 1146 2141 et
1170 2109 1264 2151 quod
1282 2119 1390 2141 nemo
1406 2111 1528 2142 veniat
1544 2110 1589 2142 ad
1616 2111 1759 2143 Patrem

435 2154 504 2185 nisi
521 2164 584 2194 per
602 2154 726 2194 Ipsum
743 2153 844 2196 (Joh.
859 2154 930 2186 xiv.
945 2154 978 2193 6)
993 2163 1000 2191 ;

327 2198 377 2230 Ut
400 2203 436 2229 et
459 2198 554 2239 quod
574 2198 633 2239 qui
650 2198 747 2229 videt
773 2198 968 2229 Dominum
994 2197 1112 2229 videat
1138 2197 1295 2235 Patrem,
1315 2198 1398 2239 quia
1423 2197 1506 2239 Ipse
1531 2198 1567 2229 in
1595 2198 1700 2230 Patre
1724 2205 1760 2231 et

437 2242 543 2273 Pater
559 2242 594 2272 in
615 2242 699 2282 Ipso
717 2242 816 2283 (Joh.
830 2241 902 2273 xiv.
918 2241 1037 2280 7—11);

328 2285 372 2317 Et
395 2286 491 2327 quod
515 2295 622 2317 nemo
643 2286 798 2326 speciem
826 2286 941 2317 Patris
959 2286 1098 2323 viderit,
1118 2295 1184 2317 nec
1200 2295 1325 2317 vocem
1352 2285 1470 2326 Ipsius
1495 2286 1692 2325 audiverit;
1723 2293 1761 2318 et

435 2329 530 2371 quod
542 2330 640 2361 solus
657 2329 832 2361 Dominus
850 2330 908 2370 qui
926 2330 962 2360 in
980 2330 1063 2361 sinu
1080 2329 1210 2370 Ipsius,
1223 2336 1259 2361 et
1276 2330 1334 2371 qui
1350 2340 1460 2361 unum
1475 2340 1555 2361 cum
1575 2330 1642 2361 Illo
1655 2329 1756 2372 (Joh.

435 2374 457 2405 i.
476 2374 537 2410 18;
562 2373 638 2414 cap.
655 2383 688 2405 v.
710 2381 750 2412 37
765 2373 786 2413 ;)

326 2417 489 2457 (Praeter
505 2416 620 2457 plura)
634 2428 640 2449 :

259 2523 418 2577 quibus
445 2522 609 2563 auditis
636 2528 849 2563 avertunt
876 2536 938 2571 se,
966 2536 1056 2563 non
1083 2523 1203 2563 enim
1230 2530 1420 2576 possunt
1448 2537 1642 2577 negare;
1676 2526 1757 2566 sed

260 2585 562 2633 offenduntur,
591 2591 638 2626 et
663 2586 836 2638 spirant
863 2599 1001 2639 usque
1029 2599 1188 2626 necem
1214 2587 1414 2627 omnium
1446 2587 1756 2640 profitentium

261 2650 524 2697 Dominum,
558 2654 607 2689 ut
634 2650 768 2701 prius,
796 2663 855 2689 ex
883 2662 1017 2689 causa
1048 2650 1151 2702 quia
1176 2649 1329 2690 odium
1360 2649 1448 2690 illis
1474 2656 1544 2691 est
1571 2652 1756 2692 insitum

262 2712 490 2768 (videatur
515 2725 662 2765 supra,
691 2725 733 2752 n.
766 2711 878 2765 114).
941 2711 1075 2764 Quod
1101 2711 1165 2753 illi
1191 2712 1296 2753 odio
1318 2712 1514 2754 habituri
1540 2715 1631 2755 sint
1658 2728 1755 2755 om-

260 2790 341 2817 nes
367 2781 553 2829 propter
580 2775 839 2823 Dominum,
863 2775 1154 2828 praedixerat
1173 2775 1396 2816 Dominus
1417 2776 1684 2830 quibusdam
1712 2779 1755 2818 in
1802 2819 1810 2826 ,

258 2839 370 2880 locis
387 2838 526 2880 z—Ut
552 2838 672 2892 apud
696 2838 992 2888 Matthaeum,
1459 2869 1466 2895 ,

325 2937 367 2970 In
385 2938 696 2970 consummatione
714 2937 847 2969 saeculi
865 2938 1040 2969 “tradent
1053 2948 1118 2969 vos
1132 2938 1168 2969 in
1182 2936 1425 2976 afflidtionem,
1442 2945 1478 2970 et
1494 2939 1658 2970 occident
1674 2949 1751 2976 vos,

431 2988 467 3067 <gt
483 2982 581 3032 eritis
597 2982 680 3066 odi)o
697 2981 807 3013 habiti
825 2982 870 3013 ab
887 2982 1055 3013 omnibus
1074 2979 1273 3024 [gentibus]
1292 2989 1438 3023 propter
1451 2993 1584 3014 nomen
1603 2992 1722 3014 meum
1736 2981 1753 2995 ’⁹

446 3035 540 3058 xxm.
557 3035 589 3066 9,
609 3034 650 3057 10
675 3035 683 3064 ;
