2060 3476
260 328 345 359 200
670 322 1003 357 APOCALYPSIS
1034 322 1333 355 EXPLICATA.

259 444 357 478 tare
394 443 548 491 potest
580 449 764 487 verum;
816 436 852 476 si
888 435 1066 488 cogitat
1102 433 1268 475 malum
1305 439 1376 474 est
1413 446 1472 474 ex
1508 431 1746 473 voluntate

261 500 392 542 mali:
440 499 560 554 quod
592 499 748 540 oculus
782 497 1014 539 “dexter'’
1046 498 1234 545 dicatur,
1267 503 1338 537 est
1374 496 1476 549 quia
1513 509 1591 549 per
1621 494 1747 536 illum

258 562 536 616 significatur
558 560 816 603 intelle&us
842 561 963 610 boni,
991 566 1038 601 et
1064 573 1142 614 per
1166 557 1466 600 “sinistrum’'
1487 556 1746 599 intellee‘ms

257 625 352 665 veri
374 635 533 674 (videatur
547 643 578 664 n.
591 643 681 672 4410,
697 633 803 671 6923).
859 621 999 675 Apud
1024 620 1231 669 Esaialll‚

327 725 348 738 “
360 723 519 754 Audient
540 723 575 753 in
594 722 650 753 die
667 722 727 752 illo
745 720 841 752 surdi
858 721 967 751 verba
987 719 1095 757 Libri,
1115 725 1150 751 et
1167 729 1211 750 ex
1227 718 1379 759 caligine
1396 723 1431 749 et
1447 727 1466 749 e
1483 717 1640 749 tenebris
1656 715 1748 748 oculi

432 775 618 797 caecorum
636 763 836 797 videbunt'’
854 764 962 804 (xxix.
982 763 1034 804 18)
1049 772 1056 802 ;

257 850 376 904 apud
403 850 611 898 eundem,

327 927 350 940 ‘⁸
362 925 463 957 Tunc
480 924 684 965 aperientur
701 923 793 955 oculi
810 931 1008 960 caecorum,
1028 927 1063 953 et
1079 930 1183 952 aures
1200 919 1389 953 surdorum
1399 918 1419 932 ''
1437 919 1556 960 (xxxv.
1569 915 1662 960 -[¹]5);

261 1005 379 1059 apud
407 1005 614 1053 eundem,

327 1081 463 1112 “Dabo
488 1087 537 1112 te.
552 1105 581 1112 ..
597 1080 647 1111 .in
673 1079 786 1110 lucem
811 1078 982 1118 gentium,
1009 1077 1054 1108 ad
1077 1076 1308 1117 aperiendum
1333 1075 1456 1107 oculos
1480 1084 1677 1111 caecorum,
1704 1074 1749 1106 ad

432 1124 651 1155 educendum
670 1133 688 1154 e
706 1132 844 1154 carcere
859 1119 1029 1159 vinetum,
1046 1127 1081 1152 et
1096 1130 1115 1152 e
1132 1120 1239 1152 domo
1257 1119 1400 1152 claustri
1417 1119 1583 1151 sedentes
1599 1118 1635 1150 in
1652 1124 1751 1149 tene-

431 1168 503 1199 bris
516 1167 534 1179 '’
551 1167 635 1206 (xlii.
655 1164 721 1208 [6,]
742 1166 795 1206 7);

260 1250 378 1305 apud
402 1250 609 1298 eundem,

327 1328 349 1340 ¹⁴
362 1326 457 1358 Educ
475 1325 644 1366 populum
659 1334 814 1362 caecum,
828 1324 882 1355 cui
896 1323 988 1354 oculi
1002 1328 1095 1361 sunt,
1108 1327 1143 1354 et
1156 1321 1283 1354 surdos
1297 1321 1423 1363 quibus
1436 1330 1539 1352 aures
1550 1318 1568 1332 '¹
1581 1319 1681 1360 (xliii.
1696 1318 1728 1360 8)
1742 1328 1750 1358 ;

261 1426 470 1480 “aperire
502 1424 657 1466 oculos
690 1422 958 1465 caecorum”
989 1428 1059 1463 est
1095 1423 1315 1462 instruere
1355 1420 1456 1461 illos
1488 1420 1562 1473 qui
1602 1418 1749 1459 adhuc

259 1491 473 1542 ignorant
496 1501 616 1536 vera,
641 1494 686 1528 et
710 1500 848 1540 usque
875 1485 1135 1526 desiderant
1162 1484 1252 1533 illa,
1272 1485 1336 1524 ita
1357 1489 1533 1536 gentes.
1596 1480 1750 1522 Simile

259 1551 538 1606 significatur
564 1565 643 1605 per

325 1648 539 1680 Sanationes
563 1656 748 1678 caecorum
773 1655 794 1676 a
820 1644 976 1676 Domino
1000 1643 1145 1684 (Matth.
1160 1644 1206 1676 ix.
1224 1651 1353 1684 27—29:
1386 1652 1461 1682 cap.
1476 1651 1533 1674 xx,
1549 1649 1591 1682 29
1607 1640 1651 1672 ad
1675 1640 1752 1678 fin.;

434 1701 510 1731 cap.
524 1691 602 1774 ›xxi.
626 1699 685 1729 14:
719 1690 832 1721 Marc.
853 1689 924 1720 viii.
947 1696 999 1727 23,
1020 1695 1081 1727 25:
1117 1687 1203 1719 Luc.
1223 1687 1319 1718 xviii.
1340 1693 1379 1726 35
1405 1685 1450 1717 ad
1473 1685 1555 1717 fin.:
1599 1684 1682 1727 Joh.
1702 1683 1749 1715 ix.

439 1743 518 1766 1-21
550 1743 557 1772 ;

259 1843 364 1871 nam
396 1829 547 1871 omnia
579 1827 794 1868 miracula
826 1827 1009 1868 Domini
1040 1825 1335 1867 involvebant
1367 1824 1477 1865 talia
1503 1837 1616 1877 quae
1647 1827 1752 1863 sunt

261 1891 482 1933 ecclesiae
509 1897 554 1931 et
581 1889 724 1939 caeli;
756 1889 860 1929 inde
887 1894 1017 1929 erant
1042 1887 1121 1928 illa
1147 1887 1313 1928 Divina
1339 1897 1497 1934 (videatur
1511 1894 1753 1932 n.7337,8364,

259 1962 366 2000 9031).
437 1950 554 2003 Quia
587 1949 783 1989 “oculus
796 1948 814 1963 ’'
846 1947 1134 2000 significabat
1165 1945 1466 1994 intellectum,
1498 1944 1602 1985 ideo
1633 1944 1753 1984 inter

261 2018 436 2054 statuta
463 2012 583 2065 apud
610 2010 724 2051 filios
752 2009 930 2050 Israelis
957 2015 1067 2057 erat,

326 2110 430 2152 Quod
455 2119 579 2141 caecus
596 2115 656 2140 aut
672 2108 842 2139 confusus
860 2107 963 2138 oculo
980 2117 1024 2138 ex
1047 2106 1183 2138 semine
1201 2105 1381 2137 Aharonis
1405 2114 1478 2135 non
1503 2103 1685 2135 accederet
1708 2103 1754 2136 ad

432 2153 655 2184 offerendum
670 2151 890 2189 sacrificium,
908 2160 972 2182 nec
987 2151 1080 2181 intra
1092 2150 1210 2181 velum
1225 2149 1372 2180 intraret
1385 2148 1507 2187 (Levit.
1523 2147 1594 2179 xxi.
1614 2146 1732 2187 17—23)
1746 2157 1753 2184 ;

326 2197 430 2239 Quod
447 2206 590 2228 caecum
608 2205 682 2226 non
694 2195 917 2226 offerendum
935 2200 1030 2226 esset
1047 2194 1082 2225 in
1100 2193 1310 2225 sacrificium
1327 2192 1451 2232 (Levit.
1465 2191 1549 2223 xxii.
1565 2199 1605 2222 22
1620 2200 1627 2230 ;
1658 2190 1751 2223 Mal.

434 2241 456 2272 i.
472 2240 524 2280 8):

261 2325 365 2365 inde
391 2325 533 2365 etiam
559 2324 676 2364 inter
702 2320 1044 2362 maledictiones
1070 2326 1168 2361 erat

564 2422 586 2434 ‘⁴
599 2419 721 2451 Febris
739 2428 954 2450 consumens
972 2416 1122 2449 oculos”
1140 2416 1262 2457 (Levit.
1279 2416 1374 2449 xxvi.
1394 2415 1458 2457 16).

262 2517 337 2558 Ex
368 2516 437 2557 his
464 2528 580 2556 nunc
611 2515 711 2555 sciri
746 2520 900 2567 potest
927 2513 1031 2567 quid
1065 2526 1142 2566 per
1171 2511 1363 2553 “oculos
1396 2510 1498 2552 Filii
1523 2508 1753 2552 fflhominis

262 2581 335 2635 qui
363 2586 582 2632 tanquam
608 2578 788 2618 flamma
813 2576 967 2629 ignis‚”
994 2575 1296 2628 significatui-3
1334 2574 1454 2628 quod
1484 2587 1646 2627 nempe
1673 2573 1753 2614 Di-

263 2644 368 2684 vina
410 2641 632 2694 sapientia
672 2646 717 2680 et
758 2639 1063 2692 intelligentia
1100 2638 1434 2678 communicata
1473 2636 1559 2677 illis
1597 2637 1669 2690 qui
1709 2637 1753 2677 in

263 2719 415 2750 amore
442 2710 488 2745 et
515 2703 620 2744 inde
647 2702 733 2743 fide
763 2703 807 2742 in
835 2702 1077 2742 Dominum
1111 2707 1240 2741 sunt:
1275 2700 1394 2754 quod
1420 2700 1558 2742 etiam
1584 2698 1753 2752 signifi-

263 2775 389 2809 cetur
413 2767 577 2807 Divina
600 2766 743 2819 Ipsius
767 2765 1064 2818 providentia,
1084 2770 1267 2804 constat
1290 2777 1348 2804 ex
1371 2762 1458 2803 illis
1481 2776 1594 2816 quae
1620 2775 1753 2815 supra

267 2832 328 2885 (n.
366 2829 440 2883 68)
483 2835 667 2869 ostensa
708 2834 825 2868 sunt.
911 2826 1082 2880 Quibus
1123 2826 1382 2867 addendum
1423 2831 1492 2866 est
1533 2824 1653 2878 quod
1696 2823 1753 2864 de

265 2893 482 2935 Cherubis
508 2892 671 2932 dicitur
696 2891 814 2943 apud
845 2889 1126 2938 Ezechielem,
1156 2895 1201 2930 et
1228 2889 1284 2929 de
1310 2895 1501 2942 quatuor
1527 2886 1752 2927 Animali-

264 2957 346 2997 bus
376 2956 493 2996 circa
519 2954 752 3008 Thronum
785 2955 828 2994 in
860 2952 1143 3006 Apocalypsi,
1171 2966 1249 3006 per
1274 2966 1387 3006 quae
1419 2952 1557 2992 etiam
1590 2950 1753 2996 Divina
