2060 3476
659 356 766 389 CAP.
790 356 876 396 111.‚
900 355 1039 389 VERs.
1068 356 1238 400 17.—N.
1263 345 1423 401 239[c].
1704 355 1784 399 373

292 482 396 510 nem
437 469 496 510 ob
537 483 627 510 non
668 469 979 522 receptionem
1017 468 1226 520 Domini;
1271 468 1391 522 quod
1431 467 1702 522 “exspuerit
1740 467 1783 508 in

291 531 448 573 oculos
485 531 610 585 ejus”
646 531 871 586 significat
909 532 1054 573 simile
1095 532 1216 586 quod
1253 546 1387 585 supra
1427 531 1548 586 quod
1591 531 1785 572 “fecerit

292 595 435 636 lutum
476 610 535 637 ex
576 602 711 649 sputo
727 595 760 646 ;’'
807 596 927 649 quod
972 601 1135 649 postea
1177 596 1422 648 “tetigerit
1464 594 1620 636 oculos
1661 594 1785 647 ejus''

291 658 515 712 significat
542 659 661 714 quod
688 673 747 700 ex
770 659 936 700 Divino
957 658 1276 710 illustraverit3
1309 659 1413 699 inde
1436 664 1507 699 est
1533 658 1653 712 quod
1681 671 1785 698 cae-

291 735 368 762 cus
400 723 591 775 primum
622 723 796 764 videret
825 721 1070 763 “homines
1102 722 1217 763 sicut
1249 722 1432 762 arbores
1458 720 1786 769 ambulantes,”

290 799 369 838 per
394 786 515 839 quod
547 785 825 840 significatur
852 785 1104 826 communis
1130 791 1177 826 et
1209 785 1400 826 obscura
1432 785 1665 839 perceptio
1691 784 1785 824 veri

291 862 350 888 ex
369 862 503 890 sensu
526 849 732 900 litterae;
766 863 844 903 per
864 847 1116 890 “arbores’'
1133 849 1272 889 etiam
1291 847 1603 904 significantur
1626 847 1784 900 cogni-

292 911 454 961 tiones,
479 918 525 954 et
547 926 626 966 per
650 912 919 954 “ambulare
930 912 950 927 ”
972 910 1251 965 significatur
1272 912 1447 952 vivere:
1476 910 1596 964 quod
1623 918 1786 964 postea

291 987 393 1015 cum
434 973 583 1017 taetus
619 990 646 1017 a
686 975 885 1017 Domino
920 976 1120 1017 “viderit
1161 988 1320 1016 omnes
1359 974 1518 1023 clare‚''
1559 973 1784 1027 significat

290 1038 411 1091 quod
438 1045 543 1091 post
564 1037 908 1080 instructionem
931 1045 978 1080 et
999 1038 1352 1079 illustrationem
1378 1052 1404 1078 a
1427 1037 1626 1078 Domino
1647 1037 1784 1082 intel-

290 1100 454 1142 lexerit
480 1115 610 1142 vera:
645 1101 717 1142 hic
745 1115 903 1142 sensus
929 1103 1048 1142 inest
1074 1101 1175 1151 illis,
1205 1108 1251 1142 et
1283 1101 1319 1142 is
1351 1114 1510 1142 sensus
1542 1101 1786 1154 percipitur

290 1162 348 1202 ab
372 1163 566 1216 angelis.
624 1174 736 1212 (Quod
754 1183 856 1212 pagus
870 1170 887 1182 ‘¹
899 1174 1098 1203 Bethsaida”
1112 1174 1268 1211 significet
1286 1173 1525 1203 damnationem
1540 1173 1583 1202 ob
1597 1181 1664 1202 non
1677 1182 1787 1210 recep-

290 1223 407 1252 tionem
424 1224 564 1258 Domini,
575 1229 662 1262 patet
676 1225 764 1262 apud
778 1225 987 1259 Matthaeum,
1003 1234 1072 1262 cap.
1086 1224 1126 1254 xi.
1141 1233 1189 1259 21,
1202 1228 1233 1253 et
1247 1225 1335 1262 apud
1350 1225 1480 1258 Lucam,
1493 1233 1562 1261 cap.
1575 1232 1606 1253 x.
1620 1232 1674 1260 13:
1697 1223 1787 1260 quod

289 1274 306 1285 '¹
317 1271 420 1300 taetus
430 1271 446 1281 ''
462 1271 617 1309 significet
631 1272 953 1302 communicationem
975 1276 1007 1301 et
1028 1272 1275 1306 translationem,
1290 1272 1341 1300 hic
1355 1280 1430 1300 vero
1445 1271 1687 1300 illustrationem
1712 1270 1788 1307 quia

289 1321 501 1358 tangebantur
519 1321 613 1356 oculi,
634 1322 779 1350 videatur
796 1330 902 1359 supra,
912 1331 949 1351 vn.
970 1320 1043 1364 79:
1068 1322 1158 1359 quod
1178 1318 1195 1329 ‘¹
1207 1322 1336 1350 arbores
1347 1320 1364 1330 ¹'
1380 1321 1559 1358 significent
1577 1319 1785 1357 cognitiones,

289 1364 320 1394 in
341 1364 483 1394 Arcanis
508 1366 703 1400 Caelestibus,
719 1374 750 1395 n.
774 1374 863 1402 2722,
880 1374 968 1403 2972,
983 1366 1080 1403 7692:
1103 1366 1192 1402 quod
1214 1364 1432 1394 “ambulare’'
1448 1364 1603 1402 significet
1623 1363 1738 1398 vivere,
1753 1372 1785 1394 n.

287 1422 358 1452 519,
375 1422 462 1452 1794.
483 1417 572 1453 8417,
588 1417 685 1454 8420;
714 1419 746 1444 et
759 1424 865 1453 supra,
881 1424 912 1445 n.
927 1414 1010 1457 97.)

377 1475 459 1530 [60]
500 1477 740 1518 Praeterea
757 1491 836 1531 per
853 1491 1011 1518 omnes
1029 1481 1054 1498 “
1067 1490 1229 1518 caecos
1241 1477 1260 1493 ”
1277 1491 1390 1531 quos
1409 1477 1632 1518 Dominus
1650 1481 1793 1516 sana-‘

289 1540 367 1590 vit,
396 1539 617 1581 intelle&i
647 1547 755 1581 sunt
785 1540 849 1581 illi
881 1541 955 1594 qui
985 1541 1030 1581 in
1060 1541 1320 1594 ignorantia
1351 1546 1457 1582 sunt
1489 1546 1536 1581 et
1562 1539 1784 1592 recipiunt

290 1603 458 1657 Ipsum,
487 1609 534 1645 et
561 1617 640 1657 per
665 1603 869 1644 Verbum
901 1604 959 1644 ab
991 1604 1097 1658 Ipso
1122 1603 1431 1654 illustrantur3
1465 1609 1511 1644 et
1540 1603 1587 1650 in
1618 1615 1785 1656 genere

289 1680 369 1720 per
395 1667 547 1707 omnia
578 1666 794 1707 miracula
825 1667 1011 1708 Domini
1042 1667 1355 1720 significantur
1387 1666 1498 1708 talia
1529 1680 1644 1720 quae
1671 1666 1785 1707 caeli

289 1737 336 1772 et
373 1729 592 1771 ecclesiae
629 1735 749 1780 sunt,
788 1730 853 1771 ita
889 1731 1162 1784 spiritualia;
1206 1745 1266 1772 ex
1298 1744 1354 1771 eo
1390 1729 1606 1771 miracula
1638 1729 1784 1782 Ipsius

290 1794 454 1834 Divina
475 1794 666 1842 fuerunt,
686 1807 792 1834 nam
811 1794 1023 1835 Divinum
1047 1800 1117 1835 est
1140 1808 1200 1835 ex
1222 1794 1375 1847 primis
1393 1807 1530 1847 agere
1553 1799 1599 1834 et
1623 1793 1784 1834 sistere

218 1874 227 1876 f
287 1857 366 1899 illa
396 1858 441 1898 in
473 1857 656 1898 ultimis.
717 1857 793 1898 Ex
829 1857 899 1897 his
935 1863 1065 1911 patet
1106 1857 1211 1911 quid
1253 1856 1557 1910 significatum
1594 1862 1665 1897 est
1706 1869 1785 1910 per

291 1924 493 1962 “caecos
504 1919 524 1935 ’'
549 1934 662 1974 quos
689 1920 912 1961 Dominus
938 1921 1118 1961 sanavit

352 2028 422 2069 (De
438 2027 566 2069 quibus
582 2027 712 2060 Matth.
728 2027 774 2059 ix.
795 2035 900 2066 27—31
916 2036 923 2065 ;
955 2037 1032 2067 cap.
1047 2026 1107 2059 xii.
1121 2035 1162 2058 22
1177 2036 1184 2065 ;
1216 2036 1292 2067 cap.
1308 2036 1366 2058 xx.
1382 2034 1424 2066 29
1440 2026 1485 2057 ad
1502 2025 1561 2057 fin.
1579 2035 1586 2062 ;
1618 2035 1695 2066 cap.
1709 2025 1781 2057 xxi.

464 2080 522 2110 14:
547 2072 660 2104 splarc.
674 2081 708 2103 x.
722 2071 765 2110 46
775 2071 821 2102 ad
834 2070 893 2103 fin.
909 2082 916 2102 ι
941 2071 1025 2103 Luc.
1040 2070 1100 2103 vii.
1114 2078 1221 2109 21—23
1235 2080 1243 2108 ;
1267 2079 1343 2110 cap.
1357 2070 1454 2102 xviii.
1470 2077 1510 2109 35
1528 2069 1574 2100 ad
1585 2068 1672 2110 fin.).

289 2179 514 2233 Quoniam
539 2193 618 2233 per
646 2182 848 2231 “caecos
859 2178 878 2194 ''
904 2177 1216 2232 significantur
1241 2177 1305 2219 illi
1331 2179 1404 2232 qui
1436 2191 1527 2219 non
1554 2178 1598 2218 in
1624 2178 1783 2230 cogni-

287 2242 485 2283 tionibus
516 2243 609 2284 veri
640 2248 759 2291 sunt,
793 2248 840 2283 et
876 2242 981 2283 inde
1018 2255 1109 2283 non
1146 2242 1190 2282 in
1222 2242 1374 2296 aliquo
1404 2239 1643 2282 intellectu
1674 2241 1781 2289 veri,

287 2306 390 2348 ideo
415 2306 533 2348 inter
558 2306 685 2360 leges
711 2312 758 2348 et
784 2313 974 2356 statuta,
1003 2321 1118 2361 quae
1149 2307 1258 2348 data
1284 2306 1383 2347 filiis
1416 2305 1610 2355 Israelis,
1638 2305 1783 2346 fuerat

353 2417 459 2459 Quod
475 2427 602 2450 caecus
618 2427 662 2450 ex
678 2411 760 2450 filiis
777 2418 959 2450 Aharonis
983 2424 1019 2450 et
1042 2428 1088 2449 ex
1111 2417 1247 2450 Levitis
1264 2427 1337 2448 non
1362 2417 1547 2449 accederet
1562 2417 1608 2448 ad
1633 2416 1786 2448 offeren-

461 2461 546 2512 dum
571 2471 701 2502 panem
727 2461 794 2493 Dei
818 2461 874 2494 sui
890 2461 971 2502 (hoc
995 2466 1061 2499 est,
1081 2461 1127 2493 ad
1150 2461 1354 2493 faciendum
1378 2459 1603 2500 sacrificium)
1623 2457 1781 2501 (1¹1Levit.

353 2549 446 2580 Tum
462 2505 719 2589 {iiiidIZt’ecum
737 2559 811 2580 non
828 2549 1017 2580 offerretur
1032 2546 1192 2589 (1²1Levit.
1209 2548 1294 2580 xxii.
1309 2556 1372 2586 22;
1400 2548 1506 2580 Deut.
1521 2558 1579 2580 xv.
1595 2547 1670 2588 21);

356 2592 494 2624 Pariter
509 2592 605 2633 quod
629 2602 702 2623 non
720 2602 839 2624 eoram
858 2602 964 2624 caeco
988 2593 1114 2624 darent
1131 2592 1385 2623 offendiculum
1410 2590 1533 2632 (Levit.
1548 2592 1618 2623 xix.
1638 2591 1710 2631 14);

354 2633 525 2678 [Pariter]
545 2635 639 2677 quod
656 2634 868 2668 maledictus
885 2636 944 2677 qui
961 2646 1081 2667 errare
1098 2635 1231 2667 faceret
1248 2645 1392 2667 caecum
1410 2635 1547 2675 (Deutr.
1562 2635 1671 2667 xxvii.
1688 2634 1759 2675 18):

285 2749 405 2803 quod
431 2748 518 2790 hae
543 2748 670 2803 leges
697 2749 818 2790 latae
843 2749 1022 2798 fuerint,
1050 2755 1148 2790 erat
1179 2749 1282 2803 quia
1307 2748 1502 2790 ecclesia
1528 2748 1647 2801 apud
1679 2748 1781 2788 illos

285 2813 495 2853 instituta
513 2819 610 2853 erat
628 2812 823 2853 ecclesia
840 2813 1244 2866 repraesentativa,
1264 2813 1308 2852 in
1326 2826 1413 2866 qua
1430 2813 1582 2852 omnia
1599 2825 1782 2865 reprae-

285 2876 530 2917 sentabant
549 2876 795 2929 spiritualia
812 2877 915 2930 quia
932 2876 1019 2916 illis
1033 2876 1468 2929 correspondebant.
1511 2875 1622 2915 Ideo
1640 2875 1779 2915 etiam

285 2939 446 2980 dicitur
468 2952 660 2992 sequens
687 2937 946 2981 maledictio
972 2952 1104 2992 super
1129 2953 1206 2979 eos
1229 2939 1302 2992 qui
1325 2951 1415 2979 non
1439 2943 1622 2979 servant
1650 2950 1779 2977 man·

285 3002 408 3052 data,
436 3002 555 3056 apud
584 3002 760 3053 Mosen,
1765 3017 1767 3019 ·
