2060 3476
702 367 811 402 CAP.
836 368 902 409 11.‚
927 368 1066 402 VERS.
1089 369 1238 414 9.-N.
1269 370 1358 415 117.
1703 371 1782 416 143

286 483 420 525 datur
444 497 578 539 quam
605 483 724 539 apud
749 483 852 525 illos
877 484 951 539 qui
979 483 1206 538 conjuncti
1239 491 1344 527 sunt
1372 485 1571 528 Domino
1603 500 1682 541 per
1707 501 1789 541 ag-

285 548 504 589 nitionem
521 554 568 590 et
590 547 724 590 fidem
743 548 894 589 Divini
917 549 1061 603 Ipsius
1083 550 1128 590 in
1153 549 1367 591 Humano
1385 564 1393 601 ;
1422 551 1635 604 quoniam
1653 565 1788 593 omne

282 625 438 652 verum
461 611 574 653 caeli
596 618 642 653 et
665 625 799 653 omne
820 626 974 654 verum
997 613 1216 654 ecclesiae
1239 627 1330 654 non
1353 614 1532 655 aliunde
1559 621 1629 656 est
1652 628 1787 669 quam

282 688 342 715 ex
376 675 542 717 Divino
575 675 789 716 Humano
816 675 1025 727 Domini;
1058 677 1263 730 procedit
1290 678 1409 718 enirn
1436 678 1542 718 inde
1573 677 1788 719 Divinum

284 738 470 788 Verum,
494 739 614 793 quod
647 738 836 793 Spiritus
876 741 1082 781 veritatis
1110 754 1188 781 seu
1214 739 1405 794 Spiritus
1432 740 1624 782 Sanctus
1650 755 1787 782 voca-

283 809 366 843 tur.
429 803 542 844 Inde
564 809 633 844 est
657 803 802 844 omnis
824 801 1000 844 affectio
1018 804 1110 844 veri
1134 810 1179 845 et
1202 805 1424 858 sapientia
1447 804 1622 858 angelis
1645 805 1758 846 caeli
1777 819 1786 856 ;

283 866 386 903 (quod
407 866 451 896 ita
471 867 519 900 sit,
534 866 679 895 videatur
699 866 732 895 in
746 875 842 904 opere
857 867 909 896 De
927 868 1018 897 Caelo
1032 870 1064 896 et
1076 867 1216 906 Inferna,
1231 876 1263 897 n.
1282 868 1430 905 126-140‚
1447 868 1597 906 265-275,
1613 868 1787 907 346-356;)

282 917 327 958 hi
353 924 459 959 sunt
486 918 605 971 apud
631 931 744 971 quos
771 917 994 958 Dominus
1019 919 1144 959 vivit.

363 987 490 1028 116.
521 996 628 1035 [Vers.
648 996 693 1035 9.]
723 986 852 1026 “Novi
866 989 938 1026 tua
958 986 1320 1040 opem.''—Quod
1337 986 1562 1040 significet
1576 1002 1786 1037 amorem,

283 1055 466 1100 constat
503 1062 562 1089 ex
599 1047 929 1101 significatione
963 1049 1228 1102 “operum,”
1255 1049 1376 1103 quod
1409 1050 1499 1091 sint
1531 1063 1645 1104 quae
1682 1057 1787 1092 sunt

282 1111 532 1153 voluntatis
559 1125 637 1152 seu
662 1113 840 1161 amoris,
869 1113 972 1166 quia
997 1126 1134 1166 opera
1158 1113 1263 1154 inde
1295 1113 1547 1167 procedunt
1569 1128 1578 1164 3
1611 1120 1658 1155 et
1683 1114 1728 1155 id
1761 1128 1787 1155 a

283 1189 372 1229 quo
386 1175 551 1229 aliquid
569 1175 790 1229 procedit,
803 1175 909 1217 facit
925 1189 1060 1217 omne
1077 1177 1122 1217 in
1141 1190 1196 1217 eo
1210 1177 1330 1230 quod
1349 1177 1567 1230 procedit,
1580 1177 1787 1219 similiter

282 1245 330 1279 ut
357 1252 491 1280 causa
516 1240 560 1280 in
586 1237 746 1280 effestu
767 1253 776 1290 ;
809 1252 914 1280 nam
940 1239 1094 1281 ablata
1120 1246 1197 1280 aut
1225 1246 1434 1282 cessante
1460 1254 1608 1290 causa,
1636 1247 1786 1283 cessat

281 1300 490 1343 effectus:
523 1303 588 1344 ita
613 1303 751 1343 etiam
773 1302 985 1344 voluntas
1010 1303 1205 1344 hominis
1231 1310 1277 1345 et
1303 1304 1407 1345 inde
1429 1318 1567 1358 opera
1582 1318 1592 1356 ;
1625 1304 1786 1345 volun-

282 1373 353 1408 tas
384 1373 453 1407 est
486 1379 621 1408 causa
651 1372 698 1407 et
735 1379 872 1420 opera
902 1373 1006 1408 sunt
1039 1366 1223 1408 effectus
1241 1382 1250 1419 ;
1293 1374 1339 1409 et
1371 1374 1530 1409 notum
1562 1374 1632 1409 est
1665 1368 1786 1422 quod

282 1437 492 1472 cessante
512 1429 750 1471 voluntate
772 1436 920 1471 cesset
943 1444 1081 1484 opus3
1114 1431 1218 1472 inde
1241 1438 1371 1485 patet
1393 1431 1514 1485 quod
1536 1445 1673 1485 opera
1695 1433 1786 1473 sint

281 1494 494 1535 voluntas
519 1494 563 1534 in
590 1508 736 1535 causa.
796 1493 1027 1535 Voluntas
1053 1495 1246 1536 hominis
1273 1502 1343 1536 est
1370 1495 1623 1549 spiritualis,
1648 1509 1787 1549 opera

284 1564 437 1599 autem
455 1558 560 1599 inde
578 1564 683 1599 sunt
702 1558 924 1599 naturalia
942 1573 951 1609 ;
984 1559 1087 1599 inde
1110 1572 1227 1600 nunc
1246 1566 1316 1601 est
1333 1559 1459 1613 'quod
1482 1573 1561 1613 per
1579 1563 1604 1580 ‘⁴
1617 1573 1754 1613 opera
1766 1559 1786 1575 '’

282 1623 326 1662 in
358 1622 575 1676 spirituali
607 1636 741 1663 sensu
772 1622 1053 1676 intelligatur
1083 1623 1308 1664 voluntas.
1371 1622 1505 1676 Quod
1537 1624 1675 1664 etiam
1707 1637 1786 1677 per

283 1685 490 1739 “opera''
521 1685 804 1738 intelligatur
835 1699 975 1735 amor,
1009 1693 1079 1728 est
1113 1688 1215 1741 quia
1251 1687 1295 1727 id
1330 1687 1450 1740 quod
1491 1687 1629 1728 homo
1661 1693 1785 1729 amat

281 1750 366 1791 hoc
393 1749 504 1798 vult,
532 1756 579 1791 et
605 1750 725 1803 quod
757 1750 893 1791 corde
919 1750 1016 1792 vult
1048 1750 1134 1792 hoc
1164 1757 1313 1801 amat;
1346 1757 1392 1792 et
1425 1752 1461 1791 si
1492 1752 1685 1805 penitius
1716 1752 1784 1792 in-

282 1814 428 1867 spicis,
448 1813 620 1872 videbis
642 1813 762 1867 quod
786 1814 937 1854 omnia
958 1815 1182 1855 interioris
1204 1814 1453 1855 voluntatis
1476 1815 1670 1855 hominis
1692 1815 1783 1855 sint

281 1878 446 1918 amoris
484 1876 589 1930 ejus.
651 1876 786 1929 Quod
824 1884 980 1918 tamen
1016 1878 1061 1918 in
1099 1879 1326 1919 communi
1364 1891 1572 1919 sermone
1609 1878 1784 1919 dicatur

282 1941 475 1982 hominis
495 1944 521 1960 ⁴‘
535 1940 693 1981 amor‘'
710 1947 756 1982 et
780 1953 880 1981 non·
894 1941 986 1994 ejus
1008 1941 1235 1991 voluntas,
1252 1948 1322 1983 est
1344 1943 1446 1996 quia
1468 1955 1645 1982 amores
1667 1942 1782 1983 mul-

281 2005 459 2058 tiplices
490 2010 609 2053 sunt,
637 2010 683 2045 et
716 2004 865 2058 plures
897 2005 940 2045 in
974 2019 1063 2045 uno
1088 2005 1285 2054 homine,
1314 2012 1360 2046 et
1391 2019 1548 2046 omnes
1575 2005 1705 2046 simul
1737 2006 1780 2046 in

281 2069 531 2117 voluntate,
559 2082 674 2122 quae
700 2082 791 2109 non
818 2068 950 2109 aliter
975 2083 1109 2122 quam
1136 2070 1251 2110 sicut
1278 2083 1366 2109 una
1391 2069 1448 2109 ab
1473 2069 1655 2110 homine
1681 2083 1782 2123 per-

281 2134 454 2186 cipitur,
496 2132 598 2186 quia
637 2133 874 2185 distinguit
915 2133 1032 2173 inter
1072 2132 1356 2174 voluntatem
1397 2140 1444 2174 et
1484 2132 1781 2174 intellectum.

282 2195 366 2236 Est
403 2196 555 2249 itaque
586 2195 798 2236 voluntas
835 2196 979 2249 ipsum
1017 2196 1246 2249 spirituale
1284 2197 1490 2245 hominis,
1523 2197 1626 2250 quia
1656 2206 1783 2238 amor

282 2266 351 2300 est
374 2259 627 2312 spiritualis.
672 2258 807 2312 Quod
832 2260 876 2300 in
899 2259 1056 2300 Verbo
1081 2263 1257 2314 “opera
1268 2260 1287 2275 ‘’
1310 2261 1600 2301 nominentur
1621 2267 1667 2302 et
1690 2275 1782 2302 non

282 2322 493 2363 voluntas
525 2336 602 2363 seu
633 2336 760 2363 amor
793 2321 862 2376 (ut
893 2323 964 2363 hic
1003 2330 1048 2364 et
1086 2324 1129 2364 in
1161 2324 1452 2377 sequentibus
1489 2325 1545 2365 ad
1571 2324 1782 2378 Angelos

284 2385 604 2434 Ecclesiarum‚
624 2386 783 2426 “Novi
806 2400 943 2439 opera
965 2386 1082 2435 tua,”
1099 2393 1145 2427 et
1169 2400 1259 2428 non
1282 2387 1406 2427 Novi
1422 2387 1690 2428 voluntatem
1712 2395 1782 2429 tu-

281 2463 368 2495 am,
393 2462 470 2489 seu
491 2462 684 2489 amorem
706 2449 864 2502 tuum),
884 2456 954 2490 est
978 2463 1125 2499 causa,
1146 2451 1248 2504 quia
1274 2451 1424 2491 omnia
1446 2465 1560 2504 quae
1582 2452 1624 2492 in
1649 2465 1782 2492 sensu

283 2512 462 2552 litterae
484 2511 625 2552 Verbi
651 2512 874 2553 naturalia
895 2520 1015 2562 sunt,
1039 2520 1085 2554 et
1108 2515 1151 2554 in
1175 2528 1223 2554 se
1246 2515 1484 2555 continent
1508 2515 1780 2568 spiritualia;

282 2581 556 2629 quapropter
578 2582 625 2616 ut
652 2589 807 2616 sensus
830 2577 1070 2629 spiritualis
1093 2577 1233 2618 Verbi
1256 2584 1426 2631 pateat,
1450 2579 1782 2632 explorandum

282 2646 351 2680 est
379 2638 608 2693 spirituale
630 2639 750 2692 quod
776 2640 819 2679 in
843 2640 1049 2689 naturali,
1074 2655 1151 2681 seu
1174 2655 1198 2681 a
1221 2655 1309 2695 quo
1332 2642 1536 2683 naturale
1563 2643 1781 2696 procedit.

362 2713 479 2757 117.
518 2703 597 2743 “Et
628 2703 1124 2758 afflictionem.”—Quod
1159 2705 1383 2759 significet
1419 2708 1694 2747 anxietatem
1727 2720 1784 2747 ex

282 2765 498 2807 desiderio
518 2765 800 2818 cognoscendi
816 2781 936 2816 vera,
961 2774 1143 2808 constat
1167 2782 1225 2808 ex
1249 2768 1579 2821 significatione
1603 2768 1781 2809 “afflic-

282 2828 457 2878 tionis‚”
479 2829 599 2882 quod
626 2829 683 2869 sit
710 2830 919 2870 anxietas
946 2832 1111 2871 mentis
1138 2845 1197 2872 ex
1225 2832 1448 2873 desiderio
1474 2832 1782 2885 cognoscendi

282 2906 414 2943 vera;
451 2893 601 2945 agitur
632 2893 751 2933 enim
783 2893 839 2934 de
870 2893 956 2934 illis
982 2894 1056 2947 qui
1086 2894 1246 2936 volunt
1277 2895 1532 2948 intelligere
1564 2896 1766 2936 Verbum

283 2962 329 2997 et
356 2956 556 2996 nondum
583 2957 699 2996 bene
724 2956 986 3009 intelligunt
1016 2956 1241 3010 (videatur
1267 2972 1411 3012 supra,
1436 2972 1477 2999 n.
1506 2958 1631 3012 112);
1665 2965 1710 2999 et
1736 2958 1780 2999 h¹

283 3020 325 3059 in
353 3020 588 3060 anxietate
615 3019 763 3073 quoad
790 3020 993 3073 spiritum
1022 3027 1140 3071 sunt,
1169 3022 1351 3076 quando
1382 3036 1472 3063 non
1504 3022 1779 3076 intelligunt.
