<?xml version="1.0" encoding="UTF-8"?>
<!DOCTYPE html PUBLIC "-//W3C//DTD XHTML 1.0 Transitional//EN"
    "http://www.w3.org/TR/xhtml1/DTD/xhtml1-transitional.dtd">
<html xmlns="http://www.w3.org/1999/xhtml" xml:lang="en" lang="en">
 <head>
  <title>
</title>
<meta http-equiv="Content-Type" content="text/html;charset=utf-8" />
  <meta name='ocr-system' content='tesseract 3.04.00' />
  <meta name='ocr-capabilities' content='ocr_page ocr_carea ocr_par ocr_line ocrx_word'/>
</head>
<body>
  <div class='ocr_page' id='page_1' title='image "apocalypsisexpli01sweduoft_0594.png"; bbox 0 0 2060 3476; ppageno 0'>
   <div class='ocr_carea' id='block_1_1' title="bbox 362 357 1432 410">
    <p class='ocr_par' dir='ltr' id='par_1_1' title="bbox 362 357 1432 410">
     <span class='ocr_line' id='line_1_1' title="bbox 362 357 1432 410; baseline 0 -12"><span class='ocrx_word' id='word_1_1' title='bbox 362 357 442 410; x_wconf 87' lang='grc'>588</span> <span class='ocrx_word' id='word_1_2' title='bbox 771 367 1103 402; x_wconf 75' lang='lat' dir='ltr'>APOCALvPsls</span> <span class='ocrx_word' id='word_1_3' title='bbox 1133 366 1432 400; x_wconf 85' lang='lat' dir='ltr'><strong>EXPLICATA.</strong></span> 
     </span>
    </p>
   </div>
   <div class='ocr_carea' id='block_1_2' title="bbox 357 479 1845 1408">
    <p class='ocr_par' dir='ltr' id='par_1_2' title="bbox 357 479 1845 1408">
     <span class='ocr_line' id='line_1_2' title="bbox 359 479 1843 534; baseline -0.001 -15"><span class='ocrx_word' id='word_1_4' title='bbox 359 479 520 529; x_wconf 87' lang='lat' dir='ltr'>cordis,</span> <span class='ocrx_word' id='word_1_5' title='bbox 559 485 629 520; x_wconf 92' lang='lat' dir='ltr'>est</span> <span class='ocrx_word' id='word_1_6' title='bbox 675 480 777 533; x_wconf 89' lang='lat' dir='ltr'>quia</span> <span class='ocrx_word' id='word_1_7' title='bbox 816 481 1028 534; x_wconf 89' lang='lat' dir='ltr'>gaudium</span> <span class='ocrx_word' id='word_1_8' title='bbox 1068 481 1213 522; x_wconf 91' lang='lat' dir='ltr'>cordis</span> <span class='ocrx_word' id='word_1_9' title='bbox 1253 494 1301 521; x_wconf 92' lang='lat' dir='ltr'>se</span> <span class='ocrx_word' id='word_1_10' title='bbox 1341 479 1510 520; x_wconf 86' lang='lat' dir='ltr'><strong>exserit</strong></span> <span class='ocrx_word' id='word_1_11' title='bbox 1547 492 1624 532; x_wconf 88' lang='lat' dir='ltr'>per</span> <span class='ocrx_word' id='word_1_12' title='bbox 1661 483 1843 519; x_wconf 89' lang='lat' dir='ltr'>cantum</span> 
     </span>
     <span class='ocr_line' id='line_1_3' title="bbox 359 542 1844 596; baseline -0.001 -14"><span class='ocrx_word' id='word_1_13' title='bbox 359 542 540 595; x_wconf 90' lang='lat' dir='ltr'>quando</span> <span class='ocrx_word' id='word_1_14' title='bbox 571 542 615 582; x_wconf 92' lang='lat' dir='ltr'>id</span> <span class='ocrx_word' id='word_1_15' title='bbox 646 543 690 583; x_wconf 91' lang='lat' dir='ltr'>in</span> <span class='ocrx_word' id='word_1_16' title='bbox 722 556 803 584; x_wconf 92' lang='lat' dir='ltr'>suo</span> <span class='ocrx_word' id='word_1_17' title='bbox 834 542 968 596; x_wconf 90' lang='lat' dir='ltr'>pleno</span> <span class='ocrx_word' id='word_1_18' title='bbox 999 550 1094 584; x_wconf 87' lang='lat' dir='ltr'>est:</span> <span class='ocrx_word' id='word_1_19' title='bbox 1128 557 1261 584; x_wconf 88' lang='lat' dir='ltr'>causa</span> <span class='ocrx_word' id='word_1_20' title='bbox 1292 542 1410 596; x_wconf 91' lang='lat' dir='ltr'>quod</span> <span class='ocrx_word' id='word_1_21' title='bbox 1442 555 1520 594; x_wconf 89' lang='lat' dir='ltr'>per</span> <span class='ocrx_word' id='word_1_22' title='bbox 1550 547 1747 590; x_wconf 89' lang='lat' dir='ltr'>cantum,</span> <span class='ocrx_word' id='word_1_23' title='bbox 1773 546 1844 581; x_wconf 89' lang='lat' dir='ltr'>est</span> 
     </span>
     <span class='ocr_line' id='line_1_4' title="bbox 359 603 1842 659; baseline -0.001 -15"><span class='ocrx_word' id='word_1_24' title='bbox 359 604 460 657; x_wconf 91' lang='lat' dir='ltr'>quia</span> <span class='ocrx_word' id='word_1_25' title='bbox 486 618 586 646; x_wconf 89' lang='lat' dir='ltr'>cum</span> <span class='ocrx_word' id='word_1_26' title='bbox 613 618 688 646; x_wconf 91' lang='lat' dir='ltr'>cor</span> <span class='ocrx_word' id='word_1_27' title='bbox 713 605 989 659; x_wconf 56' lang='lat' dir='ltr'>plenum-est</span> <span class='ocrx_word' id='word_1_28' title='bbox 1015 606 1193 659; x_wconf 89' lang='lat' dir='ltr'>gaudio,</span> <span class='ocrx_word' id='word_1_29' title='bbox 1213 612 1259 646; x_wconf 92' lang='lat' dir='ltr'>et</span> <span class='ocrx_word' id='word_1_30' title='bbox 1284 605 1387 645; x_wconf 91' lang='lat' dir='ltr'>inde</span> <span class='ocrx_word' id='word_1_31' title='bbox 1413 617 1587 658; x_wconf 92' lang='lat' dir='ltr'>quoque</span> <span class='ocrx_word' id='word_1_32' title='bbox 1609 603 1842 656; x_wconf 84' lang='lat' dir='ltr'>cogitatio,</span> 
     </span>
     <span class='ocr_line' id='line_1_5' title="bbox 358 665 1844 722; baseline -0.001 -15"><span class='ocrx_word' id='word_1_33' title='bbox 358 672 465 708; x_wconf 90' lang='lat' dir='ltr'>tunc</span> <span class='ocrx_word' id='word_1_34' title='bbox 506 667 691 709; x_wconf 86' lang='lat' dir='ltr'>effundit</span> <span class='ocrx_word' id='word_1_35' title='bbox 731 682 779 709; x_wconf 92' lang='lat' dir='ltr'>se</span> <span class='ocrx_word' id='word_1_36' title='bbox 819 682 896 722; x_wconf 89' lang='lat' dir='ltr'>per</span> <span class='ocrx_word' id='word_1_37' title='bbox 927 675 1136 718; x_wconf 89' lang='lat' dir='ltr'>cantum;</span> <span class='ocrx_word' id='word_1_38' title='bbox 1178 669 1320 721; x_wconf 91' lang='lat' dir='ltr'>ipsum</span> <span class='ocrx_word' id='word_1_39' title='bbox 1346 667 1557 720; x_wconf 85' lang='lat' dir='ltr'>gaudium</span> <span class='ocrx_word' id='word_1_40' title='bbox 1583 665 1730 706; x_wconf 91' lang='lat' dir='ltr'>cordis</span> <span class='ocrx_word' id='word_1_41' title='bbox 1766 678 1844 718; x_wconf 91' lang='lat' dir='ltr'>per</span> 
     </span>
     <span class='ocr_line' id='line_1_6' title="bbox 358 725 1841 783; baseline -0.001 -14"><span class='ocrx_word' id='word_1_42' title='bbox 358 742 515 770; x_wconf 91' lang='lat' dir='ltr'>sonum</span> <span class='ocrx_word' id='word_1_43' title='bbox 543 737 715 780; x_wconf 88' lang='lat' dir='ltr'>cantus,</span> <span class='ocrx_word' id='word_1_44' title='bbox 742 737 787 772; x_wconf 94' lang='lat' dir='ltr'>et</span> <span class='ocrx_word' id='word_1_45' title='bbox 814 731 917 771; x_wconf 92' lang='lat' dir='ltr'>inde</span> <span class='ocrx_word' id='word_1_46' title='bbox 942 731 1153 783; x_wconf 91' lang='lat' dir='ltr'>gaudium</span> <span class='ocrx_word' id='word_1_47' title='bbox 1176 725 1466 782; x_wconf 80' lang='lat' dir='ltr'>cogitationis</span> <span class='ocrx_word' id='word_1_48' title='bbox 1491 742 1569 781; x_wconf 88' lang='lat' dir='ltr'>per</span> <span class='ocrx_word' id='word_1_49' title='bbox 1591 728 1841 769; x_wconf 88' lang='lat' dir='ltr'>canticum:</span> 
     </span>
     <span class='ocr_line' id='line_1_7' title="bbox 357 789 1842 846; baseline -0.001 -14"><span class='ocrx_word' id='word_1_50' title='bbox 357 792 489 844; x_wconf 90' lang='lat' dir='ltr'>quale</span> <span class='ocrx_word' id='word_1_51' title='bbox 515 793 666 845; x_wconf 88' lang='lat' dir='ltr'>gaudii</span> <span class='ocrx_word' id='word_1_52' title='bbox 691 794 980 846; x_wconf 83' lang='lat' dir='ltr'>cogitationis</span> <span class='ocrx_word' id='word_1_53' title='bbox 1006 794 1177 833; x_wconf 90' lang='lat' dir='ltr'>sistitur</span> <span class='ocrx_word' id='word_1_54' title='bbox 1202 806 1280 845; x_wconf 90' lang='lat' dir='ltr'>per</span> <span class='ocrx_word' id='word_1_55' title='bbox 1304 805 1439 832; x_wconf 90' lang='lat' dir='ltr'>voces</span> <span class='ocrx_word' id='word_1_56' title='bbox 1470 791 1634 831; x_wconf 89' lang='lat' dir='ltr'>cantici</span> <span class='ocrx_word' id='word_1_57' title='bbox 1665 789 1842 831; x_wconf 87' lang='lat' dir='ltr'>confor-</span> 
     </span>
     <span class='ocr_line' id='line_1_8' title="bbox 358 852 1842 908; baseline -0.002 -13"><span class='ocrx_word' id='word_1_58' title='bbox 358 867 453 895; x_wconf 89' lang='lat' dir='ltr'>mes</span> <span class='ocrx_word' id='word_1_59' title='bbox 478 860 524 895; x_wconf 91' lang='lat' dir='ltr'>et</span> <span class='ocrx_word' id='word_1_60' title='bbox 551 856 872 896; x_wconf 90' lang='lat' dir='ltr'>convenientes</span> <span class='ocrx_word' id='word_1_61' title='bbox 899 856 960 896; x_wconf 91' lang='lat' dir='ltr'>rei</span> <span class='ocrx_word' id='word_1_62' title='bbox 991 869 1105 908; x_wconf 89' lang='lat' dir='ltr'>quae</span> <span class='ocrx_word' id='word_1_63' title='bbox 1135 855 1180 895; x_wconf 88' lang='lat' dir='ltr'>in</span> <span class='ocrx_word' id='word_1_64' title='bbox 1205 854 1484 907; x_wconf 84' lang='lat' dir='ltr'>cogitatione</span> <span class='ocrx_word' id='word_1_65' title='bbox 1510 867 1569 894; x_wconf 87' lang='lat' dir='ltr'>ex</span> <span class='ocrx_word' id='word_1_66' title='bbox 1596 852 1731 894; x_wconf 90' lang='lat' dir='ltr'>corde</span> <span class='ocrx_word' id='word_1_67' title='bbox 1757 858 1842 899; x_wconf 89' lang='lat' dir='ltr'>est,</span> 
     </span>
     <span class='ocr_line' id='line_1_9' title="bbox 359 913 1845 972; baseline -0.001 -16"><span class='ocrx_word' id='word_1_68' title='bbox 359 922 405 957; x_wconf 88' lang='lat' dir='ltr'>et</span> <span class='ocrx_word' id='word_1_69' title='bbox 432 916 563 970; x_wconf 90' lang='lat' dir='ltr'>quale</span> <span class='ocrx_word' id='word_1_70' title='bbox 589 918 739 970; x_wconf 88' lang='lat' dir='ltr'>gaudii</span> <span class='ocrx_word' id='word_1_71' title='bbox 770 918 915 958; x_wconf 89' lang='lat' dir='ltr'>cordis</span> <span class='ocrx_word' id='word_1_72' title='bbox 947 931 1024 970; x_wconf 92' lang='lat' dir='ltr'>per</span> <span class='ocrx_word' id='word_1_73' title='bbox 1049 917 1342 966; x_wconf 79' lang='lat' dir='ltr'>harmoniam,</span> <span class='ocrx_word' id='word_1_74' title='bbox 1369 922 1415 957; x_wconf 90' lang='lat' dir='ltr'>et</span> <span class='ocrx_word' id='word_1_75' title='bbox 1447 921 1664 972; x_wconf 84' lang='lat' dir='ltr'>quantum</span> <span class='ocrx_word' id='word_1_76' title='bbox 1695 913 1845 967; x_wconf 89' lang='lat' dir='ltr'>gaudii</span> 
     </span>
     <span class='ocr_line' id='line_1_10' title="bbox 357 976 1844 1032; baseline -0.001 -13"><span class='ocrx_word' id='word_1_77' title='bbox 357 977 449 1031; x_wconf 90' lang='lat' dir='ltr'>ejus</span> <span class='ocrx_word' id='word_1_78' title='bbox 475 992 552 1032; x_wconf 90' lang='lat' dir='ltr'>per</span> <span class='ocrx_word' id='word_1_79' title='bbox 574 979 816 1021; x_wconf 88' lang='lat' dir='ltr'>elationem</span> <span class='ocrx_word' id='word_1_80' title='bbox 842 980 939 1020; x_wconf 92' lang='lat' dir='ltr'>soni</span> <span class='ocrx_word' id='word_1_81' title='bbox 965 986 1011 1021; x_wconf 92' lang='lat' dir='ltr'>et</span> <span class='ocrx_word' id='word_1_82' title='bbox 1037 980 1080 1020; x_wconf 89' lang='lat' dir='ltr'>in</span> <span class='ocrx_word' id='word_1_83' title='bbox 1106 994 1160 1020; x_wconf 90' lang='lat' dir='ltr'>eo</span> <span class='ocrx_word' id='word_1_84' title='bbox 1181 992 1354 1020; x_wconf 90' lang='lat' dir='ltr'>vocum.</span> <span class='ocrx_word' id='word_1_85' title='bbox 1416 977 1580 1019; x_wconf 90' lang='lat' dir='ltr'>Omnia</span> <span class='ocrx_word' id='word_1_86' title='bbox 1604 976 1680 1018; x_wconf 91' lang='lat' dir='ltr'>illa</span> <span class='ocrx_word' id='word_1_87' title='bbox 1704 976 1844 1018; x_wconf 88' lang='lat' dir='ltr'>fluunt</span> 
     </span>
     <span class='ocr_line' id='line_1_11' title="bbox 361 1040 1845 1096; baseline -0.001 -15"><span class='ocrx_word' id='word_1_88' title='bbox 361 1042 475 1082; x_wconf 91' lang='lat' dir='ltr'>sicut</span> <span class='ocrx_word' id='word_1_89' title='bbox 501 1048 664 1094; x_wconf 90' lang='lat' dir='ltr'>sponte</span> <span class='ocrx_word' id='word_1_90' title='bbox 696 1056 754 1083; x_wconf 87' lang='lat' dir='ltr'>ex</span> <span class='ocrx_word' id='word_1_91' title='bbox 786 1043 883 1096; x_wconf 89' lang='lat' dir='ltr'>ipso</span> <span class='ocrx_word' id='word_1_92' title='bbox 914 1042 1093 1095; x_wconf 84' lang='lat' dir='ltr'>gaudio,</span> <span class='ocrx_word' id='word_1_93' title='bbox 1120 1048 1167 1083; x_wconf 92' lang='lat' dir='ltr'>et</span> <span class='ocrx_word' id='word_1_94' title='bbox 1197 1041 1282 1082; x_wconf 94' lang='lat' dir='ltr'>hoc</span> <span class='ocrx_word' id='word_1_95' title='bbox 1314 1055 1373 1082; x_wconf 89' lang='lat' dir='ltr'>ex</span> <span class='ocrx_word' id='word_1_96' title='bbox 1399 1054 1534 1082; x_wconf 89' lang='lat' dir='ltr'>causa</span> <span class='ocrx_word' id='word_1_97' title='bbox 1564 1040 1666 1094; x_wconf 91' lang='lat' dir='ltr'>quia</span> <span class='ocrx_word' id='word_1_98' title='bbox 1696 1045 1845 1080; x_wconf 90' lang='lat' dir='ltr'>totum</span> 
     </span>
     <span class='ocr_line' id='line_1_12' title="bbox 359 1102 1843 1151; baseline 0 -8"><span class='ocrx_word' id='word_1_99' title='bbox 359 1103 532 1144; x_wconf 89' lang='lat' dir='ltr'>caelum</span> <span class='ocrx_word' id='word_1_100' title='bbox 564 1104 803 1145; x_wconf 90' lang='lat' dir='ltr'>formatum</span> <span class='ocrx_word' id='word_1_101' title='bbox 835 1111 904 1146; x_wconf 94' lang='lat' dir='ltr'>est</span> <span class='ocrx_word' id='word_1_102' title='bbox 941 1105 1186 1146; x_wconf 89' lang='lat' dir='ltr'>secundum</span> <span class='ocrx_word' id='word_1_103' title='bbox 1222 1102 1480 1145; x_wconf 70' lang='lat' dir='ltr'>affe&amp;iones</span> <span class='ocrx_word' id='word_1_104' title='bbox 1517 1103 1623 1144; x_wconf 90' lang='lat' dir='ltr'>boni</span> <span class='ocrx_word' id='word_1_105' title='bbox 1658 1108 1704 1144; x_wconf 89' lang='lat' dir='ltr'>et</span> <span class='ocrx_word' id='word_1_106' title='bbox 1735 1102 1843 1151; x_wconf 90' lang='lat' dir='ltr'>veri,</span> 
     </span>
     <span class='ocr_line' id='line_1_13' title="bbox 359 1164 1844 1221; baseline 0 -15"><span class='ocrx_word' id='word_1_107' title='bbox 359 1166 532 1207; x_wconf 90' lang='lat' dir='ltr'>caelum</span> <span class='ocrx_word' id='word_1_108' title='bbox 570 1180 824 1221; x_wconf 90' lang='lat' dir='ltr'>supremum</span> <span class='ocrx_word' id='word_1_109' title='bbox 861 1167 1105 1208; x_wconf 75' lang='lat' dir='ltr'>secundum</span> <span class='ocrx_word' id='word_1_110' title='bbox 1141 1165 1399 1208; x_wconf 63' lang='lat' dir='ltr'>affectiones</span> <span class='ocrx_word' id='word_1_111' title='bbox 1435 1167 1553 1215; x_wconf 91' lang='lat' dir='ltr'>boni,</span> <span class='ocrx_word' id='word_1_112' title='bbox 1589 1171 1635 1206; x_wconf 93' lang='lat' dir='ltr'>et</span> <span class='ocrx_word' id='word_1_113' title='bbox 1671 1164 1844 1206; x_wconf 88' lang='lat' dir='ltr'>caelum</span> 
     </span>
     <span class='ocr_line' id='line_1_14' title="bbox 359 1227 1844 1282; baseline -0.001 -14"><span class='ocrx_word' id='word_1_114' title='bbox 359 1228 554 1269; x_wconf 90' lang='lat' dir='ltr'>medium</span> <span class='ocrx_word' id='word_1_115' title='bbox 586 1229 832 1270; x_wconf 89' lang='lat' dir='ltr'>secundum</span> <span class='ocrx_word' id='word_1_116' title='bbox 864 1228 1120 1271; x_wconf 61' lang='lat' dir='ltr'>affectiones</span> <span class='ocrx_word' id='word_1_117' title='bbox 1151 1230 1268 1281; x_wconf 82' lang='lat' dir='ltr'>veri3</span> <span class='ocrx_word' id='word_1_118' title='bbox 1305 1230 1369 1270; x_wconf 86' lang='lat' dir='ltr'>ita</span> <span class='ocrx_word' id='word_1_119' title='bbox 1399 1242 1573 1282; x_wconf 89' lang='lat' dir='ltr'>quoque</span> <span class='ocrx_word' id='word_1_120' title='bbox 1605 1227 1844 1268; x_wconf 91' lang='lat' dir='ltr'>formatum</span> 
     </span>
     <span class='ocr_line' id='line_1_15' title="bbox 361 1289 1845 1346; baseline 0 -15"><span class='ocrx_word' id='word_1_121' title='bbox 361 1297 430 1331; x_wconf 88' lang='lat' dir='ltr'>est</span> <span class='ocrx_word' id='word_1_122' title='bbox 462 1291 518 1332; x_wconf 90' lang='lat' dir='ltr'>ad</span> <span class='ocrx_word' id='word_1_123' title='bbox 555 1292 731 1344; x_wconf 89' lang='lat' dir='ltr'>gaudia,</span> <span class='ocrx_word' id='word_1_124' title='bbox 760 1306 863 1333; x_wconf 92' lang='lat' dir='ltr'>nam</span> <span class='ocrx_word' id='word_1_125' title='bbox 895 1306 1029 1333; x_wconf 92' lang='lat' dir='ltr'>omne</span> <span class='ocrx_word' id='word_1_126' title='bbox 1064 1293 1274 1346; x_wconf 89' lang='lat' dir='ltr'>gaudium</span> <span class='ocrx_word' id='word_1_127' title='bbox 1306 1298 1376 1333; x_wconf 88' lang='lat' dir='ltr'>est</span> <span class='ocrx_word' id='word_1_128' title='bbox 1413 1305 1471 1332; x_wconf 88' lang='lat' dir='ltr'>ex</span> <span class='ocrx_word' id='word_1_129' title='bbox 1504 1289 1736 1332; x_wconf 62' lang='lat' dir='ltr'>affeetione</span> <span class='ocrx_word' id='word_1_130' title='bbox 1767 1304 1845 1331; x_wconf 90' lang='lat' dir='ltr'>seu</span> 
     </span>
     <span class='ocr_line' id='line_1_16' title="bbox 360 1352 1845 1408; baseline 0 -15"><span class='ocrx_word' id='word_1_131' title='bbox 360 1367 418 1393; x_wconf 88' lang='lat' dir='ltr'>ex</span> <span class='ocrx_word' id='word_1_132' title='bbox 459 1367 622 1394; x_wconf 91' lang='lat' dir='ltr'>amore.</span> <span class='ocrx_word' id='word_1_133' title='bbox 695 1354 806 1395; x_wconf 91' lang='lat' dir='ltr'>Inde</span> <span class='ocrx_word' id='word_1_134' title='bbox 846 1361 915 1396; x_wconf 90' lang='lat' dir='ltr'>est</span> <span class='ocrx_word' id='word_1_135' title='bbox 956 1355 1075 1408; x_wconf 95' lang='lat' dir='ltr'>quod</span> <span class='ocrx_word' id='word_1_136' title='bbox 1113 1355 1158 1395; x_wconf 89' lang='lat' dir='ltr'>in</span> <span class='ocrx_word' id='word_1_137' title='bbox 1189 1354 1309 1395; x_wconf 93' lang='lat' dir='ltr'>omni</span> <span class='ocrx_word' id='word_1_138' title='bbox 1342 1353 1521 1407; x_wconf 86' lang='lat' dir='ltr'>loquela</span> <span class='ocrx_word' id='word_1_139' title='bbox 1551 1352 1757 1406; x_wconf 87' lang='lat' dir='ltr'>angelica</span> <span class='ocrx_word' id='word_1_140' title='bbox 1786 1353 1845 1394; x_wconf 90' lang='lat' dir='ltr'>sit</span> 
     </span>
    </p>
   </div>
   <div class='ocr_carea' id='block_1_3' title="bbox 360 1414 1846 1467">
    <p class='ocr_par' dir='ltr' id='par_1_3' title="bbox 360 1414 1846 1467">
     <span class='ocr_line' id='line_1_17' title="bbox 360 1414 1846 1467; baseline -0.001 -13"><span class='ocrx_word' id='word_1_141' title='bbox 360 1414 543 1467; x_wconf 81' lang='lat' dir='ltr'>quidam</span> <span class='ocrx_word' id='word_1_142' title='bbox 565 1421 832 1456; x_wconf 79' lang='lat' dir='ltr'>conCentUS.</span> <span class='ocrx_word' id='word_1_143' title='bbox 890 1426 969 1464; x_wconf 89' lang='lat' dir='ltr'>(Sed</span> <span class='ocrx_word' id='word_1_144' title='bbox 982 1427 1062 1455; x_wconf 88' lang='lat' dir='ltr'>haec</span> <span class='ocrx_word' id='word_1_145' title='bbox 1074 1426 1186 1455; x_wconf 89' lang='lat' dir='ltr'>melius</span> <span class='ocrx_word' id='word_1_146' title='bbox 1198 1425 1268 1455; x_wconf 86' lang='lat' dir='ltr'>sciri</span> <span class='ocrx_word' id='word_1_147' title='bbox 1283 1430 1313 1455; x_wconf 84' lang='lat' dir='ltr'>et</span> <span class='ocrx_word' id='word_1_148' title='bbox 1328 1426 1477 1455; x_wconf 87' lang='lat' dir='ltr'>concludi</span> <span class='ocrx_word' id='word_1_149' title='bbox 1490 1429 1624 1463; x_wconf 88' lang='lat' dir='ltr'>possunt</span> <span class='ocrx_word' id='word_1_150' title='bbox 1637 1434 1677 1454; x_wconf 90' lang='lat' dir='ltr'>ex</span> <span class='ocrx_word' id='word_1_151' title='bbox 1691 1424 1751 1454; x_wconf 89' lang='lat' dir='ltr'>illis</span> <span class='ocrx_word' id='word_1_152' title='bbox 1762 1433 1846 1462; x_wconf 88' lang='lat' dir='ltr'>quae</span> 
     </span>
    </p>
   </div>
   <div class='ocr_carea' id='block_1_4' title="bbox 357 1474 1847 1698">
    <p class='ocr_par' dir='ltr' id='par_1_4' title="bbox 357 1474 1847 1698">
     <span class='ocr_line' id='line_1_18' title="bbox 358 1474 1846 1514; baseline 0.001 -11"><span class='ocrx_word' id='word_1_153' title='bbox 358 1474 389 1503; x_wconf 90' lang='lat' dir='ltr'>in</span> <span class='ocrx_word' id='word_1_154' title='bbox 402 1483 498 1512; x_wconf 90' lang='lat' dir='ltr'>opere</span> <span class='ocrx_word' id='word_1_155' title='bbox 510 1475 561 1504; x_wconf 89' lang='lat' dir='ltr'>De</span> <span class='ocrx_word' id='word_1_156' title='bbox 576 1475 667 1504; x_wconf 84' lang='lat' dir='ltr'>Caelo</span> <span class='ocrx_word' id='word_1_157' title='bbox 681 1478 712 1504; x_wconf 84' lang='lat' dir='ltr'>et</span> <span class='ocrx_word' id='word_1_158' title='bbox 725 1475 853 1514; x_wconf 79' lang='lat' dir='ltr'>lnferrm</span> <span class='ocrx_word' id='word_1_159' title='bbox 868 1475 954 1505; x_wconf 65' lang='lat' dir='ltr'>dieta</span> <span class='ocrx_word' id='word_1_160' title='bbox 967 1479 998 1504; x_wconf 90' lang='lat' dir='ltr'>et</span> <span class='ocrx_word' id='word_1_161' title='bbox 1012 1480 1138 1504; x_wconf 79' lang='lat' dir='ltr'>ostensa</span> <span class='ocrx_word' id='word_1_162' title='bbox 1151 1479 1239 1510; x_wconf 79' lang='lat' dir='ltr'>sunt;</span> <span class='ocrx_word' id='word_1_163' title='bbox 1256 1476 1344 1512; x_wconf 91' lang='lat' dir='ltr'>quod</span> <span class='ocrx_word' id='word_1_164' title='bbox 1358 1483 1473 1512; x_wconf 88' lang='lat' dir='ltr'>nempe</span> <span class='ocrx_word' id='word_1_165' title='bbox 1488 1474 1693 1512; x_wconf 82' lang='lat' dir='ltr'>cogitationes</span> <span class='ocrx_word' id='word_1_166' title='bbox 1707 1478 1738 1503; x_wconf 90' lang='lat' dir='ltr'>et</span> <span class='ocrx_word' id='word_1_167' title='bbox 1752 1474 1846 1504; x_wconf 85' lang='lat' dir='ltr'>affec-</span> 
     </span>
     <span class='ocr_line' id='line_1_19' title="bbox 358 1520 1847 1558; baseline 0.001 -9"><span class='ocrx_word' id='word_1_168' title='bbox 358 1520 458 1549; x_wconf 78' lang='lat' dir='ltr'>tiones</span> <span class='ocrx_word' id='word_1_169' title='bbox 469 1521 654 1558; x_wconf 89' lang='lat' dir='ltr'>angelorum</span> <span class='ocrx_word' id='word_1_170' title='bbox 666 1522 783 1550; x_wconf 87' lang='lat' dir='ltr'>vadant</span> <span class='ocrx_word' id='word_1_171' title='bbox 794 1522 969 1551; x_wconf 89' lang='lat' dir='ltr'>secundum</span> <span class='ocrx_word' id='word_1_172' title='bbox 981 1521 1114 1550; x_wconf 88' lang='lat' dir='ltr'>formam</span> <span class='ocrx_word' id='word_1_173' title='bbox 1125 1521 1213 1556; x_wconf 85' lang='lat' dir='ltr'>caeli¹</span> <span class='ocrx_word' id='word_1_174' title='bbox 1226 1530 1256 1551; x_wconf 87' lang='lat' dir='ltr'>n.</span> <span class='ocrx_word' id='word_1_175' title='bbox 1269 1530 1418 1556; x_wconf 89' lang='lat'>200-212,</span> <span class='ocrx_word' id='word_1_176' title='bbox 1427 1525 1458 1550; x_wconf 84' lang='lat' dir='ltr'>et</span> <span class='ocrx_word' id='word_1_177' title='bbox 1466 1521 1620 1558; x_wconf 81' lang='lat'><strong>265—275;</strong></span> <span class='ocrx_word' id='word_1_178' title='bbox 1636 1525 1667 1550; x_wconf 89' lang='lat' dir='ltr'>et</span> <span class='ocrx_word' id='word_1_179' title='bbox 1674 1521 1762 1558; x_wconf 92' lang='lat' dir='ltr'>quod</span> <span class='ocrx_word' id='word_1_180' title='bbox 1772 1520 1847 1550; x_wconf 91' lang='lat' dir='ltr'>inde</span> 
     </span>
     <span class='ocr_line' id='line_1_20' title="bbox 357 1566 1846 1605; baseline 0.001 -10"><span class='ocrx_word' id='word_1_181' title='bbox 357 1566 488 1603; x_wconf 88' lang='lat' dir='ltr'>quidam</span> <span class='ocrx_word' id='word_1_182' title='bbox 500 1572 673 1596; x_wconf 83' lang='lat' dir='ltr'>concentus</span> <span class='ocrx_word' id='word_1_183' title='bbox 686 1567 725 1596; x_wconf 85' lang='lat' dir='ltr'>sit</span> <span class='ocrx_word' id='word_1_184' title='bbox 740 1568 771 1596; x_wconf 93' lang='lat' dir='ltr'>in</span> <span class='ocrx_word' id='word_1_185' title='bbox 783 1567 911 1605; x_wconf 83' lang='lat' dir='ltr'>loquela</span> <span class='ocrx_word' id='word_1_186' title='bbox 924 1576 1044 1602; x_wconf 80' lang='lat' dir='ltr'>eorum,</span> <span class='ocrx_word' id='word_1_187' title='bbox 1060 1577 1091 1597; x_wconf 92' lang='lat' dir='ltr'>n.</span> <span class='ocrx_word' id='word_1_188' title='bbox 1107 1577 1182 1605; x_wconf 87' lang='lat'>242;</span> <span class='ocrx_word' id='word_1_189' title='bbox 1205 1573 1272 1597; x_wconf 80' lang='lat' dir='ltr'>tum</span> <span class='ocrx_word' id='word_1_190' title='bbox 1287 1568 1376 1605; x_wconf 90' lang='lat' dir='ltr'>quod</span> <span class='ocrx_word' id='word_1_191' title='bbox 1389 1576 1486 1596; x_wconf 87' lang='lat' dir='ltr'>sonus</span> <span class='ocrx_word' id='word_1_192' title='bbox 1500 1567 1646 1604; x_wconf 89' lang='lat' dir='ltr'>loquelae</span> <span class='ocrx_word' id='word_1_193' title='bbox 1660 1567 1846 1604; x_wconf 87' lang='lat' dir='ltr'>angelorum</span> 
     </span>
     <span class='ocr_line' id='line_1_21' title="bbox 357 1613 1846 1652; baseline 0.001 -11"><span class='ocrx_word' id='word_1_194' title='bbox 357 1614 603 1650; x_wconf 81' lang='lat' dir='ltr'>correspondeat</span> <span class='ocrx_word' id='word_1_195' title='bbox 617 1622 728 1643; x_wconf 88' lang='lat' dir='ltr'>eorum</span> <span class='ocrx_word' id='word_1_196' title='bbox 743 1613 974 1648; x_wconf 66' lang='lat' dir='ltr'>affedtionibus,</span> <span class='ocrx_word' id='word_1_197' title='bbox 986 1618 1016 1643; x_wconf 89' lang='lat' dir='ltr'>et</span> <span class='ocrx_word' id='word_1_198' title='bbox 1031 1614 1262 1643; x_wconf 84' lang='lat' dir='ltr'>articulationes</span> <span class='ocrx_word' id='word_1_199' title='bbox 1272 1613 1351 1648; x_wconf 86' lang='lat' dir='ltr'>soni,</span> <span class='ocrx_word' id='word_1_200' title='bbox 1367 1622 1449 1651; x_wconf 87' lang='lat' dir='ltr'>quae</span> <span class='ocrx_word' id='word_1_201' title='bbox 1463 1618 1536 1642; x_wconf 90' lang='lat' dir='ltr'>sunt</span> <span class='ocrx_word' id='word_1_202' title='bbox 1546 1622 1650 1648; x_wconf 75' lang='lat' dir='ltr'>voces,</span> <span class='ocrx_word' id='word_1_203' title='bbox 1663 1622 1846 1652; x_wconf 56' lang='lat' dir='ltr'>correspon-</span> 
     </span>
     <span class='ocr_line' id='line_1_22' title="bbox 357 1659 1846 1698; baseline 0.001 -11"><span class='ocrx_word' id='word_1_204' title='bbox 357 1659 454 1688; x_wconf 90' lang='lat' dir='ltr'>deant</span> <span class='ocrx_word' id='word_1_205' title='bbox 469 1659 545 1688; x_wconf 88' lang='lat' dir='ltr'>ideis</span> <span class='ocrx_word' id='word_1_206' title='bbox 560 1660 757 1697; x_wconf 85' lang='lat' dir='ltr'>cogitationis</span> <span class='ocrx_word' id='word_1_207' title='bbox 772 1669 854 1697; x_wconf 87' lang='lat' dir='ltr'>quae</span> <span class='ocrx_word' id='word_1_208' title='bbox 869 1669 908 1690; x_wconf 87' lang='lat' dir='ltr'>ex</span> <span class='ocrx_word' id='word_1_209' title='bbox 923 1659 1101 1694; x_wconf 67' lang='lat' dir='ltr'>affectione,</span> <span class='ocrx_word' id='word_1_210' title='bbox 1114 1669 1144 1690; x_wconf 90' lang='lat' dir='ltr'>n.</span> <span class='ocrx_word' id='word_1_211' title='bbox 1161 1660 1228 1697; x_wconf 86' lang='lat'><strong>236,</strong></span> <span class='ocrx_word' id='word_1_212' title='bbox 1242 1669 1298 1698; x_wconf 88' lang='lat'>241</span> <span class='ocrx_word' id='word_1_213' title='bbox 1311 1670 1317 1695; x_wconf 88' lang='lat'><strong>;</strong></span> <span class='ocrx_word' id='word_1_214' title='bbox 1341 1664 1372 1689; x_wconf 87' lang='lat' dir='ltr'>et</span> <span class='ocrx_word' id='word_1_215' title='bbox 1392 1664 1555 1697; x_wconf 74' lang='lat' dir='ltr'>praeterea</span> <span class='ocrx_word' id='word_1_216' title='bbox 1568 1660 1600 1688; x_wconf 89' lang='lat' dir='ltr'>in</span> <span class='ocrx_word' id='word_1_217' title='bbox 1614 1659 1753 1689; x_wconf 86' lang='lat' dir='ltr'>Arcanis</span> <span class='ocrx_word' id='word_1_218' title='bbox 1772 1661 1846 1690; x_wconf 91' lang='lat' dir='ltr'>Cae—</span> 
     </span>
    </p>
   </div>
   <div class='ocr_carea' id='block_1_5' title="bbox 356 1699 1847 1990">
    <p class='ocr_par' dir='ltr' id='par_1_5' title="bbox 356 1699 1847 1990">
     <span class='ocr_line' id='line_1_23' title="bbox 358 1699 1843 1752; baseline 0.002 -16"><span class='ocrx_word' id='word_1_219' title='bbox 358 1708 490 1742; x_wconf 64' lang='lat' dir='ltr'>lenibus,</span> <span class='ocrx_word' id='word_1_220' title='bbox 511 1717 542 1738; x_wconf 88' lang='lat' dir='ltr'>n.</span> <span class='ocrx_word' id='word_1_221' title='bbox 565 1709 651 1746; x_wconf 84' lang='lat'>1648,</span> <span class='ocrx_word' id='word_1_222' title='bbox 674 1710 761 1747; x_wconf 84' lang='lat'>1649,</span> <span class='ocrx_word' id='word_1_223' title='bbox 782 1716 871 1747; x_wconf 80' lang='lat'><strong>2595,</strong></span> <span class='ocrx_word' id='word_1_224' title='bbox 892 1710 981 1747; x_wconf 85' lang='lat'><strong>2596,</strong></span> <span class='ocrx_word' id='word_1_225' title='bbox 997 1717 1086 1747; x_wconf 78' lang='lat'><strong>3350,</strong></span> <span class='ocrx_word' id='word_1_226' title='bbox 1106 1712 1196 1747; x_wconf 86' lang='lat'>5182.</span> <span class='ocrx_word' id='word_1_227' title='bbox 1220 1709 1324 1747; x_wconf 80' lang='lat'>8115.)</span> <span class='ocrx_word' id='word_1_228' title='bbox 1396 1699 1509 1739; x_wconf 84' lang='lat' dir='ltr'>Inde</span> <span class='ocrx_word' id='word_1_229' title='bbox 1552 1704 1682 1752; x_wconf 77' lang='lat' dir='ltr'>patet</span> <span class='ocrx_word' id='word_1_230' title='bbox 1721 1699 1843 1752; x_wconf 89' lang='lat' dir='ltr'>quod</span> 
     </span>
     <span class='ocr_line' id='line_1_24' title="bbox 358 1754 1844 1814; baseline 0 -14"><span class='ocrx_word' id='word_1_231' title='bbox 358 1760 665 1800; x_wconf 88' lang='lat' dir='ltr'>harmonicum</span> <span class='ocrx_word' id='word_1_232' title='bbox 688 1766 848 1801; x_wconf 89' lang='lat' dir='ltr'>cantus</span> <span class='ocrx_word' id='word_1_233' title='bbox 873 1766 919 1801; x_wconf 91' lang='lat' dir='ltr'>et</span> <span class='ocrx_word' id='word_1_234' title='bbox 951 1773 1128 1814; x_wconf 90' lang='lat' dir='ltr'>quoque</span> <span class='ocrx_word' id='word_1_235' title='bbox 1153 1759 1272 1813; x_wconf 93' lang='lat' dir='ltr'>quod</span> <span class='ocrx_word' id='word_1_236' title='bbox 1298 1754 1370 1800; x_wconf 69' lang='lat' dir='ltr'>ar&#39;s</span> <span class='ocrx_word' id='word_1_237' title='bbox 1396 1759 1563 1800; x_wconf 90' lang='lat' dir='ltr'>musica</span> <span class='ocrx_word' id='word_1_238' title='bbox 1593 1760 1734 1812; x_wconf 88' lang='lat' dir='ltr'>possit</span> <span class='ocrx_word' id='word_1_239' title='bbox 1760 1773 1844 1800; x_wconf 87' lang='lat' dir='ltr'>ex-</span> 
     </span>
     <span class='ocr_line' id='line_1_25' title="bbox 356 1820 1842 1876; baseline 0.001 -13"><span class='ocrx_word' id='word_1_240' title='bbox 356 1823 545 1876; x_wconf 89' lang='lat' dir='ltr'>primere</span> <span class='ocrx_word' id='word_1_241' title='bbox 567 1820 851 1864; x_wconf 69' lang='lat' dir='ltr'>affefflonum</span> <span class='ocrx_word' id='word_1_242' title='bbox 871 1825 994 1865; x_wconf 88' lang='lat' dir='ltr'>varia</span> <span class='ocrx_word' id='word_1_243' title='bbox 1019 1835 1201 1876; x_wconf 89' lang='lat' dir='ltr'>genera,</span> <span class='ocrx_word' id='word_1_244' title='bbox 1223 1827 1269 1863; x_wconf 91' lang='lat' dir='ltr'>et</span> <span class='ocrx_word' id='word_1_245' title='bbox 1295 1821 1507 1875; x_wconf 91' lang='lat' dir='ltr'>applicari</span> <span class='ocrx_word' id='word_1_246' title='bbox 1527 1821 1672 1871; x_wconf 90' lang='lat' dir='ltr'>rebus,</span> <span class='ocrx_word' id='word_1_247' title='bbox 1700 1822 1757 1863; x_wconf 89' lang='lat' dir='ltr'>sit</span> <span class='ocrx_word' id='word_1_248' title='bbox 1783 1835 1842 1864; x_wconf 91' lang='lat' dir='ltr'>ex</span> 
     </span>
     <span class='ocr_line' id='line_1_26' title="bbox 357 1881 1847 1935; baseline 0 -13"><span class='ocrx_word' id='word_1_249' title='bbox 357 1881 580 1935; x_wconf 85' lang='lat' dir='ltr'>spirituali</span> <span class='ocrx_word' id='word_1_250' title='bbox 611 1883 796 1931; x_wconf 90' lang='lat' dir='ltr'>mundo,</span> <span class='ocrx_word' id='word_1_251' title='bbox 824 1888 870 1923; x_wconf 91' lang='lat' dir='ltr'>et</span> <span class='ocrx_word' id='word_1_252' title='bbox 902 1895 993 1923; x_wconf 89' lang='lat' dir='ltr'>non</span> <span class='ocrx_word' id='word_1_253' title='bbox 1025 1896 1083 1923; x_wconf 86' lang='lat' dir='ltr'>ex</span> <span class='ocrx_word' id='word_1_254' title='bbox 1116 1881 1327 1931; x_wconf 88' lang='lat' dir='ltr'>naturali,</span> <span class='ocrx_word' id='word_1_255' title='bbox 1354 1888 1403 1923; x_wconf 90' lang='lat' dir='ltr'>ut</span> <span class='ocrx_word' id='word_1_256' title='bbox 1434 1882 1633 1923; x_wconf 88' lang='lat' dir='ltr'>creditur</span> <span class='ocrx_word' id='word_1_257' title='bbox 1657 1892 1712 1931; x_wconf 87' lang='lat' dir='ltr'>(de</span> <span class='ocrx_word' id='word_1_258' title='bbox 1730 1901 1847 1930; x_wconf 82' lang='lat' dir='ltr'>quare</span> 
     </span>
     <span class='ocr_line' id='line_1_27' title="bbox 357 1940 1844 1990; baseline 0.001 -10"><span class='ocrx_word' id='word_1_259' title='bbox 357 1952 452 1980; x_wconf 81' lang='lat' dir='ltr'>etiam</span> <span class='ocrx_word' id='word_1_260' title='bbox 476 1952 620 1980; x_wconf 84' lang='lat' dir='ltr'>videatur</span> <span class='ocrx_word' id='word_1_261' title='bbox 642 1952 673 1980; x_wconf 91' lang='lat' dir='ltr'>in</span> <span class='ocrx_word' id='word_1_262' title='bbox 694 1960 789 1988; x_wconf 86' lang='lat' dir='ltr'>opere</span> <span class='ocrx_word' id='word_1_263' title='bbox 811 1952 861 1980; x_wconf 86' lang='lat' dir='ltr'>De</span> <span class='ocrx_word' id='word_1_264' title='bbox 884 1952 973 1981; x_wconf 79' lang='lat' dir='ltr'>Caelo</span> <span class='ocrx_word' id='word_1_265' title='bbox 988 1956 1017 1980; x_wconf 83' lang='lat' dir='ltr'>et</span> <span class='ocrx_word' id='word_1_266' title='bbox 1031 1953 1166 1990; x_wconf 83' lang='lat' dir='ltr'>lnferno,</span> <span class='ocrx_word' id='word_1_267' title='bbox 1180 1960 1210 1981; x_wconf 92' lang='lat' dir='ltr'>n.</span> <span class='ocrx_word' id='word_1_268' title='bbox 1228 1952 1314 1989; x_wconf 89' lang='lat'><em>241).</em></span> <span class='ocrx_word' id='word_1_269' title='bbox 1383 1940 1460 1982; x_wconf 86' lang='lat' dir='ltr'>EX</span> <span class='ocrx_word' id='word_1_270' title='bbox 1490 1941 1575 1981; x_wconf 75' lang='lat' dir='ltr'>hac</span> <span class='ocrx_word' id='word_1_271' title='bbox 1607 1954 1743 1982; x_wconf 72' lang='lat' dir='ltr'>causa</span> <span class='ocrx_word' id='word_1_272' title='bbox 1773 1947 1844 1982; x_wconf 75' lang='lat' dir='ltr'>est</span> 
     </span>
    </p>
   </div>
   <div class='ocr_carea' id='block_1_6' title="bbox 355 2002 1856 2998">
    <p class='ocr_par' dir='ltr' id='par_1_6' title="bbox 356 2002 1856 2804">
     <span class='ocr_line' id='line_1_28' title="bbox 358 2002 1843 2055; baseline 0.001 -13"><span class='ocrx_word' id='word_1_273' title='bbox 358 2002 477 2055; x_wconf 92' lang='lat' dir='ltr'>quod</span> <span class='ocrx_word' id='word_1_274' title='bbox 495 2002 621 2055; x_wconf 87' lang='lat' dir='ltr'>plura</span> <span class='ocrx_word' id='word_1_275' title='bbox 639 2003 1038 2043; x_wconf 88' lang='lat' dir='ltr'>instrumentorum</span> <span class='ocrx_word' id='word_1_276' title='bbox 1057 2003 1323 2043; x_wconf 90' lang='lat' dir='ltr'>musicorum</span> <span class='ocrx_word' id='word_1_277' title='bbox 1341 2015 1507 2055; x_wconf 90' lang='lat' dir='ltr'>genera</span> <span class='ocrx_word' id='word_1_278' title='bbox 1524 2002 1640 2055; x_wconf 88' lang='lat' dir='ltr'>apud</span> <span class='ocrx_word' id='word_1_279' title='bbox 1658 2008 1843 2055; x_wconf 90' lang='lat' dir='ltr'>gentem</span> 
     </span>
     <span class='ocr_line' id='line_1_29' title="bbox 356 2062 1843 2117; baseline 0.001 -13"><span class='ocrx_word' id='word_1_280' title='bbox 356 2064 587 2117; x_wconf 89' lang='lat' dir='ltr'>Judaicam</span> <span class='ocrx_word' id='word_1_281' title='bbox 619 2071 664 2105; x_wconf 91' lang='lat' dir='ltr'>et</span> <span class='ocrx_word' id='word_1_282' title='bbox 698 2064 991 2105; x_wconf 87' lang='lat' dir='ltr'>Israeliticam</span> <span class='ocrx_word' id='word_1_283' title='bbox 1022 2066 1066 2105; x_wconf 92' lang='lat' dir='ltr'>in</span> <span class='ocrx_word' id='word_1_284' title='bbox 1098 2064 1221 2106; x_wconf 90' lang='lat' dir='ltr'>cultu</span> <span class='ocrx_word' id='word_1_285' title='bbox 1252 2062 1409 2106; x_wconf 65' lang='lat' dir='ltr'>sancto</span> <span class='ocrx_word' id='word_1_286' title='bbox 1439 2064 1639 2105; x_wconf 89' lang='lat' dir='ltr'>adhibita</span> <span class='ocrx_word' id='word_1_287' title='bbox 1668 2064 1843 2114; x_wconf 88' lang='lat' dir='ltr'>fuerint,</span> 
     </span>
     <span class='ocr_line' id='line_1_30' title="bbox 358 2126 1844 2180; baseline 0.001 -13"><span class='ocrx_word' id='word_1_288' title='bbox 358 2140 546 2180; x_wconf 90' lang='lat' dir='ltr'>quorum</span> <span class='ocrx_word' id='word_1_289' title='bbox 563 2127 795 2180; x_wconf 87' lang='lat' dir='ltr'>quodlibet</span> <span class='ocrx_word' id='word_1_290' title='bbox 814 2127 1088 2180; x_wconf 90' lang='lat' dir='ltr'>applicatum</span> <span class='ocrx_word' id='word_1_291' title='bbox 1106 2133 1202 2168; x_wconf 88' lang='lat' dir='ltr'>erat</span> <span class='ocrx_word' id='word_1_292' title='bbox 1220 2126 1525 2168; x_wconf 65' lang='lat' dir='ltr'>affectionibus</span> <span class='ocrx_word' id='word_1_293' title='bbox 1546 2127 1651 2168; x_wconf 93' lang='lat' dir='ltr'>boni</span> <span class='ocrx_word' id='word_1_294' title='bbox 1674 2126 1844 2168; x_wconf 89' lang='lat' dir='ltr'>caeles-</span> 
     </span>
     <span class='ocr_line' id='line_1_31' title="bbox 357 2188 1845 2244; baseline 0 -14"><span class='ocrx_word' id='word_1_295' title='bbox 357 2191 429 2238; x_wconf 85' lang='lat' dir='ltr'>tis,</span> <span class='ocrx_word' id='word_1_296' title='bbox 453 2196 499 2230; x_wconf 87' lang='lat' dir='ltr'>et</span> <span class='ocrx_word' id='word_1_297' title='bbox 525 2188 829 2230; x_wconf 60' lang='lat' dir='ltr'>affectionibus</span> <span class='ocrx_word' id='word_1_298' title='bbox 856 2190 960 2230; x_wconf 92' lang='lat' dir='ltr'>boni</span> <span class='ocrx_word' id='word_1_299' title='bbox 986 2189 1237 2243; x_wconf 90' lang='lat' dir='ltr'>spiritualis,</span> <span class='ocrx_word' id='word_1_300' title='bbox 1261 2196 1307 2230; x_wconf 91' lang='lat' dir='ltr'>et</span> <span class='ocrx_word' id='word_1_301' title='bbox 1332 2190 1436 2230; x_wconf 91' lang='lat' dir='ltr'>inde</span> <span class='ocrx_word' id='word_1_302' title='bbox 1461 2190 1647 2242; x_wconf 89' lang='lat' dir='ltr'>gaudiis,</span> <span class='ocrx_word' id='word_1_303' title='bbox 1670 2189 1727 2230; x_wconf 92' lang='lat' dir='ltr'>de</span> <span class='ocrx_word' id='word_1_304' title='bbox 1752 2190 1845 2244; x_wconf 93' lang='lat' dir='ltr'>qui-</span> 
     </span>
     <span class='ocr_line' id='line_1_32' title="bbox 357 2247 1844 2304; baseline 0.002 -13"><span class='ocrx_word' id='word_1_305' title='bbox 357 2247 438 2292; x_wconf 90' lang='lat' dir='ltr'>bus</span> <span class='ocrx_word' id='word_1_306' title='bbox 457 2252 849 2304; x_wconf 87' lang='lat' dir='ltr'>evangelizabatur</span> <span class='ocrx_word' id='word_1_307' title='bbox 866 2265 874 2292; x_wconf 94' lang='lat'><strong>:</strong></span> <span class='ocrx_word' id='word_1_308' title='bbox 903 2253 1200 2293; x_wconf 90' lang='lat' dir='ltr'>instrumenta</span> <span class='ocrx_word' id='word_1_309' title='bbox 1214 2252 1464 2292; x_wconf 88' lang='lat' dir='ltr'>chordacea</span> <span class='ocrx_word' id='word_1_310' title='bbox 1478 2251 1703 2304; x_wconf 90' lang='lat' dir='ltr'>applicata</span> <span class='ocrx_word' id='word_1_311' title='bbox 1717 2259 1844 2294; x_wconf 88' lang='lat' dir='ltr'>erant</span> 
     </span>
     <span class='ocr_line' id='line_1_33' title="bbox 357 2312 1843 2368; baseline 0.001 -14"><span class='ocrx_word' id='word_1_312' title='bbox 357 2312 663 2355; x_wconf 61' lang='lat' dir='ltr'>affectionibus</span> <span class='ocrx_word' id='word_1_313' title='bbox 686 2315 791 2355; x_wconf 92' lang='lat' dir='ltr'>boni</span> <span class='ocrx_word' id='word_1_314' title='bbox 809 2314 1063 2368; x_wconf 90' lang='lat' dir='ltr'>spiritualis,</span> <span class='ocrx_word' id='word_1_315' title='bbox 1083 2321 1129 2355; x_wconf 91' lang='lat' dir='ltr'>et</span> <span class='ocrx_word' id='word_1_316' title='bbox 1150 2315 1451 2355; x_wconf 88' lang='lat' dir='ltr'>instrumenta</span> <span class='ocrx_word' id='word_1_317' title='bbox 1471 2314 1692 2356; x_wconf 89' lang='lat' dir='ltr'>inflatoria</span> <span class='ocrx_word' id='word_1_318' title='bbox 1710 2314 1843 2356; x_wconf 88' lang='lat' dir='ltr'>affec-</span> 
     </span>
     <span class='ocr_line' id='line_1_34' title="bbox 357 2377 1844 2431; baseline 0 -13"><span class='ocrx_word' id='word_1_319' title='bbox 357 2377 554 2418; x_wconf 90' lang='lat' dir='ltr'>tionibus</span> <span class='ocrx_word' id='word_1_320' title='bbox 585 2377 691 2417; x_wconf 89' lang='lat' dir='ltr'>boni</span> <span class='ocrx_word' id='word_1_321' title='bbox 717 2377 926 2418; x_wconf 90' lang='lat' dir='ltr'>caelestis</span> <span class='ocrx_word' id='word_1_322' title='bbox 940 2391 953 2427; x_wconf 72' lang='lat'><em>3</em></span> <span class='ocrx_word' id='word_1_323' title='bbox 986 2377 1142 2431; x_wconf 91' lang='lat' dir='ltr'>quibus</span> <span class='ocrx_word' id='word_1_324' title='bbox 1168 2377 1304 2418; x_wconf 89' lang='lat' dir='ltr'>etiam</span> <span class='ocrx_word' id='word_1_325' title='bbox 1329 2377 1655 2430; x_wconf 89' lang='lat' dir='ltr'>adjungebatur</span> <span class='ocrx_word' id='word_1_326' title='bbox 1685 2384 1844 2419; x_wconf 86' lang='lat' dir='ltr'>cantus</span> 
     </span>
     <span class='ocr_line' id='line_1_35' title="bbox 357 2440 1844 2493; baseline 0 -13"><span class='ocrx_word' id='word_1_327' title='bbox 357 2452 457 2483; x_wconf 80' lang='lat' dir='ltr'>cum</span> <span class='ocrx_word' id='word_1_328' title='bbox 499 2440 701 2488; x_wconf 90' lang='lat' dir='ltr'>canticis,</span> <span class='ocrx_word' id='word_1_329' title='bbox 738 2453 817 2493; x_wconf 91' lang='lat' dir='ltr'>per</span> <span class='ocrx_word' id='word_1_330' title='bbox 859 2453 971 2493; x_wconf 90' lang='lat' dir='ltr'>quae</span> <span class='ocrx_word' id='word_1_331' title='bbox 1012 2440 1355 2480; x_wconf 87' lang='lat' dir='ltr'>convenientiae</span> <span class='ocrx_word' id='word_1_332' title='bbox 1394 2452 1540 2480; x_wconf 89' lang='lat' dir='ltr'>rerum</span> <span class='ocrx_word' id='word_1_333' title='bbox 1581 2451 1682 2480; x_wconf 89' lang='lat' dir='ltr'>curn</span> <span class='ocrx_word' id='word_1_334' title='bbox 1722 2440 1844 2481; x_wconf 89' lang='lat' dir='ltr'>sonis</span> 
     </span>
     <span class='ocr_line' id='line_1_36' title="bbox 356 2499 1843 2555; baseline 0.001 -13"><span class='ocrx_word' id='word_1_335' title='bbox 356 2499 641 2543; x_wconf 69' lang='lat' dir='ltr'>affectionum</span> <span class='ocrx_word' id='word_1_336' title='bbox 681 2501 1001 2543; x_wconf 88' lang='lat' dir='ltr'>formabantur.</span> <span class='ocrx_word' id='word_1_337' title='bbox 1081 2500 1252 2542; x_wconf 90' lang='lat' dir='ltr'>Omnes</span> <span class='ocrx_word' id='word_1_338' title='bbox 1297 2501 1457 2555; x_wconf 90' lang='lat' dir='ltr'>psalmi</span> <span class='ocrx_word' id='word_1_339' title='bbox 1494 2501 1679 2543; x_wconf 89' lang='lat' dir='ltr'>Davidis</span> <span class='ocrx_word' id='word_1_340' title='bbox 1715 2509 1843 2543; x_wconf 87' lang='lat' dir='ltr'>erant</span> 
     </span>
     <span class='ocr_line' id='line_1_37' title="bbox 357 2563 1844 2618; baseline 0 -12"><span class='ocrx_word' id='word_1_341' title='bbox 357 2564 499 2615; x_wconf 92' lang='lat' dir='ltr'>tales;</span> <span class='ocrx_word' id='word_1_342' title='bbox 531 2570 802 2618; x_wconf 86' lang='lat' dir='ltr'>quapropter</span> <span class='ocrx_word' id='word_1_343' title='bbox 827 2564 1034 2605; x_wconf 91' lang='lat' dir='ltr'>dicuntur</span> <span class='ocrx_word' id='word_1_344' title='bbox 1061 2564 1262 2605; x_wconf 87' lang='lat' dir='ltr'>“Psalmi</span> <span class='ocrx_word' id='word_1_345' title='bbox 1273 2563 1292 2579; x_wconf 91' lang='lat'><strong>”</strong></span> <span class='ocrx_word' id='word_1_346' title='bbox 1313 2577 1339 2604; x_wconf 90' lang='lat' dir='ltr'>a</span> <span class='ocrx_word' id='word_1_347' title='bbox 1364 2563 1569 2618; x_wconf 89' lang='lat' dir='ltr'>psallere,</span> <span class='ocrx_word' id='word_1_348' title='bbox 1597 2570 1642 2605; x_wconf 90' lang='lat' dir='ltr'>et</span> <span class='ocrx_word' id='word_1_349' title='bbox 1668 2578 1844 2618; x_wconf 90' lang='lat' dir='ltr'>quoque</span> 
     </span>
     <span class='ocr_line' id='line_1_38' title="bbox 358 2626 1856 2680; baseline -0.001 -12"><span class='ocrx_word' id='word_1_350' title='bbox 358 2626 621 2668; x_wconf 73' lang='lat' dir='ltr'>“Cantica”</span> <span class='ocrx_word' id='word_1_351' title='bbox 681 2626 756 2667; x_wconf 88' lang='lat' dir='ltr'>Ex</span> <span class='ocrx_word' id='word_1_352' title='bbox 778 2627 845 2667; x_wconf 93' lang='lat' dir='ltr'>his</span> <span class='ocrx_word' id='word_1_353' title='bbox 867 2640 1043 2680; x_wconf 92' lang='lat' dir='ltr'>quoque</span> <span class='ocrx_word' id='word_1_354' title='bbox 1065 2633 1273 2667; x_wconf 90' lang='lat' dir='ltr'>constare</span> <span class='ocrx_word' id='word_1_355' title='bbox 1299 2632 1466 2680; x_wconf 84' lang='lat' dir='ltr'>potest,</span> <span class='ocrx_word' id='word_1_356' title='bbox 1490 2626 1606 2668; x_wconf 92' lang='lat' dir='ltr'>unde</span> <span class='ocrx_word' id='word_1_357' title='bbox 1631 2633 1701 2667; x_wconf 90' lang='lat' dir='ltr'>est</span> <span class='ocrx_word' id='word_1_358' title='bbox 1723 2627 1856 2680; x_wconf 88' lang='lat' dir='ltr'>quod.</span> 
     </span>
     <span class='ocr_line' id='line_1_39' title="bbox 356 2688 1843 2742; baseline 0 -12"><span class='ocrx_word' id='word_1_359' title='bbox 356 2689 531 2730; x_wconf 90' lang='lat' dir='ltr'>dicatur</span> <span class='ocrx_word' id='word_1_360' title='bbox 561 2689 679 2742; x_wconf 92' lang='lat' dir='ltr'>quod</span> <span class='ocrx_word' id='word_1_361' title='bbox 711 2695 902 2742; x_wconf 88' lang='lat' dir='ltr'>quatuor</span> <span class='ocrx_word' id='word_1_362' title='bbox 926 2688 1154 2729; x_wconf 89' lang='lat' dir='ltr'>Animalia</span> <span class='ocrx_word' id='word_1_363' title='bbox 1185 2695 1231 2729; x_wconf 93' lang='lat' dir='ltr'>et</span> <span class='ocrx_word' id='word_1_364' title='bbox 1256 2689 1415 2742; x_wconf 87' lang='lat' dir='ltr'>viginti</span> <span class='ocrx_word' id='word_1_365' title='bbox 1436 2695 1626 2742; x_wconf 89' lang='lat' dir='ltr'>quatuor</span> <span class='ocrx_word' id='word_1_366' title='bbox 1646 2689 1843 2730; x_wconf 89' lang='lat' dir='ltr'>seniores</span> 
     </span>
     <span class='ocr_line' id='line_1_40' title="bbox 356 2751 1730 2804; baseline -0.001 -12"><span class='ocrx_word' id='word_1_367' title='bbox 356 2752 592 2792; x_wconf 88' lang='lat' dir='ltr'>habuerint</span> <span class='ocrx_word' id='word_1_368' title='bbox 615 2751 822 2800; x_wconf 85' lang='lat' dir='ltr'>citharas,</span> <span class='ocrx_word' id='word_1_369' title='bbox 846 2757 892 2792; x_wconf 92' lang='lat' dir='ltr'>et</span> <span class='ocrx_word' id='word_1_370' title='bbox 913 2765 1089 2804; x_wconf 92' lang='lat' dir='ltr'>quoque</span> <span class='ocrx_word' id='word_1_371' title='bbox 1112 2752 1356 2795; x_wconf 87' lang='lat' dir='ltr'>cecinerint</span> <span class='ocrx_word' id='word_1_372' title='bbox 1382 2751 1466 2792; x_wconf 94' lang='lat' dir='ltr'>hoc</span> <span class='ocrx_word' id='word_1_373' title='bbox 1493 2751 1730 2792; x_wconf 87' lang='lat' dir='ltr'>canticum.</span> 
     </span>
    </p>

    <p class='ocr_par' dir='ltr' id='par_1_7' title="bbox 355 2815 1840 2998">
     <span class='ocr_line' id='line_1_41' title="bbox 439 2815 1840 2872; baseline -0.001 -12"><span class='ocrx_word' id='word_1_374' title='bbox 439 2817 522 2872; x_wconf 86' lang='lat' dir='ltr'>[b.]</span> <span class='ocrx_word' id='word_1_375' title='bbox 566 2817 701 2870; x_wconf 81' lang='lat' dir='ltr'>Quod</span> <span class='ocrx_word' id='word_1_376' title='bbox 729 2818 963 2859; x_wconf 87' lang='lat' dir='ltr'>“cantus&#39;’</span> <span class='ocrx_word' id='word_1_377' title='bbox 988 2824 1035 2859; x_wconf 87' lang='lat' dir='ltr'>et</span> <span class='ocrx_word' id='word_1_378' title='bbox 1064 2822 1267 2859; x_wconf 89' lang='lat' dir='ltr'>“canere</span> <span class='ocrx_word' id='word_1_379' title='bbox 1292 2818 1556 2859; x_wconf 88' lang='lat' dir='ltr'>canticum‘&#39;</span> <span class='ocrx_word' id='word_1_380' title='bbox 1580 2815 1840 2871; x_wconf 81' lang='lat' dir='ltr'>significent</span> 
     </span>
     <span class='ocr_line' id='line_1_42' title="bbox 355 2879 1840 2932; baseline 0.001 -13"><span class='ocrx_word' id='word_1_381' title='bbox 355 2880 634 2932; x_wconf 88' lang='lat' dir='ltr'>agnitionem</span> <span class='ocrx_word' id='word_1_382' title='bbox 666 2886 712 2920; x_wconf 88' lang='lat' dir='ltr'>et</span> <span class='ocrx_word' id='word_1_383' title='bbox 739 2879 1065 2920; x_wconf 83' lang='lat' dir='ltr'>confessionem</span> <span class='ocrx_word' id='word_1_384' title='bbox 1096 2893 1156 2920; x_wconf 86' lang='lat' dir='ltr'>ex</span> <span class='ocrx_word' id='word_1_385' title='bbox 1188 2879 1352 2932; x_wconf 87' lang='lat' dir='ltr'>gaudio</span> <span class='ocrx_word' id='word_1_386' title='bbox 1383 2879 1542 2929; x_wconf 87' lang='lat' dir='ltr'>cordis,</span> <span class='ocrx_word' id='word_1_387' title='bbox 1569 2885 1749 2920; x_wconf 89' lang='lat' dir='ltr'>constat</span> <span class='ocrx_word' id='word_1_388' title='bbox 1780 2892 1840 2920; x_wconf 90' lang='lat' dir='ltr'>ex</span> 
     </span>
     <span class='ocr_line' id='line_1_43' title="bbox 355 2941 1186 2998; baseline 0 -16"><span class='ocrx_word' id='word_1_389' title='bbox 355 2943 422 2982; x_wconf 91' lang='lat' dir='ltr'>his</span> <span class='ocrx_word' id='word_1_390' title='bbox 449 2942 735 2998; x_wconf 89' lang='lat' dir='ltr'>sequentibus</span> <span class='ocrx_word' id='word_1_391' title='bbox 752 2941 959 2994; x_wconf 76' lang='lat' dir='ltr'>t—Apud</span> <span class='ocrx_word' id='word_1_392' title='bbox 985 2941 1186 2996; x_wconf 81' lang='lat' dir='ltr'>Esaiam,</span> 
     </span>
    </p>
   </div>
   <div class='ocr_carea' id='block_1_7' title="bbox 2008 2233 2060 3476">
    <p class='ocr_par' dir='ltr' id='par_1_8' title="bbox 2008 2233 2060 3476">
     <span class='ocr_line' id='line_1_44' title="bbox 2008 2233 2060 3476; baseline 0 0"><span class='ocrx_word' id='word_1_393' title='bbox 2008 2233 2060 3476; x_wconf 95' lang='lat' dir='ltr'> </span> 
     </span>
    </p>
   </div>
  </div>
 </body>
</html>
