2060 3476
603 360 710 393 CAP.
734 360 820 400 111.,
844 358 982 391 VERs.
1014 339 1183 391 16ss-N,
1209 361 1303 403 233.
1621 360 1698 404 351

202 480 477 528 quapropter
512 474 630 514 inter
664 472 839 514 caelum
877 479 923 513 et
961 472 1180 513 infernum
1217 478 1348 523 sunt;
1393 478 1438 513 et
1476 472 1549 526 qui
1585 472 1700 512 inter

202 535 439 591 utrumque
471 543 589 586 sunt,
618 535 828 590 “tepidi'’
859 542 976 576 sunt.
1040 535 1167 576 Haec
1200 534 1320 576 dieta
1352 541 1456 576 sunt
1489 535 1545 575 de
1577 541 1701 575 statu

202 599 304 641 fidei
337 607 382 642 et
414 601 518 641 inde
548 601 668 641 vitae
699 599 931 640 hominum
963 599 1081 639 intra
1112 598 1351 639 ecclesiam
1378 613 1438 639 ex
1465 596 1700 647 do&rina;

203 677 319 704 nunc
343 663 518 705 dicetur
539 664 595 704 de
617 668 741 704 statu
762 661 865 703 fidei
888 667 933 703 et
956 662 1059 702 inde
1081 662 1202 702 vitae
1227 662 1459 702 hominum
1482 661 1701 702 ecclesiae

202 740 261 767 ex
288 726 456 767 Verbo.
519 726 589 767 Illi
625 726 698 779 qui
736 726 830 766 nati
861 731 964 765 sunt
995 725 1114 765 intra
1145 724 1360 765 ecclesias
1392 725 1465 764 ubi
1497 722 1702 765 doctrina

201 790 258 830 de
281 789 378 830 sola
399 789 486 830 fide
508 796 555 830 et
577 789 634 830 de
650 787 971 842 justificatione
995 801 1073 841 per
1094 787 1218 828 illam
1241 794 1426 840 recepta
1447 794 1532 835 est,
1552 788 1700 841 quoad

202 853 436 906 plurimam
463 859 639 907 partem
662 866 753 893 non
776 852 923 893 sciunt
945 851 1050 905 quid
1073 850 1170 892 sola
1192 850 1303 891 fides
1326 864 1408 891 nec
1433 851 1537 904 quid
1564 851 1700 892 intel-

202 916 354 969 ligitur
371 930 450 970 per
462 916 830 974 justificationem
849 930 858 966 ;
882 929 1017 968 quare
1031 927 1132 955 cum
1147 914 1332 954 audiunt
1351 914 1427 954 illa
1444 929 1503 955 ex
1523 916 1700 968 praedi-

203 980 395 1028 catione,
415 980 622 1032 cogitant
641 979 760 1033 quod
783 978 1065 1031 intelligatur
1082 978 1175 1018 vita
1192 977 1440 1018 secundum
1459 985 1702 1031 praecepta

204 1042 288 1083 Dei
314 1043 358 1083 in
384 1043 553 1092 Verbo,
577 1043 663 1084 hoc
689 1043 808 1083 enim
834 1042 1024 1085 credunt
1050 1055 1149 1082 esse
1175 1040 1310 1081 fidem
1337 1047 1382 1081 et
1409 1055 1586 1094 quoque
1608 1041 1700 1094 jus-

202 1099 524 1158 tificationem;
568 1106 703 1147 altius
741 1119 831 1146 non
869 1106 1041 1145 intrant
1077 1105 1120 1144 in
1159 1118 1323 1144 arcana
1354 1103 1613 1145 doctrinae:
1657 1105 1701 1145 hi

203 1183 394 1223 quoque,
424 1181 525 1209 cum
557 1169 837 1209 instruuntur
868 1168 925 1208 de
957 1167 1054 1208 sola
1084 1166 1172 1208 fide
1203 1173 1249 1207 et
1281 1167 1337 1208 de
1364 1167 1699 1219 justificatione,

203 1245 292 1273 non
315 1232 446 1273 aliter
463 1231 652 1272 credunt
671 1245 803 1285 quam
823 1227 943 1285 quod
966 1230 1063 1271 sola
1084 1230 1195 1271 fides
1217 1231 1275 1271 sit
1298 1231 1500 1283 cogitare
1522 1231 1578 1272 de
1602 1231 1701 1272 Deo

202 1301 248 1336 et
270 1295 327 1336 de
350 1295 509 1343 salute,
529 1301 575 1336 et
598 1295 828 1348 quomodo
849 1294 1116 1344 vivendum;
1150 1299 1196 1334 et
1219 1293 1338 1347 quod
1357 1293 1618 1346 justificatio
1640 1294 1699 1334 sit

203 1359 353 1400 vivere
385 1372 538 1400 coram
570 1358 682 1399 Deo.
745 1358 797 1398 In
829 1357 914 1398 hoc
947 1363 1070 1398 statu
1102 1357 1392 1409 cogitationis
1419 1363 1464 1397 et
1496 1356 1598 1397 fidei
1630 1365 1700 1399 te-

203 1428 367 1463 nentur
397 1436 424 1463 a
454 1422 652 1463 Domino
678 1435 837 1462 omnes
867 1421 986 1461 intra
1011 1419 1248 1474 ecclesiam
1275 1420 1349 1473 qui
1381 1419 1624 1468 salvantur,
1653 1428 1699 1462 et

146 1538 150 1542 ‚
202 1498 378 1538 quoque
411 1491 515 1538 post
546 1498 783 1525 excessum
810 1499 834 1525 e
863 1484 1031 1524 mundo
1061 1483 1343 1524 illustrantur
1368 1484 1410 1523 in
1436 1485 1566 1532 veris,
1594 1498 1699 1525 nam

202 1548 399 1601 recipere
417 1547 764 1589 illustrationem
786 1554 988 1601 possunt.
1050 1546 1121 1587 Illi
1143 1553 1294 1587 autem
1313 1547 1386 1600 qui
1403 1547 1614 1588 vixerunt
1637 1561 1697 1588 ex

202 1609 407 1651 doctrina
433 1611 489 1652 de
515 1611 612 1652 sola
636 1611 724 1652 fide
751 1618 798 1652 et
820 1611 876 1652 de
898 1610 1218 1664 justificatione
1245 1624 1324 1663 per
1349 1610 1471 1650 illam
1502 1609 1578 1664 (de
1601 1612 1696 1664 qui-

202 1673 283 1713 bus
310 1673 478 1727 supra),
506 1681 818 1723 occaecantur,
847 1688 906 1715 ex
934 1687 1068 1714 causa
1093 1674 1195 1727 quia
1221 1673 1318 1713 sola
1344 1672 1454 1714 fides
1480 1679 1550 1714 est
1577 1674 1701 1716 nulla

202 1735 327 1785 fides,
363 1743 409 1778 et
446 1738 549 1778 inde
580 1737 840 1790 justificatio
877 1751 955 1790 per
991 1736 1135 1777 solam
1173 1736 1307 1776 fidem
1345 1743 1415 1777 est
1453 1751 1524 1777 res
1561 1737 1700 1778 nihili.

203 1802 316 1839 (Quod
334 1802 403 1831 sola
421 1802 500 1831 fides
513 1803 552 1831 sit
566 1803 655 1832 nulla
673 1803 761 1837 fides,
777 1803 923 1831 videatur
941 1803 972 1831 in
988 1802 1145 1839 opusculo
1161 1802 1212 1830 De
1233 1802 1350 1830 Ultimo
1367 1801 1511 1841 Jisdicio,
1527 1811 1558 1831 n.
1574 1805 1700 1841 33—39.)

203 1856 278 1896 Ex
300 1857 367 1897 his
390 1863 601 1911 constare
623 1864 776 1911 potest
799 1859 980 1911 quinam
1004 1870 1081 1910 per
1106 1856 1353 1909 “tepidos‘'
1371 1856 1699 1909 intelliguntur,

202 1920 322 1973 quod
355 1933 517 1974 nempe
549 1920 612 1961 illi
643 1921 716 1974 qui
749 1921 904 1961 dicunt
936 1920 1085 1968 corde,
1113 1918 1271 1972 “Quid
1303 1919 1437 1960 refert
1466 1920 1501 1960 si
1533 1912 1712 1961 bonum·

202 1984 416 2036 cogitem,
440 1984 574 2025 velim
597 1990 643 2025 et
665 1984 854 2025 faciam?
886 1984 988 2037 quia
1010 1997 1088 2037 per
1109 1983 1153 2023 id
1177 1982 1299 2023 nulla
1320 1982 1466 2033 salus;
1500 1984 1609 2024 satis
1631 1990 1701 2024 est

202 2047 321 2100 quod
339 2047 529 2088 habeam
544 2047 678 2088 fidem
695 2048 729 2088 :”
748 2054 794 2088 et
809 2051 1033 2103 quoquest}
1049 2046 1168 2099 Quid
1187 2046 1321 2087 refert
1340 2047 1374 2086 si
1393 2046 1560 2086 malum
1576 2048 1701 2100 cogi-

202 2117 295 2150 tem
322 2116 368 2151 et
393 2110 558 2151 velim?
589 2111 692 2164 quia
717 2125 796 2164 per
821 2111 865 2151 id
892 2110 1015 2151 nulla
1041 2110 1274 2150 damnatio
1292 2109 1326 2149 :’'
1354 2109 1616 2150 relaxantes
1638 2111 1701 2151 sic

203 2174 352 2214 omnia
387 2173 512 2214 frena
548 2175 636 2214 suis
671 2174 1023 2227 cogitationibus
1062 2179 1107 2214 et
1145 2173 1487 2220 intentionibus,
1523 2173 1586 2227 ita
1623 2187 1703 2230 suo

203 2237 387 2289 spiritui}
410 2250 514 2277 nam
537 2238 718 2290 spiritus
741 2244 810 2278 est
833 2238 905 2290 qui
928 2237 1173 2289 cogitatet
1200 2235 1410 2283 intendit,
1435 2241 1480 2276 et
1504 2234 1554 2276 fit
1580 2250 1703 2289 pror-

203 2313 276 2339 sus
298 2300 543 2340 secundum
570 2300 627 2341 id.
688 2300 756 2341 At
782 2300 1014 2341 sciendum
1038 2306 1108 2340 est
1132 2300 1253 2352 quod
1280 2296 1605 2352 perpauci'sint
1629 2301 1702 2353 qui

203 2376 262 2402 ex
292 2361 497 2403 doctrina
527 2364 590 2404 ita
615 2364 789 2412 vivunt,
817 2364 1001 2404 tametsi
1034 2377 1060 2403 a
1090 2362 1475 2416 praedicatoribus
1508 2363 1703 2403 creditur

203 2425 324 2479 quod
351 2439 507 2466 omnes
534 2427 607 2480 qui
637 2427 996 2480 praedicationes
1024 2439 1177 2466 eorum
1204 2425 1419 2474 audiunt;
1452 2439 1512 2465 ex
1539 2425 1703 2466 Divina

205 2489 323 2529 enim
351 2488 534 2530 Domini
559 2490 844 2543 providentia
869 2496 939 2530 est
966 2489 1086 2542 quod
1119 2489 1328 2541 perpauci
1354 2488 1458 2535 sint,
1484 2502 1542 2528 ex
1570 2502 1703 2530 causa

203 2553 305 2605 quia
323 2566 418 2592 sors
438 2556 462 2572 ‘¹
476 2552 731 2606 tepidorum
743 2552 762 2567 ”
781 2566 871 2593 non
889 2552 1104 2593 absimilis
1122 2557 1191 2592 est
1210 2552 1319 2591 sorti
1338 2551 1674 2603 profanatorum
1693 2567 1702 2603 ;

203 2621 249 2656 et
277 2629 372 2656 sors
399 2615 735 2668 profanatorum
762 2622 846 2664 est,
874 2616 994 2668 quod
1021 2614 1121 2663 illis,
1149 2620 1254 2667 post
1280 2614 1421 2654 vitam
1448 2614 1492 2654 in
1519 2615 1701 2663 mundo,

203 2678 460 2719 auferantur
485 2679 635 2719 omnia
661 2692 774 2732 quae
805 2679 1032 2719 sciverunt
1064 2692 1123 2718 ex
1151 2677 1320 2725 Verbo,
1348 2690 1399 2717 ac
1433 2677 1537 2717 dein
1568 2678 1702 2718 relin-

203 2748 398 2795 quantur
419 2742 484 2782 sui
511 2742 690 2795 spiritus
713 2742 980 2794 cogitationi
1006 2747 1052 2782 et
1079 2741 1246 2790 amori;
1279 2746 1326 2781 et
1353 2753 1453 2780 cum
1481 2741 1703 2793 cogitatio

204 2819 317 2858 quae
348 2805 491 2845 fuerat
523 2805 585 2845 eis
617 2819 676 2845 ex
704 2804 859 2846 Verbo
890 2804 1045 2846 ablata
1075 2810 1159 2852 est,
1186 2802 1298 2844 fiunt
1330 2804 1529 2844 omnium
1559 2805 1700 2857 stupi-

204 2868 400 2918 dissimi;
433 2874 651 2921 apparent
677 2869 815 2908 etiam
846 2868 890 2908 in
922 2867 1022 2908 luce
1048 2867 1160 2908 caeli
1191 2868 1306 2907 sicut
1337 2866 1500 2907 adusta
1531 2866 1702 2907 sceleta

204 2929 356 2982 aliqua
387 2934 492 2970 cute
523 2928 895 2970 Circumindusta.
955 2939 1020 2978 (De
1040 2939 1262 2968 Profanatione
1281 2943 1313 2968 et
1331 2939 1371 2968 de
1391 2939 1482 2968 Sorte
1502 2939 1627 2967 illorum
1647 2938 1710 2976 qui.

204 2992 381 3030 profanam,
397 2993 542 3022 videatur
557 2993 588 3021 in
605 2993 764 3022 Dotirina
780 2994 890 3023 Novae
905 2993 1153 3031 Hierosolymam
1169 3001 1200 3022 n.
1218 2992 1301 3031 172.)
1706 2982 1713 3010 '¹
