2060 3476
399 350 480 403 560
809 359 1143 392 APOCALYPSIS
1174 359 1473 392 EXPLICATA.

395 472 513 513 trina
550 471 606 514 de
646 471 871 514 charitate
912 478 959 514 et
999 472 1104 514 inde
1142 471 1231 514 fide
1271 478 1391 522 sunt,
1431 478 1538 513 tunc
1578 468 1709 512 maliis
1749 470 1822 524 qui
1861 484 1886 512 e

396 532 644 587 longinquo
676 539 802 575 stant
834 540 1056 588 apparent
1094 533 1204 575 hirci
1242 539 1319 574 aut
1356 532 1506 574 hircus
1537 545 1638 573 cum
1670 531 1886 572 similibus

396 594 619 643 cornibus,
644 600 690 635 et
716 607 817 635 cum
844 594 976 635 simili
1002 594 1171 636 insultu
1197 600 1244 635 et
1270 594 1417 635 surore
1440 599 1600 634 contra
1622 593 1786 633 arietes
1809 606 1886 634 seu

396 655 600 703 arietem,
628 661 674 696 et
701 668 878 709 quoque
908 661 1098 709 apparet
1124 655 1244 708 quod
1277 654 1436 695 stellas
1468 653 1550 694 sub
1581 653 1768 707 pedibus
1797 653 1887 694 suis

397 714 635 756 conculcet
654 729 663 766 ;
690 715 802 756 haec
820 717 915 756 visa
933 729 1110 769 quoque
1127 715 1236 756 mihi
1259 721 1378 763 sunt,
1399 720 1444 755 et
1463 713 1593 755 simul
1616 713 1885 761 astantibus,

398 776 471 829 qui
511 776 616 816 inde
656 775 910 817 confirmati
951 782 1055 817 sunt
1108 775 1228 829 quod
1269 775 1379 816 talia
1416 774 1733 828 intelligantur
1768 774 1887 828 apud

396 834 626 879 Danielem
637 851 656 884 ‚·
688 843 734 878 et
760 851 937 890 quoque
964 836 1083 890 quod
1110 835 1271 876 similia
1296 835 1610 889 intelligantur
1635 848 1714 889 per
1742 838 1887 876 “oves

397 911 423 938 a
449 897 655 938 dextris’‘
681 903 727 938 et
759 911 838 951 per
867 897 1053 938 “hircos
1084 911 1110 937 a
1141 896 1363 938 sinistris''
1398 895 1580 950 (Matth.
1607 909 1718 936 xxv.
1748 906 1798 948 32
1830 895 1887 936 ad

397 957 492 1012 fin.)
512 971 520 998 :
555 971 717 1011 nempe
743 972 822 1011 per
846 957 1020 998 “oves”
1043 957 1107 998 illi
1129 958 1202 1011 qui
1228 958 1272 998 in
1298 957 1419 998 bono
1441 956 1675 998 charitatis
1698 962 1816 1005 sunt,
1841 962 1887 998 et

398 1032 476 1072 per
510 1018 726 1059 “hircos‘’
758 1019 831 1072 qui
869 1019 913 1058 in
950 1017 1047 1059 sola
1083 1017 1184 1059 fide.
1257 1017 1334 1058 Ab
1367 1018 1435 1059 his
1467 1031 1580 1072 quae
1616 1031 1674 1058 ex
1705 1016 1890 1058 Daniele

397 1078 539 1120 allata
560 1085 679 1128 sunt,
700 1078 984 1133 aliquatenus
1007 1084 1217 1120 constare
1240 1084 1394 1132 potest
1417 1078 1522 1133 quid
1545 1077 1822 1131 significatur
1843 1078 1887 1118 in

396 1139 683 1192 Apocalypsi,
712 1153 791 1193 per

463 1230 568 1272 Quod
584 1231 690 1262 draco
707 1231 804 1262 visus
822 1231 868 1262 sit
884 1230 1014 1262 habere
1031 1240 1167 1262 cornua
1182 1230 1304 1262 decem
1322 1229 1395 1269 (xii.
1413 1229 1445 1269 3)
1459 1238 1466 1267 ;

463 1274 567 1315 Quod
585 1274 699 1306 bestia
707 1284 726 1305 e
736 1274 823 1305 mari
834 1274 1032 1306 ascendens
1042 1274 1119 1306 visa
1128 1274 1174 1306 sit
1182 1283 1320 1315 quoque
1330 1274 1460 1305 habere
1470 1283 1603 1304 cornua
1612 1272 1733 1304 decem
1743 1271 1828 1312 (xiii.
1836 1271 1867 1311 1)
1880 1281 1887 1309 ;

466 1317 508 1350 Et
525 1318 619 1359 quod
632 1318 710 1349 visa
725 1318 771 1349 sit
788 1318 915 1349 mulier
931 1316 1240 1349 insidens‘bestiae
1257 1317 1442 1348 coccineae
1458 1316 1603 1348 habenti
1620 1316 1736 1356 capita
1751 1321 1888 1356 septem

571 1367 606 1393 et
617 1371 749 1393 cornua
759 1361 880 1393 decem
897 1371 904 1399 2
922 1361 965 1392 de
977 1371 1045 1402 qua
1055 1361 1142 1392 dixit
1152 1361 1312 1401 angelus,
1321 1362 1328 1375 ⁴
1336 1362 1343 1375 ‘
1355 1360 1487 1392 Decem
1499 1370 1643 1398 cornua,
1656 1369 1745 1400 quae
1756 1359 1886 1397 vidisti,

572 1405 694 1436 decem
712 1414 814 1445 reges
831 1404 945 1437 sunt’'
962 1404 1058 1445 (xvii.
1075 1413 1104 1444 3.
1121 1412 1150 1444 7,
1168 1405 1241 1445 12);

398 1488 478 1530 sed
504 1488 560 1530 de
586 1487 655 1529 his
681 1489 725 1529 in
751 1488 1058 1542 explicatione
1084 1500 1237 1529 eorum
1264 1488 1307 1528 in
1334 1487 1639 1541 sequentibus.

482 1549 571 1604 [ὠ]
615 1549 750 1603 Quod
777 1551 987 1603 potentia
1011 1549 1112 1590 falsi
1137 1555 1301 1590 contra
1323 1561 1480 1589 verum
1506 1547 1786 1602 significetur
1810 1560 1889 1601 per

401 1613 425 1629 “
439 1623 577 1650 cornu
589 1609 608 1624 ’'
626 1615 672 1650 et
691 1613 715 1629 ‘⁴
729 1609 934 1658 cornua,''
951 1609 1089 1650 etiam
1108 1608 1237 1662 patet
1255 1622 1281 1649 a
1298 1608 1589 1662 sequentibus
1607 1607 1676 1648 his
1693 1606 1804 1648 locis
1822 1620 1891 1647 :-·

400 1670 539 1724 Apud
566 1670 829 1719 Jeremiam,

467 1759 489 1774 ‘⁴
500 1758 666 1790 Excisum
683 1764 738 1791 est
754 1768 863 1790 cornu
882 1758 1016 1797 Moabi,
1036 1764 1071 1790 et
1088 1758 1270 1790 brachium
1288 1757 1366 1799 ejus
1383 1755 1534 1789 fractum
1552 1763 1606 1790 est
1617 1756 1635 1770 ”
1652 1756 1775 1798 (xlviii.
1790 1756 1866 1798 25);

398 1861 476 1900 per
500 1842 785 1888 “Mo'abum”
807 1846 1117 1900 significantur
1139 1847 1211 1900 qui
1237 1847 1281 1887 in
1307 1846 1436 1887 bonis
1459 1846 1616 1903 spuriis
1643 1851 1688 1887 et
1715 1846 1818 1888 inde
1843 1846 1888 1887 in

397 1908 513 1949 veris
545 1907 804 1957 falsificatis,
837 1922 951 1961 quae
982 1908 1027 1948 in
1059 1921 1106 1948 se
1138 1914 1242 1948 sunt
1274 1907 1412 1958 salsa3
1450 1905 1698 1948 destru&i0
1729 1906 1888 1948 horum

399 1968 611 2009 falsorum
643 1967 922 2021 significatur
957 1982 1035 2022 per
1069 1969 1309 2009 “excisum
1341 1974 1411 2009 est
1449 1981 1587 2009 cornu
1623 1967 1815 2017 Moabi,'’
1841 1974 1887 2009 et

398 2028 646 2070 destruffio
661 2029 838 2070 illorum
854 2028 1073 2070 malorum
1089 2043 1168 2083 per
1185 2028 1452 2070 “brachium
1467 2028 1559 2082 ejus
1575 2034 1644 2069 est
1663 2026 1888 2069 fraaumx·

401 2089 453 2130 In
489 2089 692 2139 lerenis,

462 2179 882 2263 Jehovialim‘Llaietiffzilclssgit
901 2188 1008 2220 super
1027 2185 1061 2211 te
1080 2179 1232 2217 hostem,
1253 2178 1423 2210 exaltavit
1439 2188 1550 2210 cornu
1569 2178 1792 2210 inimicorum
1814 2183 1890 2210 tuo-

738 2247 745 2254 “
865 2247 872 2261 9

397 2319 476 2359 per
504 2305 723 2346 “hostem
736 2303 756 2320 ’⁹
781 2303 1052 2358 intelligitur
1082 2304 1264 2354 malum,
1292 2310 1339 2346 et
1370 2318 1449 2358 per
1477 2304 1717 2345 “inimicos
1729 2304 1748 2319 '’
1779 2303 1890 2345 falsa

397 2365 532 2417 mali;
578 2364 825 2406 “exaltare
856 2378 995 2406 cornu
1031 2364 1344 2406 inimicorum”
1376 2371 1446 2406 est
1478 2371 1527 2405 ut
1563 2364 1675 2406 falsa
1704 2363 1889 2406 valeant

398 2440 530 2480 super
554 2440 661 2467 vera
686 2432 732 2467 et
759 2426 998 2467 destruant
1026 2440 1092 2467 ea.
1155 2426 1294 2479 Apud
1319 2425 1602 2475 Ezechielem,

467 2516 626 2547 “Latere
653 2522 687 2547 et
712 2516 861 2547 humero
888 2515 1080 2556 impellitis,
1108 2521 1143 2547 et
1168 2516 1335 2547 cornibus
1360 2516 1489 2548 vestris
1515 2515 1627 2547 feritis
1653 2525 1778 2547 omnes
1803 2525 1889 2547 oves

571 2559 777 2597 infirmatas,
798 2559 912 2591 donec
929 2559 1166 2600 disperseritis
1183 2569 1244 2591 eas
1261 2559 1358 2591 foras
1369 2559 1387 2571 '’
1405 2559 1536 2600 (xxxiv.
1552 2559 1607 2600 21)
1621 2569 1628 2599 ;

400 2647 586 2688 “latere
627 2653 673 2688 et
714 2647 902 2688 humero
942 2646 1212 2700 impellere,”
1249 2653 1318 2688 est
1359 2648 1481 2688 omni
1520 2648 1563 2688 vi
1603 2653 1649 2688 et
1690 2653 1857 2688 conatu
1878 2661 1887 2698 ;

403 2708 648 2749 “cornibus
689 2708 816 2749 ferire
856 2722 964 2749 oves
1004 2707 1252 2749 infirmatas
1289 2709 1433 2749 donec
1472 2708 1770 2761 disperseritis
1811 2721 1888 2748 eas

397 2768 553 2818 foras,''
578 2768 804 2821 significat
832 2782 911 2822 per
936 2768 1048 2809 salsa
1073 2769 1304 2810 destruere
1330 2769 1495 2822 probos
1517 2770 1590 2822 qui
1617 2768 1816 2809 nondum
1842 2769 1886 2808 in

397 2831 513 2871 veris
535 2843 595 2870 ex
617 2829 737 2870 bono
756 2835 875 2879 sunt,
896 2835 943 2870 at
966 2843 1105 2883 usque
1122 2829 1383 2870 desiderant
1401 2843 1512 2870 esse.
1574 2828 1712 2883 Apud
1729 2828 1769 2869 A
1778 2841 1883 2876 m05,

467 2921 489 2934 ‘⁴
502 2919 567 2951 Die
581 2929 650 2961 quo
663 2919 867 2951 visitaturus
885 2929 964 2951 sum
981 2919 1303 2960 praevaricationes
1322 2918 1463 2950 Israelis
1481 2928 1587 2958 super
1602 2918 1713 2955 illum,
1733 2902 1885 2952 visitabo

514 2991 519 2997 .
573 2972 679 3003 super
694 2963 819 3042 altaria
839 2962 1007 3047 B)ethelis,
1026 2968 1065 2995 ut
1081 2962 1332 3003 exscindantur
1348 2971 1481 2994 cornua
1497 2962 1630 2999 altaris,
1650 2967 1684 2993 et
1701 2958 1829 2993 cadant
1848 2960 1884 2992 in

572 3013 702 3039 terram
755 3015 862 3047 *111.14
888 3016 895 3045 ;
