2060 3476
658 341 765 374 CAP.
789 340 869 382 1v.,
892 340 1031 373 vERs.
1053 340 1202 385 7.-Ν,
1225 333 1319 373 282.
1650 331 1738 386 469

242 469 322 510 per
344 455 574 509 “corpus”
599 455 657 496 ibi
682 453 960 508 significatur
981 453 1174 494 mundus
1197 453 1454 507 spiritualis,
1479 453 1551 494 ubi
1578 466 1736 494 omnes

242 520 447 560 homines
470 517 601 560 simul
623 524 728 559 sunt
750 522 846 559 tam
867 517 974 558 boni
995 530 1131 571 quam
1154 516 1288 567 mali;
1320 522 1366 557 et
1390 530 1468 570 per
1494 515 1705 569 “aquilas
1717 515 1737 531 ’‘

242 581 553 636 significantur
577 581 650 635 qui
675 581 720 622 in
746 581 862 622 veris
887 586 933 621 et
959 581 1033 634 qui
1064 580 1108 620 in
1134 579 1270 628 falsis,
1297 580 1362 620 ita
1387 580 1460 633 qui
1491 580 1536 620 in
1567 578 1736 620 intelli·

243 646 401 699 gentia
424 657 531 686 vera
555 651 602 686 et
627 644 700 698 qui
725 644 769 685 in
795 643 1100 697 intelligentia
1123 642 1260 693 falsa;
1293 643 1404 683 haec
1431 642 1738 696 intelligentia

243 715 314 750 est
345 723 404 750 ex
436 709 616 762 proprio
651 708 858 756 hominis,
890 706 1195 760 intelligentia
1235 719 1342 747 vera
1377 712 1530 747 autem
1567 712 1638 747 est
1677 719 1736 747 ex

244 772 445 813 Domino
470 785 548 825 per
573 771 789 812 Verbum.
852 770 988 811 Falsa
1018 783 1134 824 quae
1164 775 1269 810 sunt
1301 783 1360 810 ex
1394 770 1572 822 propria
1602 769 1737 810 intel·

245 835 435 889 ligentia
465 836 602 876 etiam
634 834 948 876 describuntur
972 847 1052 887 per
1078 832 1319 887 “aquilas”
1344 833 1388 873 in
1415 832 1586 882 Verbo,
1613 839 1662 873 ut
1693 833 1738 872 in

244 899 535 954 sequentibus
560 898 628 940 his
654 897 764 939 locis
780 897 989 951 z—Apud
1014 895 1276 945 Jeremiam,

314 994 438 1026 “Ecce
456 995 547 1026 sicut
563 995 676 1026 nubes
693 994 866 1032 ascendit,
886 999 922 1025 et
945 993 1038 1032 sicut
1060 991 1217 1034 procella
1241 1002 1363 1024 currus
1387 991 1477 1033 ejus,
1498 991 1632 1023 celeres
1656 997 1740 1023 sunt

420 1048 504 1079 prae
520 1038 648 1080 aquilis
664 1038 745 1079 equi
762 1037 860 1079 ejus:
886 1047 952 1069 vae
969 1037 1074 1069 nobis
1091 1037 1174 1079 quia
1188 1037 1364 1069 devastati
1378 1035 1531 1068 sumus’'
1548 1035 1608 1076 (iv,
1628 1037 1695 1076 13);

245 1128 394 1181 agitur
419 1126 478 1168 ibi
503 1126 560 1168 de
582 1126 868 1168 desolatione
892 1126 985 1167 veri
1017 1126 1060 1166 in
1087 1125 1293 1174 ecclesia,
1321 1131 1368 1166 et
1400 1138 1478 1179 per
1505 1125 1708 1165 “nubem
1720 1124 1740 1139 ‘'

247 1203 360 1245 quae
391 1190 611 1239 ascendit,
637 1188 948 1243 significantur
973 1187 1109 1239 falsa;
1142 1201 1222 1242 per
1249 1192 1462 1229 “currum
1474 1187 1494 1203 ”
1519 1188 1592 1242 qui
1625 1187 1739 1228 sicut

248 1253 459 1308 procella,
492 1251 771 1307 significatur
800 1250 1006 1298 doctrina
1036 1252 1161 1302 falsi;
1202 1251 1426 1305 cupiditas
1457 1257 1504 1292 et
1529 1250 1740 1304 voluptas

246 1331 399 1359 eorum
417 1314 715 1358 ratiocinandi
732 1322 892 1357 contra
905 1328 1011 1356 vera
1028 1321 1075 1356 et
1090 1314 1352 1356 destruendi
1369 1312 1447 1355 illa
1463 1313 1741 1368 significatur

246 1379 484 1434 per-quod
525 1379 733 1421 “celeres
776 1380 867 1421 sint
912 1392 1019 1432 prae
1058 1378 1218 1432 aquilis
1263 1379 1365 1432 equi
1404 1377 1613 1428 eor-um;'’
1663 1391 1742 1431 per

247 1442 458 1483 “velox”
494 1449 540 1484 et
579 1442 860 1484 “festinum”
896 1442 941 1483 in
978 1441 1135 1483 Verbo
1176 1441 1453 1494 significatur
1488 1441 1740 1482 excitatum

246 1504 304 1545 ab
327 1503 568 1546 affectione
593 1510 641 1546 et
666 1504 878 1557 cupidine
901 1514 1060 1553 (videatur
1073 1523 1104 1544 n.
1120 1514 1210 1551 7695.
1226 1513 1340 1552 7866);
1365 1508 1412 1543 et
1429 1515 1509 1556 per
1528 1501 1740 1556 “equos“

247 1565 504 1608 intellectus
536 1566 643 1616 veri,
677 1573 724 1607 et
755 1566 799 1607 in
831 1566 1042 1620 opposito
1073 1578 1208 1606 sensu
1238 1562 1498 1606 intelleistus
1534 1563 1631 1605 salsi
1663 1577 1742 1605 seu

248 1626 541 1670 ratiocinatio
571 1642 631 1669 ex
661 1626 788 1668 falsis
818 1633 981 1668 contra
1011 1640 1120 1667 vera
1150 1637 1195 1676 (n.
1220 1637 1411 1674 2760-2762,
1431 1645 1521 1674 3217,
1541 1644 1631 1673 5321,
1652 1636 1742 1673 6125,

246 1701 335 1738 ⁶400,
351 1700 441 1737 6534.
456 1708 546 1737 7024,
562 1699 651 1736 8146,
665 1700 754 1736 8148,
768 1698 861 1737 8381)
878 1700 887 1728 ε
911 1693 958 1728 et
976 1687 1080 1741 quia
1100 1690 1125 1707 “
1138 1686 1241 1740 equi
1252 1685 1272 1700 '‘
1288 1685 1376 1726 hoc
1399 1684 1675 1739 significant,
1694 1691 1741 1726 et

249 1751 462 1805 “aquilae
473 1750 493 1765 ’¹
514 1748 879 1802 intelligentiam,
902 1749 973 1790 hic
1000 1748 1352 1801 intelligentiam
1379 1748 1605 1801 propriam
1628 1760 1742 1800 quae

248 1821 318 1856 est
349 1813 637 1855 ratiocinatio
669 1826 728 1854 ex
759 1812 895 1861 falsis,
922 1812 1026 1853 ideo
1058 1812 1221 1854 dicitur
1248 1810 1468 1852 “Celeres
1499 1816 1604 1852 sunt
1635 1824 1742 1864 prae

238 1878 404 1932 >aquilis
430 1877 531 1931 equi
557 1876 771 1918 illorum.’'
823 1876 882 1926 ,In
918 1874 960 1915 T
954 1874 1120 1924 krenis,

319 1964 498 1998 “Veloces
515 1966 658 1998 fuerunt
675 1971 922 2007 persecutores
940 1964 1053 1997 nostri
1071 1973 1156 2005 prae
1173 1963 1301 2005 aquilis
1318 1963 1499 1995 caelorum
1511 1961 1530 1975 '’
1543 1962 1603 2003 (iv.
1616 1958 1706 2003 [¹119)
1720 1972 1727 2001 ;

246 2056 294 2092 et
320 2049 439 2103 apud
464 2048 702 2097 Habakuk,

314 2132 417 2174 “qu
418 2142 462 2165 us
478 2133 576 2164 leves
589 2138 674 2164 sunt
697 2140 782 2172 prae
807 2131 939 2182 pardis
944 2130 1036 2172 equi,
1056 2137 1092 2162 et
1114 2130 1207 2162 acuti
1232 2135 1316 2162 sunt
1340 2139 1424 2170 prae
1448 2129 1541 2170 lupis
1556 2138 1740 2169 vesperae,

419 2182 459 2208 ut
474 2176 678 2208 diffundant
694 2185 734 2207 se
750 2175 888 2216 equites
905 2174 1005 2215 ejus;
1029 2175 1125 2206 unde
1141 2174 1278 2216 equites
1290 2173 1368 2214 ejus
1385 2183 1405 2204 e
1422 2172 1619 2213 longinquo
1636 2173 1744 2204 adve-

420 2221 534 2259 niunt,
561 2220 732 2251 advolant
756 2219 846 2250 sicut
870 2219 989 2260 aquila
1014 2220 1192 2251 festinans
1218 2219 1263 2250 ad
1293 2216 1575 2255 comedendum;
1600 2222 1675 2248 tota
1698 2217 1743 2248 ad

420 2264 629 2296 violentiam
646 2262 761 2295 venit’
765 2262 825 2304 ’(i.
843 2263 873 2301 8,
886 2262 940 2304 9)·
933 2288 940 2295 .

246 2362 451 2404 similiter
481 2360 553 2418 hic
586 2357 805 2416 “aquila”
834 2375 917 2416 pro
954 2360 1302 2403 ratiocinatione
1334 2374 1394 2401 ex
1429 2359 1552 2401 falsis
1584 2365 1744 2400 contra

245 2440 366 2475 vera,
393 2439 506 2480 quae
532 2430 602 2466 est
628 2439 687 2466 ex
714 2426 893 2478 propria
917 2422 1234 2477 intelligentia.

325 2491 450 2534 282.
485 2489 716 2544 Quoniam
733 2490 806 2531 hic
825 2489 1052 2531 cherubus
1070 2489 1230 2530 similis
1247 2488 1329 2529 suit
1346 2487 1543 2542 aquilae,
1563 2494 1610 2529 et
1627 2487 1742 2528 haec

246 2554 454 2609 apparuit
485 2553 600 2594 sicut
631 2552 805 2601 volans,
833 2552 1009 2593 dicetur
1034 2552 1171 2592 etiam
1204 2551 1309 2604 quid
1341 2564 1421 2605 per
1453 2549 1675 2591 “volare’‘
1699 2550 1744 2589 in

246 2616 402 2658 Verbo
424 2614 713 2670 significatur.
760 2614 843 2656 Per
861 2618 887 2635 “
902 2615 1055 2656 volare
1066 2613 1086 2629 ”
1103 2613 1380 2667 significatur
1402 2611 1744 2666 circumspectio

246 2687 292 2722 et
324 2680 593 2734 praesentia,
617 2692 677 2720 ex
710 2691 845 2719 causa
875 2678 978 2732 quia
1008 2678 1103 2718 avis
1127 2677 1287 2718 volans
1319 2691 1378 2718 ex
1404 2676 1500 2718 alto
1531 2674 1744 2729 perspicit

247 2744 557 2797 undequaque,
593 2748 640 2784 et
677 2742 740 2783 sic
779 2754 857 2795 per
894 2742 1038 2782 visum
1077 2753 1205 2781 suum
1244 2753 1459 2795 praesens
1495 2747 1565 2781 est
1603 2739 1744 2779 ubivis

246 2813 292 2849 et
315 2808 494 2848 circum.
555 2805 624 2847 At
650 2818 751 2846 cum
774 2806 818 2846 in
840 2805 997 2846 Verbo
1020 2804 1212 2845 “volare
1224 2804 1243 2820 ”
1265 2805 1429 2845 dicitur
1451 2804 1507 2844 de
1522 2802 1743 2856 Jehovah,

246 2869 471 2924 significat
505 2867 699 2911 “volare
712 2868 731 2884 ”
762 2868 1205 2922 omnipraesentiarn,
1239 2868 1451 2922 quoniam
1489 2866 1744 2918 omniprae-

246 2933 394 2988 sentia
411 2939 480 2974 est
499 2931 674 2973 infinita
691 2929 1032 2984 circumspectio
1049 2937 1096 2971 et
1114 2930 1288 2971 infinita
1306 2930 1575 2983 praesentia.
1633 2928 1744 2969 Inde

246 3006 363 3038 nunc
402 3003 472 3037 est
513 2995 634 3050 quod
669 2995 740 3036 hic
782 2993 1002 3035 cherubus
1040 2993 1295 3047 apparuerit
1338 2992 1530 3033 “similis
1566 2991 1742 3045 aquilae
