2060 3476
702 367 808 401 cAP.
829 367 889 409 v.,
912 367 1050 401 VERs.
1073 359 1218 401 8.-N.
1243 357 1410 413 325[a].
1721 359 1799 412 583

305 480 533 524 abstracte
558 495 585 523 a
610 481 826 536 personis,
854 480 992 523 etiam
1019 495 1151 534 supra
1179 479 1241 534 (n.
1267 492 1335 534 99,
1365 479 1488 534 100):
1527 480 1571 521 in
1588 479 1682 522 'hoc
1709 480 1799 521 dis-

306 545 528 598 tinguitur
557 559 716 586 sensus
745 545 949 586 internus
975 543 1117 585 Verbi
1148 558 1174 584 a
1205 557 1339 584 sensu
1365 550 1560 584 externo
1592 543 1699 596 ejus,
1727 544 1800 596 qui

305 614 376 649 est
401 622 559 650 sensus
585 608 792 659 litterae;
824 613 871 648 et
893 607 996 662 quia
1021 607 1083 648 sic
1106 620 1185 660 per
1209 605 1463 647 “sanctos'’
1485 606 1800 659 intelliguntur

304 670 477 720 saneta,
509 678 557 713 et
596 685 675 725 per
708 669 980 712 “sanetum”
1011 670 1055 711 in
1086 669 1242 710 Verbo
1281 669 1550 723 intelligitur
1586 669 1798 710 Divinum

306 735 477 776 Verum
499 735 619 789 quod
645 735 849 788 procedit
875 748 901 775 a
926 734 1138 782 Domino,
1161 739 1208 774 et
1229 732 1334 774 facit
1357 746 1545 786 regnum
1568 734 1797 786 spirituale

306 797 449 852 Ipsius
477 796 702 851 (videatur
726 811 871 851 supra,
894 811 936 838 n.
959 796 1078 850 204),
1105 796 1207 837 ideo
1232 810 1310 850 per
1334 793 1577 836 ⁴⁴[11san&0s
1587 795 1606 811 '⁹
1631 796 1797 837 intelli-

304 867 472 914 guntur
489 861 748 914 spiritualia,
763 867 810 901 et
827 874 905 914 per
921 863 946 880 “
959 873 1115 914 preces
1132 857 1389 901 sanctorum
1402 859 1421 874 '’
1439 859 1584 900 cultus
1602 873 1661 899 ex
1679 860 1799 900 bono

303 923 546 977 spirituali:
574 924 694 978 quod
712 923 859 965 cultus
877 937 935 964 ex
958 924 1044 964 hoc
1066 923 1187 964 bono
1205 936 1283 976 per
1302 926 1327 942 ‘⁴
1339 936 1494 976 preces
1512 921 1768 964 sanctorum
1780 922 1799 937 '’

303 986 599 1040 intelligatur,
626 993 808 1028 constat
840 1000 900 1027 ex
929 1000 997 1035 eo,
1025 985 1145 1040 quod
1177 986 1351 1027 dicatur
1376 985 1496 1039 quod
1524 985 1797 1026 “habuerint

304 1049 478 1103 phialas
492 1063 648 1090 aureas
663 1049 820 1103 plenas
834 1043 1069 1098 suffitibus,
1082 1063 1196 1103 quae
1210 1055 1314 1090 sunt
1332 1062 1488 1102 preces
1502 1047 1798 1097 san&orum‚''

304 1119 352 1154 et
383 1127 461 1166 per
488 1112 699 1154 “suffitus
711 1113 731 1128 '²
756 1112 1066 1166 significantur
1090 1113 1240 1153 omnia
1272 1112 1419 1153 cultus
1451 1126 1565 1166 quae
1591 1126 1650 1152 ex
1677 1112 1797 1153 bono

276 1175 536 1230 spirituali,
567 1181 617 1216 ut
653 1176 697 1216 in
733 1175 923 1216 articulo
955 1189 1064 1217 mox
1100 1175 1402 1229 praecedente
1435 1182 1666 1216 ostensum
1698 1182 1795 1225 est;

304 1239 409 1280 inde
439 1240 639 1293 sequitur
660 1234 781 1293 quod
813 1253 892 1293 per
917 1243 1110 1293 “preces
1142 1238 1432 1281 san&orum''
1458 1239 1602 1281 simile
1627 1239 1796 1294 signifi-

305 1309 445 1344 cetur.
505 1303 572 1344 Ut
598 1316 776 1357 quoque
801 1303 919 1356 apud
945 1303 1184 1352 Davidem,

375 1391 567 1424 “Attende
584 1402 706 1424 aurem
731 1390 917 1424 ad'vocem
933 1401 1050 1423 meam
1075 1392 1218 1433 quando
1243 1392 1358 1424 clamo
1381 1392 1426 1424 ad
1449 1392 1522 1429 Te:
1547 1398 1709 1433 receptae
1727 1393 1800 1423 sint

480 1445 613 1477 preces*
625 1445 738 1474 meae,
765 1437 1007 1468 suffimentum
1031 1445 1151 1467 coram
1175 1435 1238 1474 Te,
1266 1436 1420 1468 sublatio
1444 1446 1613 1468 manuum
1631 1437 1798 1467 minchah

481 1489 652 1520 vesperae
666 1491 690 1512 :.
705 1505 713 1512 .
726 1504 734 1511 .
749 1477 938 1512 .[²1custodi
957 1479 1103 1520 januam
1127 1479 1302 1511 labiorum
1319 1490 1492 1518 meorum,
1513 1490 1558 1511 ne
1581 1481 1721 1512 declina
1737 1490 1799 1511 cor

482 1533 601 1555 meum
625 1524 670 1555 ad
694 1523 840 1561 malum,
860 1523 905 1554 ad
929 1523 1132 1555 faciendum
1157 1523 1318 1555 facinora
1333 1524 1370 1555 in
1394 1524 1588 1564 impietate,
1609 1534 1689 1555 cum
1714 1524 1799 1555 viris

481 1568 713 1608 operantibus
730 1567 963 1608 iniquitatem,
974 1592 981 1599 .
997 1592 1004 1599 .
1018 1592 1025 1599 .
1041 1567 1138 1608 ,quia
1153 1568 1268 1599 adhuc
1292 1577 1414 1608 preces
1431 1577 1532 1599 meae
1549 1568 1584 1598 in
1603 1568 1706 1599 malis
1724 1567 1800 1598 illo-

480 1621 558 1643 rum
570 1610 588 1623 '’
604 1611 751 1652 (Psalm.
767 1611 847 1643 cxli.
867 1612 961 1651 1—5):

307 1699 376 1741 hic
400 1713 578 1754 quoque
601 1703 794 1754 “preces
807 1699 827 1715 ”
844 1705 1066 1741 vocantur
1089 1699 1473 1748 “suffimentum‚’'
1495 1707 1540 1741 et
1566 1699 1798 1741 “sublatio

306 1762 542 1804 manuum‘’
555 1769 744 1804 vocatur
759 1762 1039 1811 “minchah‚'’
1054 1768 1100 1803 et
1117 1762 1203 1804 hoc
1218 1764 1319 1816 quia
1333 1777 1411 1817 per
1426 1767 1451 1783 ‘⁶
1464 1763 1642 1816 preces'’
1656 1762 1798 1803 simile

306 1825 583 1879 significatur
613 1825 732 1880 quod
765 1839 844 1879 per
871 1825 1252 1875 “suffimentum,”
1278 1832 1323 1867 et
1355 1840 1433 1880 per
1461 1826 1797 1867 “sublationem

306 1889 549 1930 manuum''
571 1889 714 1930 simile
736 1889 856 1943 quod
882 1902 960 1942 per
983 1889 1246 1930 “mincham
1265 1889 1298 1940 ;''
1324 1903 1402 1944 per
1425 1890 1767 1931 “suffimentum
1780 1890 1798 1903 ”

305 1951 583 2005 significatur
598 1952 766 1993 bonum
783 1952 1012 2006 spirituale
1029 1952 1149 2006 quod
1171 1959 1240 1993 est
1258 1953 1425 1994 bonum
1443 1954 1674 1994 charitatis
1692 1967 1799 2007 erga

306 2015 577 2069 proximum,
604 2022 651 2057 et
677 2030 755 2070 per
782 2015 1075 2056 “mincham”
1101 2015 1378 2069 significatur
1408 2017 1575 2058 bonum
1602 2017 1799 2058 caeleste

306 2078 427 2132 quod
441 2085 510 2120 est
525 2079 692 2120 bonum
707 2080 871 2120 amoris
885 2079 928 2119 in
944 2079 1202 2128 Dominum,
1215 2080 1278 2120 ita
1292 2093 1370 2133 per
1384 2086 1618 2134 utrumque
1634 2080 1797 2128 cultus;

306 2147 352 2183 et
369 2142 471 2195 quia
492 2155 647 2196 preces
666 2156 756 2184 non
773 2149 877 2183 sunt
895 2156 954 2183 ex
973 2156 1048 2183 ore
1066 2137 1145 2183 sed
1168 2157 1226 2183 ex
1250 2142 1384 2184 corde
1407 2157 1485 2197 per
1502 2157 1565 2192 os,
1585 2150 1630 2184 et
1654 2145 1798 2184 omnis

307 2204 454 2246 cultus
480 2206 553 2259 qui
585 2212 654 2247 est
680 2220 739 2247 ex
766 2206 902 2247 corde
933 2211 1004 2247 est
1036 2219 1095 2247 ex
1127 2205 1248 2247 bono
1278 2208 1442 2247 amoris
1474 2213 1519 2248 et
1552 2207 1797 2253 charitatis,

308 2281 412 2308 narn
428 2271 453 2288 ‘⁴
465 2268 571 2310 cor''
585 2269 628 2309 id
643 2268 880 2322 significat,
896 2269 998 2310 ideo
1013 2270 1148 2310 etiam
1163 2269 1336 2318 dicitur,
1352 2267 1603 2311 “1²1Cust0di
1618 2270 1798 2323 januam

308 2330 526 2371 labiorum
562 2345 778 2381 meorum,
820 2346 876 2373 ne
913 2331 1092 2374 declina
1128 2332 1206 2373 cor
1243 2346 1391 2374 meum
1429 2334 1486 2374 ad
1526 2333 1707 2381 malum,
1743 2334 1799 2374 ad

307 2393 560 2435 faciendum
577 2394 775 2437 facinora
796 2396 838 2436 in
862 2396 1095 2449 impietate
1112 2395 1146 2446 ;”
1169 2402 1214 2437 et
1237 2396 1339 2449 quia
1361 2396 1635 2438 lamentatur
1653 2397 1799 2437 David

308 2457 428 2511 quod
460 2457 580 2498 mala
610 2463 770 2499 contra
804 2457 929 2499 illum
961 2458 1107 2499 adhuc
1139 2458 1337 2507 valeant,
1370 2460 1472 2500 ideo
1503 2460 1627 2508 dicit,
1662 2461 1801 2513 “quia

308 2520 453 2562 adhuc
495 2534 652 2575 preces
691 2533 819 2562 meae
863 2522 906 2562 in
925 2541 931 2549 ·
947 2521 1076 2562 malis
1116 2521 1331 2563 illorum.''
1403 2521 1537 2576 Quod
1574 2527 1599 2543 ‘⁴
1614 2537 1770 2577 preces
1782 2523 1800 2537 ’'

308 2583 470 2624 similia
499 2582 754 2637 significent
786 2597 887 2625 cum
921 2584 1218 2634 “suffitibus,”
1243 2586 1380 2626 etiam
1407 2593 1589 2627 constat
1622 2586 1725 2627 alibi
1756 2587 1800 2626 in

307 2645 595 2700 Apocalypsi,

376 2736 513 2768 “Alius
528 2736 678 2778 angelus
695 2737 804 2775 venit,
824 2743 859 2769 et
875 2737 974 2769 stetit
989 2738 1083 2778 apud
1102 2738 1225 2776 altare,
1245 2739 1380 2770 habens
1405 2739 1621 2770 thuribulum
1639 2746 1797 2775 aureum,

481 2786 518 2812 et
540 2780 613 2812 dati
630 2781 662 2812 ei
686 2781 823 2812 suffitus
841 2781 953 2819 multi,
976 2779 1030 2823 [ut
1046 2779 1206 2823 offerret]
1225 2791 1304 2813 cum
1323 2783 1483 2822 precibus
1501 2781 1707 2814 sanctorum
1725 2792 1801 2813 om-

483 2824 593 2862 nium,
616 2833 723 2864 super
745 2824 856 2856 altare
879 2834 1024 2856 aureum
1030 2849 1122 2862 .....
1130 2831 1165 2856 et
1188 2826 1348 2857 ascendit
1372 2826 1490 2857 fumus
1515 2826 1695 2857 suffituum
1720 2835 1801 2857 cum

443 2867 459 2878 ‘
482 2868 645 2909 precibus
662 2866 884 2901 sanctorum.
897 2892 905 2900 .
920 2893 928 2900 .
941 2868 1002 2900 ‚ad
1018 2867 1249 2910 conspectum
1268 2869 1362 2901 Dei”
1379 2869 1463 2910 (viii.
1481 2878 1511 2908 3,
1527 2870 1561 2909 4)
1575 2879 1582 2907 ;

308 2955 410 3009 quia
426 2954 497 2996 hic
512 2953 672 2995 similia
685 2954 993 3008 significantur
1007 2969 1084 3010 per
1101 2956 1310 3010 “preces'‘
1327 2971 1440 3011 quae
1456 2970 1534 3009 per
1549 2959 1574 2976 ‘⁴
1587 2955 1801 3004 suffitus,”

309 3030 470 3072 nempe
488 3017 634 3059 cultus
656 3031 716 3059 ex
737 3018 859 3060 bono
876 3018 1107 3073 spirituali,
1127 3019 1228 3061 ideo
1250 3020 1424 3068 dicitur,
1446 3023 1470 3040 “
1485 3019 1591 3060 Dati
1615 3020 1654 3060 ei
1677 3018 1798 3060 suffi-
