2060 3476
272 349 356 390 208
685 356 1018 390 APOCALYPSIS
1050 357 1350 390 EXPLICATA.

270 471 388 524 apud
411 470 618 512 homines
636 472 765 512 unice
783 471 841 512 sit
859 485 917 512 ex
936 471 1161 512 amoribus
1179 471 1244 512 sui
1266 477 1312 512 et
1331 471 1484 512 mundi
1506 486 1514 522 ;
1547 471 1760 525 quoniam

270 533 315 574 hi
341 540 523 575 vertunt
550 534 763 574 interiora
793 533 1001 582 hominis,
1029 548 1143 588 quae
1170 535 1335 575 mentis
1362 533 1454 586 ejus
1481 540 1600 583 sunt,
1629 534 1760 576 deor-

270 610 383 645 sum,
419 603 466 638 et
504 598 565 638 sic
604 603 815 638 avertunt
852 611 878 637 a
915 596 1056 638 caelo.
1118 597 1348 638 Perversio
1385 596 1606 638 ecclesiae
1642 597 1760 651 apud

270 658 477 700 homines
504 660 678 709 dicitur,
703 661 804 714 quia
830 659 1023 701 ecclesia
1048 666 1117 701 est
1143 661 1187 700 in
1214 659 1411 708 homine,
1441 660 1556 701 sicut
1583 660 1759 702 caelum

270 728 340 763 est
367 723 411 763 in
438 723 629 776 angelo:
664 724 809 764 omnis
837 723 1030 764 ecclesia
1055 724 1347 764 constituitur
1378 737 1437 764 ex
1469 722 1555 764 illis
1581 724 1654 777 qui
1685 737 1759 765 ec-

270 785 435 827 clesiae
458 793 576 835 sunt,
602 793 648 827 et
675 800 766 827 non
792 787 849 827 ab
872 786 969 827 aliis
993 787 1177 827 tametsi
1204 786 1322 826 natis
1345 786 1419 826 ubi
1445 785 1636 827 ecclesia
1662 793 1759 838 est;

270 848 356 889 hoc
381 849 618 891 manifeste
637 850 736 891 sciri
759 855 913 903 potest
936 863 995 890 ex
1018 863 1086 898 eo,
1107 849 1226 902 quod
1249 861 1375 889 amor
1393 854 1438 889 et
1460 848 1570 890 fides
1592 849 1760 891 faciant

270 912 525 962 ecclesiam,
546 926 597 954 ac
622 926 748 953 amor
770 919 816 954 et
838 912 947 953 fides
970 918 1101 953 erunt
1123 913 1167 952 in
1190 911 1387 960 homine,
1412 911 1599 965 proinde
1622 912 1759 953 etiam

270 973 480 1014 eCCICSia.
539 984 651 1023 (Quod
671 985 793 1013 eaelum
809 984 847 1013 sit
866 984 897 1013 in
917 984 1041 1021 angelo,
1057 988 1088 1012 et
1106 984 1195 1021 quod
1214 983 1346 1012 ecelesia
1364 983 1396 1012 in
1414 984 1553 1017 homine,
1568 984 1712 1013 videatur
1730 984 1762 1013 in

269 1042 365 1071 opere
378 1035 429 1063 De
448 1035 537 1064 Caelo
553 1039 584 1064 et
597 1035 733 1074 lnfirno,
746 1043 776 1064 n.
790 1043 838 1072 33,
852 1041 900 1072 53,
913 1041 961 1072 54,
974 1041 1023 1071 57,
1035 1041 1110 1071 454;
1134 1038 1166 1063 et
1180 1034 1212 1063 in
1225 1034 1383 1063 Doctrina
1394 1035 1504 1063 Novae
1515 1034 1761 1073 Hierosolymae.

271 1090 302 1110 n.
318 1090 386 1118 232.
404 1090 472 1119 233,
489 1091 557 1119 24Ῑ,
574 1089 642 1119 245,
659 1080 743 1119 246.)

349 1141 483 1182 160.
526 1140 767 1180 “Dicentem
787 1153 834 1180 se
852 1139 1165 1193 prophetissam,
1187 1139 1337 1180 docere
1362 1143 1406 1179 et
1425 1140 1627 1180 seducere
1650 1152 1762 1180 meos

269 1199 646 1253 servos.''——Quod
671 1199 895 1253 significet
917 1199 1036 1253 quod
1055 1199 1159 1240 inde
1178 1199 1430 1240 dominam
1450 1200 1645 1240 omnium
1657 1199 1760 1251 fal-

269 1276 431 1311 sorum,
457 1268 640 1303 constat
668 1276 726 1302 ex
754 1261 1085 1315 significatione
1110 1260 1440 1315 “prophetae‚”
1462 1261 1582 1315 quod
1608 1261 1665 1302 sit
1688 1261 1761 1315 qui

270 1323 407 1364 docet
433 1337 554 1371 vera,
582 1329 628 1364 et
659 1321 891 1364 abstracte
922 1336 947 1363 a
978 1335 1188 1376 persona,
1215 1321 1422 1363 doctrina
1449 1322 1543 1362 veri
1574 1332 1629 1371 (de
1648 1341 1712 1370 qua
1729 1341 1760 1363 n.

270 1402 357 1431 2534·
378 1394 490 1433 7269);
522 1383 627 1423 inde
653 1383 696 1423 in
720 1382 935 1436 opposito
957 1395 1093 1423 sensu
1118 1395 1198 1436 per
1221 1381 1566 1435 “prophetam''
1587 1381 1759 1422 intelli-

270 1451 437 1498 guntur
462 1445 535 1498 qui
567 1444 735 1485 docent
767 1443 892 1492 falsa,
927 1450 973 1485 et
1005 1441 1232 1484 abstracte
1264 1457 1290 1484 a
1322 1444 1524 1497 personis
1556 1441 1761 1484 doetrina

269 1508 508 1557 falsorum;
543 1507 747 1548 similiter
777 1507 849 1548 hic
882 1521 961 1561 per
992 1506 1415 1560 “prophetissam:’'
1446 1507 1547 1560 quia
1579 1505 1650 1547 hic
1683 1520 1763 1559 per

273 1570 674 1625 “prophetissam”
701 1569 979 1624 significatur
1004 1570 1173 1610 docens
1204 1569 1330 1618 falsa,
1359 1575 1405 1611 et
1432 1567 1636 1610 doctrina
1663 1582 1760 1610 om-

270 1635 390 1675 nium
417 1634 643 1683 salsorum,
667 1634 769 1674 ideo
795 1633 975 1674 additur
1000 1632 1120 1687 quod
1149 1633 1350 1674 “doceat
1377 1639 1423 1674 et
1450 1632 1639 1673 seducat
1665 1631 1760 1673 Do-

271 1698 377 1738 mini
399 1711 553 1738 servos
570 1696 603 1748 ;''
638 1697 841 1737 “docere
864 1702 910 1737 et
938 1696 1152 1737 seducere
1163 1695 1183 1711 ’⁹
1205 1695 1380 1742 dicitur.
1405 1696 1506 1749 quia
1531 1695 1731 1736 “docere
1742 1695 1762 1711 ”

270 1760 555 1814 praedicatur
587 1759 642 1800 de
674 1759 789 1800 veris
822 1765 868 1800 et
900 1758 1036 1808 falsis,
1070 1772 1122 1800 ac
1157 1758 1439 1800 “seducere'’
1465 1758 1521 1799 de
1552 1757 1682 1799 bonis
1713 1764 1760 1800 et

270 1823 413 1873 malis,
445 1836 496 1864 ac
532 1823 686 1864 “servi
719 1822 931 1863 Domini”
962 1822 1005 1862 in
1038 1821 1194 1863 Verbo
1226 1821 1435 1862 dicuntur
1465 1821 1538 1875 qui
1569 1821 1613 1861 in
1645 1822 1761 1862 veris

269 1893 388 1935 sunt,
409 1892 454 1928 et
480 1890 505 1907 “
520 1885 740 1927 ministri‘’
758 1886 831 1940 qui
853 1886 896 1926 in
919 1885 1040 1926 bono
1066 1883 1290 1938 (videatur
1313 1898 1457 1938 supra,
1482 1898 1524 1925 n.
1553 1893 1626 1937 155
1649 1883 1759 1938 fin.).

270 1951 444 1991 Dicitur
482 1950 537 1990 de
577 1948 767 1997 Isabele‚
801 1949 921 2002 quod
961 1952 1047 1988 “se
1085 1948 1207 1988 dicat
1245 1947 1578 2001 prophetissam
1595 1947 1629 1998 ;'’
1668 1960 1759 1988 non

268 2013 388 2067 quod
412 2012 561 2053 Isabel
585 2026 699 2052 uxor
721 2011 902 2052 Achabi
925 2025 971 2051 se
995 2010 1160 2051 dixerit
1183 2009 1531 2063 prophetissam,
1556 2009 1635 2050 sed
1657 2010 1760 2064 quia

268 2091 346 2130 per
377 2075 500 2116 illam
533 2074 810 2128 significatur
841 2074 1087 2127 jucundum
1119 2073 1284 2114 amoris
1322 2073 1387 2113 sui
1424 2078 1470 2113 et
1509 2072 1676 2122 mundi,
1711 2079 1758 2114 et

268 2140 355 2181 hoc
389 2139 634 2192 jucundum
672 2139 808 2179 docet
846 2144 892 2179 et
931 2137 1105 2178 seducit
1142 2136 1244 2177 illos
1281 2137 1354 2190 qui
1390 2137 1434 2176 in
1471 2137 1587 2177 veris
1625 2143 1757 2187 sunt3

268 2204 454 2257 quisque
486 2203 619 2250 enim,
649 2201 755 2242 dum
788 2215 847 2242 ex
880 2214 941 2250 se,
970 2201 1147 2253 cogitat
1179 2214 1238 2241 ex
1270 2213 1350 2240 suo
1376 2213 1542 2249 amore,
1571 2212 1622 2240 ac
1654 2199 1758 2241 inde

268 2280 316 2308 se
347 2266 507 2306 imbuit
538 2265 674 2314 falsis,
702 2265 822 2318 quod
854 2270 924 2305 est
953 2264 1154 2305 “docere
1180 2269 1226 2304 et
1253 2263 1503 2304 seducere.'’
1564 2263 1634 2304 De
1660 2263 1756 2304 Isa-

268 2329 369 2371 bele
395 2329 561 2382 legitur
586 2329 631 2369 in
657 2327 812 2369 Verbo

334 2425 438 2467 Quod
455 2424 621 2456 Achabus
639 2434 700 2455 rex
718 2423 958 2455 Israelitarum
973 2423 1147 2463 acceperit
1164 2422 1339 2454 Isabelem
1357 2422 1465 2453 filiam
1483 2422 1576 2462 regis
1593 2421 1760 2454 Zidonio-

442 2478 520 2500 rum
544 2468 581 2498 in
597 2477 756 2505 uxorem,
776 2473 812 2499 et
828 2467 923 2508 quod
946 2467 1096 2498 abiverit
1112 2473 1147 2498 et
1163 2467 1350 2498 serviverit
1375 2466 1486 2502 Baali.
1506 2472 1542 2497 et
1557 2466 1590 2497 ei
1607 2465 1758 2497 erexerit

442 2511 578 2543 altare'
570 2522 606 2542 m
624 2512 793 2549 Samaria,
813 2517 848 2542 et
865 2511 986 2542 fecerit
1002 2511 1118 2542 lucum
1136 2510 1166 2549 (1
1185 2511 1266 2552 Reg.
1283 2510 1353 2542 xvi.
1371 2510 1512 2549 31-33);

334 2556 439 2597 Quod
458 2555 573 2587 Isabel
591 2555 758 2586 occiderit
775 2555 966 2595 prophetas
983 2554 1140 2596 Jehovae
1157 2553 1188 2591 (1
1207 2555 1288 2595 Reg.
1305 2553 1401 2585 xviii.
1417 2562 1449 2592 4,
1469 2553 1542 2593 13);

335 2600 379 2632 Et
395 2599 489 2640 quod
505 2599 612 2630 etiam
630 2598 790 2630 occidere
806 2598 960 2629 voluerit
978 2598 1091 2629 Eliam
1108 2597 1197 2638 (cap.
1214 2597 1284 2629 xix.
1305 2605 1332 2634 Ι,
1350 2605 1380 2634 2,
1397 2607 1469 2647 seq.
1475 2597 1507 2637 );

334 2643 477 2685 Ωιιοᾱρ
480 2652 518 2674 er
533 2643 667 2680 dolum,
684 2642 930 2674 substituendo
948 2642 1058 2673 falsos
1075 2648 1194 2679 testes,
1215 2641 1399 2672 abstulerit
1414 2642 1557 2672 vineam
1575 2639 1755 2690 Naboth0‚

442 2693 477 2718 et
493 2696 573 2717 eum
591 2686 758 2717 occiderit
775 2685 863 2726 (cap.
880 2685 951 2717 xxi.
968 2686 999 2723 6,
1018 2693 1046 2724 7.
1064 2685 1174 2726 seq.;)

335 2730 422 2762 Inde
439 2727 659 2770 praedietum
676 2730 720 2760 ab
746 2729 833 2768 Elia,
854 2729 949 2770 quod
972 2739 1078 2760 canes
1095 2728 1323 2760 comederent
1347 2728 1443 2759 illam
1460 2726 1491 2768 (1
1508 2728 1589 2769 Reg.
1606 2726 1677 2759 xxi.
1694 2735 1757 2766 23,

443 2782 461 2804 2
477 2774 559 2814 Reg.
576 2773 622 2805 ix.
643 2773 716 2813 10);

334 2817 379 2850 Et
395 2817 478 2850 dein
495 2818 589 2858 quod
612 2816 713 2857 jussu
729 2816 821 2858 Jehu
837 2814 977 2856 dejec'ta
993 2816 1038 2848 sit
1055 2826 1074 2847 6
1091 2816 1258 2853 fenestra,
1278 2821 1313 2847 et
1329 2814 1423 2866 quod
1446 2824 1630 2855 aspersum
1650 2813 1756 2846 fuerit

441 2861 485 2892 de
502 2861 676 2900 sanguine
692 2860 770 2900 ejus
787 2860 830 2891 ad
847 2860 1030 2900 parietem,
1050 2865 1086 2891 et
1102 2859 1146 2891 ad
1163 2869 1272 2900 equos
1289 2859 1348 2900 qui
1364 2858 1660 2890 conculcaverunt
1676 2867 1755 2888 eam

441 2905 474 2944 (2
490 2905 571 2946 Reg.
588 2904 634 2936 ix.
652 2903 783 2944 32-34)

268 2998 349 3040 Per
385 2997 496 3039 haec
535 2998 685 3039 omnia
715 2996 1142 3051 repraesentabatur
1179 2996 1404 3051 perversio
1436 2994 1654 3038 ecclesiae
1692 3008 1752 3036 ex
