2060 3476
309 357 359 398 16
715 367 1047 400 APOCALYPSIS
1079 369 1376 401 EXPLICATA.

305 479 361 521 de
388 478 552 520 talibus
578 493 690 533 quae
712 480 755 521 in
782 480 949 521 mundo
973 481 1191 529 existunt,
1219 487 1288 522 est
1319 475 1475 522 ‘testari
1501 495 1560 522 ex
1586 481 1785 530 scientia,

304 556 383 583 seu
414 556 472 583 ex
505 544 719 583 memoria
748 549 795 584 et
821 545 1113 596 cogitatione,
1141 544 1241 597 quia
1266 545 1328 584 ita
1353 544 1463 585 vidit
1489 551 1565 585 aut
1591 545 1785 594 audivit;

304 619 458 646 verum
483 605 528 646 in
559 606 859 659 spiritualibus
885 606 1027 654 aliter,
1056 619 1159 647 nam
1191 607 1301 648 haec
1328 606 1516 660 implent
1549 613 1695 649 totam
1721 608 1785 647 vi-

301 674 396 708 tam
422 674 468 709 et
494 668 661 710 faciunt
687 668 822 709 illam.
883 668 1070 722 Spiritus
1096 669 1302 718 hominis,
1330 671 1374 710 in
1405 683 1493 723 quo
1518 671 1611 710 vita
1641 670 1784 711 homi-

303 731 369 771 nis
401 732 608 784 primario
633 732 814 780 residet,
842 745 932 773 non
963 731 1082 772 aliud
1113 739 1182 773 est
1214 746 1346 786 quam
1372 747 1450 773 sua
1475 733 1683 774 voluntas
1709 740 1784 774 aut

301 808 403 835 suus
426 808 564 844 amor,
592 808 642 836 ac
674 795 777 835 inde
802 808 905 835 suus
930 793 1186 836 intellecstus
1212 803 1258 837 et
1290 810 1368 836 sua
1398 795 1534 845 fides;
1567 802 1613 837 et
1641 796 1785 837 “cor”

301 858 346 898 in
373 857 527 898 Verbo
558 857 781 910 significat
805 857 1090 898 voluntatem
1123 865 1169 899 et
1200 872 1413 906 amorem,
1440 866 1486 899 et
1517 859 1620 899 inde
1650 859 1783 900 intel·
1809 902 1814 911 ι

300 919 466 962 ῙΕᾶυιῃ
491 927 537 962 et
562 919 723 961 fidem:
756 921 859 961 inde
886 926 1027 973 patet,
1056 921 1174 962 unde
1201 929 1270 962 est
1302 923 1421 975 quod
1454 935 1532 975 per
1558 923 1754 963 “testari
1767 922 1785 936 ”

299 985 344 1025 in
376 997 508 1025 sensu
534 983 750 1036 spirituali
781 983 1060 1036 intelligatur
1086 997 1333 1037 agnoscere
1359 985 1507 1026 corde.
1567 983 1683 1037 Quia
1708 998 1784 1038 per

302 1045 446 1087 “cor'’
477 1045 752 1099 significatur
782 1047 948 1100 bonum
979 1048 1158 1095 amoris,
1192 1054 1238 1088 et
1269 1047 1353 1088 hoc
1386 1047 1530 1088 solum
1562 1054 1631 1088 est
1663 1035 1803 1101 quod'

299 1111 506 1163 agnoscit
534 1110 741 1150 Divinum
765 1109 934 1151 Verum
966 1123 1016 1150 ac
1045 1110 1254 1151 Divinum
1284 1110 1465 1151 Domini
1495 1110 1539 1150 in
1573 1109 1784 1150 Humano

300 1173 455 1226 Ipsius,
471 1179 517 1214 et
540 1173 583 1213 id
605 1173 771 1214 bonum
787 1186 864 1225 per
888 1172 1208 1225 “''Johannem
1225 1172 1510 1226 significatur,
1529 1172 1630 1213 ideo
1647 1173 1781 1213 etiam

297 1235 525 1288 Johannes
548 1236 668 1284 dicit,
692 1236 844 1289 quod‘
851 1235 1271 1277 ‘testeturVerbum
1294 1236 1378 1277 Dei
1404 1242 1450 1277 et
1475 1235 1781 1277 testimonium

297 1298 402 1350 Jesu
428 1297 631 1349 Christis
636 1298 716 1339 ’ut
743 1312 917 1352 quoque
943 1298 1060 1347 alibi,

367 1387 446 1420 “Et
461 1388 586 1420 videns
604 1393 753 1420 testatus
766 1394 831 1425 est,
847 1394 883 1420 et
896 1397 1018 1420 verum
1035 1394 1090 1419 est
1102 1388 1347 1420 testimonium
1360 1388 1466 1425 illius.
1481 1393 1518 1420 et
1531 1387 1588 1420 ille
1606 1387 1672 1420 scit
1689 1387 1783 1429 quod

471 1441 556 1464 vera
570 1431 674 1469 dicat.
694 1438 733 1464 ut
749 1441 814 1464 vos
831 1431 982 1464 credatis
993 1430 1010 1443 ”
1027 1430 1127 1473 (Joh.
1144 1432 1213 1465 xix.
1230 1431 1306 1472 35);

298 1514 344 1550 et
370 1507 488 1557 alibi,

366 1600 388 1612 ¹⁸
402 1597 470 1629 Hic
486 1604 540 1629 est
556 1597 749 1638 discipulus
766 1603 901 1630 testans
918 1597 962 1629 de
984 1597 1050 1635 his,
1070 1604 1106 1629 et
1121 1598 1279 1630 scribens
1296 1597 1394 1636 haec,
1413 1603 1449 1630 et
1465 1597 1596 1630 scimus
1612 1597 1707 1639 quod
1723 1606 1784 1629 ve·

471 1651 547 1673 rum
565 1642 610 1673 sit
623 1641 866 1673 testimonium
883 1640 961 1682 ejus
971 1640 990 1654 '⁹
1007 1640 1106 1683 (Jolz.
1123 1642 1194 1673 xxi.
1212 1640 1276 1682 24).

376 1743 458 1774 11.
497 1737 521 1756 ⁴¹
537 1732 810 1786 Quaecunque
839 1732 959 1773 vidit!
964 1731 1167 1785 ¹-Quod
1197 1731 1419 1786 significet
1438 1731 1705 1774 intelleHum
1724 1731 1782 1772 zl-

295 1793 352 1835 lis
397 1794 686 1842 zllustratum,
719 1800 900 1835 constat
937 1807 996 1835 ex
1033 1793 1407 1847 significatione‘
1413 1792 1628 1842 ‘videre‚”
1663 1793 1782 1847 quod

294 1858 352 1898 Sit
375 1856 628 1910 intelligere
651 1867 706 1905 (de
718 1875 824 1904 quan.
838 1873 926 1903 2150,
939 1873 1028 1904 2325,
1042 1868 1129 1903 2807,
1142 1867 1230 1904 3764,
1244 1866 1332 1904 3863,
1345 1866 1434 1904 3869,
1446 1874 1636 1904 4403—4421.
1651 1865 1780 1906 10705);
1796 1910 1797 1913 Ἰ

295 1920 365 1961 hic
388 1919 641 1972 intelligere
663 1933 721 1960 ex
745 1919 1058 1967 illustratione,
1077 1920 1288 1973 quoniam
1309 1920 1457 1972 agitur
1478 1919 1534 1960 de
1554 1919 1685 1960 rebus
1706 1932 1780 1960 ec-

295 1982 458 2024 clesiae
480 1988 526 2023 et
549 1982 674 2031 caeli,
694 1996 807 2036 quae
825 1995 913 2023 non
937 1982 1252 2035 intelliguntur
1265 1988 1311 2023 et
1330 1981 1630 2035 percipiuntur
1647 1994 1780 2034 quam

294 2059 353 2086 ex
385 2045 713 2096 illustratione;
746 2059 816 2086 res
842 2046 960 2086 enirn
987 2044 1206 2086 ecclesiae
1232 2051 1278 2086 et
1310 2043 1435 2092 caeli,
1463 2057 1576 2098 quae
1601 2044 1779 2097 spiritu-

293 2108 380 2148 alia
410 2114 643 2156 vocantur‚
677 2121 767 2149 non
799 2109 970 2149 intrant
1001 2108 1045 2148 in
1083 2107 1364 2149 intellectum
1401 2107 1608 2156 hominis,
1646 2120 1778 2160 quam

294 2171 440 2211 media
463 2170 560 2212 luce
582 2170 708 2219 caeli,
732 2178 778 2212 et
802 2170 880 2212 lux
903 2170 1015 2212 caeli
1037 2170 1233 2211 illustrat
1259 2169 1409 2211 illum:
1441 2169 1518 2211 illa
1539 2183 1674 2211 causa
1694 2176 1778 2217 est,

294 2234 413 2287 quod
437 2233 651 2283 Verbum,
675 2235 719 2275 in
742 2248 830 2291 quo
852 2247 922 2274 res
944 2233 1162 2275 ecclesiae
1183 2239 1230 2283 et
1254 2232 1366 2273 caeli
1388 2238 1505 2280 sunt,
1525 2245 1615 2272 non
1637 2233 1779 2286 possit

292 2295 484 2349 intelligi
515 2310 648 2350 quam
680 2298 736 2337 ab
767 2296 1018 2347 illustrato;
1051 2303 1097 2337 et
1123 2295 1401 2337 illustrantur
1425 2294 1488 2336 illi
1519 2294 1603 2336 soli
1632 2295 1704 2348 qui
1735 2295 1778 2335 in

293 2357 527 2400 affee'tione
558 2360 649 2400 veri
680 2374 739 2400 ex
771 2360 1040 2408 bono-sunt,
1069 2359 1254 2413 proinde
1285 2358 1347 2398 illi
1378 2358 1451 2411 qui
1482 2358 1526 2397 in
1558 2370 1710 2398 amore
1735 2358 1778 2398 in

294 2421 537 2462 Dominum
564 2428 611 2463 et
641 2423 686 2463 in
709 2422 930 2464 charitate
952 2435 1060 2475 erga
1081 2422 1335 2475 proximum
1357 2426 1460 2461 sunt
1478 2434 1486 2470 ;
1518 2420 1676 2461 horum
1697 2420 1778 2462 bo-

293 2498 399 2525 num
422 2491 491 2525 est
513 2485 681 2526 bonum
704 2485 946 2539 spirituale,
966 2498 1066 2526 cum
1089 2498 1176 2538 quo
1196 2489 1243 2525 et
1265 2497 1324 2525 ex
1347 2496 1434 2537 quo
1456 2489 1526 2524 est
1549 2482 1627 2524 lux
1650 2483 1776 2533 caeli,

294 2561 408 2601 quae
433 2547 638 2589 illustrat.

372 2622 455 2653 12.
499 2619 608 2660 [Vers.
627 2619 677 2662 3-]
719 2611 1147 2665 “Beatus.''—Quod
1169 2610 1390 2665 significet
1422 2610 1525 2652 illos
1545 2610 1594 2651 in
1614 2611 1775 2668 quibus

291 2673 466 2722 caelum,
501 2680 682 2715 constat
713 2687 772 2715 ex
804 2673 1131 2728 significatione
1165 2673 1362 2721 “beati,''
1393 2673 1512 2728 quod
1543 2673 1600 2713 sit
1631 2673 1703 2726 qui
1733 2673 1776 2713 in

292 2742 524 2777 aeternum
549 2737 656 2777 felix
683 2743 767 2786 est,
794 2738 858 2778 ita
883 2737 927 2778 in
953 2750 1040 2791 quo
1066 2742 1136 2777 est
1163 2735 1361 2777 caelum:
1404 2735 1639 2778 beatitudo
1664 2748 1777 2789 quae

292 2812 382 2839 non
409 2805 594 2840 aeterna
618 2806 702 2848 est,
730 2806 918 2842 vocatur
942 2799 1123 2854 quidem
1156 2799 1406 2848 beatitudo,
1432 2798 1512 2840 sed
1543 2811 1681 2851 usque
1707 2811 1775 2838 re-

292 2860 489 2914 speffive
515 2875 605 2903 non
631 2870 727 2914 est3
761 2863 921 2904 transit
948 2863 1081 2911 enim,
1109 2868 1156 2903 et
1187 2862 1306 2915 quod
1338 2862 1499 2903 transit
1525 2858 1775 2913 respeffive

293 2919 350 2964 ad
376 2924 418 2964 id
444 2925 564 2978 quod
590 2938 680 2966 non
706 2926 866 2966 transit
893 2931 963 2966 est
989 2925 1102 2966 sicut
1128 2923 1249 2965 nihil.
1310 2924 1483 2965 Dicitur
1507 2922 1553 2964 in
1577 2936 1659 2976 quo
1682 2936 1774 2963 cae-

293 2986 395 3035 lum,
419 2988 520 3040 quia
542 2987 715 3028 caelum
737 2994 806 3029 est
833 2988 876 3028 in
902 2987 1108 3038 homine;
1135 2986 1308 3028 caelum
1330 2986 1449 3040 quod
1475 2991 1606 3027 extra
1631 2985 1774 3026 homi-
