2060 3476
339 372 425 426 640
748 381 1082 416 APOCALYPSIS
1112 382 1412 415 EXPLICATA.

338 494 458 535 enim
484 493 761 547 significatur
783 493 841 536 Se
866 494 1080 544 revelare,
1104 493 1224 548 quo'd
1249 493 1299 535 fit
1321 508 1380 535 ex
1404 493 1568 534 Divino
1595 493 1722 534 Bono
1747 506 1827 548 per

290 552 295 560 ’
338 554 553 595 Divinum
576 554 762 596 Verum.
820 566 933 604 (Quod
948 567 1106 595 Dominus
1118 569 1269 604 appareat
1280 565 1400 603 angelis
1413 565 1446 594 in
1461 565 1550 594 caelo
1564 569 1599 593 ut
1613 565 1678 599 Sol,
1692 568 1723 593 et
1736 565 1825 602 quod

335 613 389 642 illa
409 613 593 651 apparentia
613 614 652 642 sit
675 614 780 643 Divini
801 614 928 643 Amoris
951 615 1063 652 Ipsius,
1078 614 1223 643 videatur
1243 613 1275 642 in
1296 622 1393 651 opere
1415 613 1466 642 De
1483 613 1574 642 Caelo
1590 616 1622 641 et
1641 613 1778 652 Inferna,
1794 621 1826 642 n.

338 665 352 687 1
359 658 455 687 16-12
457 664 475 695 5
485 667 492 693 3
515 663 546 687 et
555 659 644 695 quod
654 658 709 687 lux
718 659 792 688 inde
801 659 839 688 sit
849 659 1000 688 Divinum
1011 659 1140 693 Verum,
1151 668 1188 688 ac
1198 659 1286 695 quod
1298 658 1384 687 calor
1393 658 1467 686 inde
1476 657 1514 686 sit
1525 657 1675 686 Divinum
1687 657 1825 692 Bonum,

335 711 366 731 n.
385 703 595 740 126—140ibi;
618 704 706 740 quod
728 703 844 741 “pax''
868 704 1020 741 significet
1037 704 1217 741 jucundum
1240 703 1373 732 caeleste
1395 703 1483 739 quod
1503 702 1698 731 beatitudine
1718 702 1827 731 intime

335 746 431 776 afficit
445 756 540 776 omne
554 748 686 783 bonum,
702 752 733 777 et
747 749 835 786 quod
855 748 931 778 inde
946 748 1100 786 significet
1114 748 1236 777 caelum
1252 752 1283 777 et
1304 747 1482 777 felicitatem
1497 751 1669 781 aeternam,
1683 746 1827 776 videatur

335 791 367 820 in
382 793 495 821 eodem
511 801 616 830 opere,
632 802 662 822 n.
680 795 837 831 284—29o;
860 798 890 822 et
905 794 993 830 quod
1008 796 1025 807 ‘¹
1036 791 1099 822 filis
1113 793 1237 822 Israelis
1247 792 1263 802 ''
1279 792 1456 830 significent
1476 791 1546 821 illos
1565 791 1620 829 qui
1639 791 1681 821 ab
1695 791 1827 822 ecclesia

335 841 417 871 sunt,
433 837 476 866 ita
490 837 664 872 ecclesiam,
679 838 712 867 in
726 838 866 867 Arcanis
884 838 1080 873 Caelestibus,
1095 846 1126 868 n.
1142 837 1231 876 6426,
1248 839 1336 874 8805,
1351 836 1456 875 9340.)

421 881 501 936 [0.]
544 883 685 936 Apud
709 883 998 933 Ezechielem,

408 965 430 978 “
442 963 544 995 Dabo
558 974 620 996 eos
636 962 701 1006 [et]
723 964 885 996 circuitus
902 964 1003 996 collis
1017 964 1086 996 mei
1102 960 1401 1001 benedictionem,
1416 969 1451 996 et
1467 963 1650 996 demittam
1667 962 1824 1004 pluviam

511 1008 546 1038 in
565 1013 725 1048 tempore
742 1018 819 1046 suo,
839 1008 980 1048 pluviae
1003 1006 1261 1039 benedictionis
1278 1014 1392 1045 erunt,
1412 1013 1495 1040 tunc
1519 1007 1617 1039 dabit
1633 1007 1754 1039 arbor.
1768 1031 1776 1039 .
1789 1031 1798 1040 .
1811 1031 1819 1039 .

508 1049 662 1082 fructum
679 1061 794 1089 suurn,
814 1057 908 1083 terra
923 1051 1019 1083 dabit
1037 1057 1251 1092 proventum
1268 1061 1371 1083 suum
1382 1050 1400 1063 ”
1417 1050 1548 1091 (xxxiv.
1563 1051 1616 1088 26,
1630 1049 1684 1090 27)
1703 1061 1710 1082 :

335 1139 408 1192 qui
425 1138 627 1180 Verbum
645 1139 790 1180 solum
812 1140 856 1180 in
879 1154 1012 1181 sensu
1034 1139 1126 1193 ejus
1149 1139 1341 1181 naturali
1362 1139 1502 1188 videt,
1521 1140 1557 1180 is
1580 1153 1670 1180 non
1692 1138 1824 1180 aliter

335 1201 493 1251 credit,
521 1215 654 1255 quam
680 1202 800 1256 quod
832 1202 955 1252 talia,
982 1217 1096 1257 quae
1127 1203 1171 1244 in
1197 1217 1251 1244 eo
1277 1216 1411 1244 sensu
1437 1203 1659 1251 dicuntur,
1687 1201 1822 1243 intel-

335 1263 535 1317 ligantur
560 1278 638 1318 per
665 1264 1104 1315 “benedictionem‚’'
1130 1265 1249 1320 quod
1276 1278 1438 1319 nempe
1464 1264 1615 1319 pluvia
1641 1265 1823 1306 daretur

334 1326 629 1368 fecundatura
659 1327 818 1369 hortos
849 1334 895 1369 et
926 1341 1074 1382 agros,
1102 1335 1149 1370 et
1175 1328 1236 1369 sic
1264 1328 1383 1382 quod
1404 1328 1547 1368 varbor
1572 1328 1733 1368 datura
1764 1328 1822 1382 sit

334 1387 522 1430 fructum
541 1403 668 1430 suum
686 1396 732 1432 et
755 1397 875 1431 terra
896 1397 1166 1444 proventum
1185 1404 1313 1432 suum
1331 1404 1340 1441 ;
1373 1390 1452 1432 sed
1475 1396 1544 1431 est
1567 1388 1822 1432 benedictio

334 1452 576 1506 spiritualis
591 1467 704 1507 quae
718 1453 987 1507 intelligitur
1004 1467 1012 1494 ε
1037 1467 1114 1507 per
1131 1457 1156 1475 ‘⁴
1168 1453 1365 1507 pluviam
1378 1453 1397 1470 ’'
1412 1454 1530 1495 enim
1546 1452 1824 1507 significatur

334 1529 468 1557 omne
494 1516 705 1556 Divinum
731 1517 851 1570 quod
880 1530 904 1557 e
929 1516 1057 1558 caelo
1082 1530 1108 1557 a
1135 1517 1333 1558 Domino
1359 1516 1500 1557 influit
1527 1516 1644 1570 apud
1676 1515 1821 1557 homi-

334 1591 463 1629 nem;
499 1578 618 1632 quod
650 1593 756 1620 vera
787 1578 1056 1633 productura
1088 1580 1179 1621 sint
1210 1580 1393 1628 bonurn,
1427 1586 1473 1621 et
1504 1579 1623 1633 quod
1654 1579 1821 1620 bonum

333 1640 652 1694 producturum
684 1643 742 1683 sit
773 1655 893 1691 vera,
926 1641 1204 1696 significatur
1235 1656 1314 1696 per
1338 1642 1458 1696 quod
1493 1642 1664 1683 “arbor
1695 1642 1821 1684 dabit

331 1702 519 1746 fructum
557 1713 699 1754 suum,
738 1711 784 1746 et
822 1711 942 1746 terra
982 1711 1252 1758 proventum
1290 1717 1416 1745 suum
1438 1704 1472 1755 ;”
1518 1708 1679 1746 “terra
1693 1704 1713 1720 '’
1750 1707 1847 1746 est³

332 1766 537 1815 ecclesia,
558 1773 604 1809 et
627 1780 802 1821 quoque
823 1767 1048 1808 “hortus”
1092 1765 1166 1806 ubi
1196 1764 1404 1814 arbores;
1447 1778 1525 1818 per
1556 1778 1634 1806 eos
1665 1770 1712 1806 et
1742 1777 1819 1818 per

335 1830 582 1871 “circuitus
601 1830 728 1871 collis
747 1830 872 1880 mei,”
890 1844 1002 1884 quos
1021 1830 1146 1871 dabit
1168 1827 1544 1877 benedictionem,
1564 1827 1819 1882 significan-

331 1898 404 1933 tur
429 1893 654 1934 internum
686 1899 732 1934 et
764 1899 1006 1934 externum
1035 1892 1154 1946 apud
1186 1892 1392 1933 homines
1419 1890 1662 1941 ecclesiae;
1698 1891 1819 1932 “cir—

331 1956 476 1996 cuitus
489 1955 508 1971 ”
534 1955 758 2009 significat
789 1956 834 1996 id
865 1956 985 2010 quod
1017 1962 1152 1997 extra
1182 1969 1260 1996 seu
1291 1954 1402 1995 infra
1433 1960 1518 2002 est,
1546 1959 1593 1994 et
1622 1952 1819 1994 “collis‘’

330 2017 554 2071 significat
577 2019 621 2059 id
639 2019 758 2072 quod
781 2019 900 2060 intra
917 2033 995 2060 seu
1016 2032 1148 2072 supra
1170 2023 1255 2067 est,
1274 2018 1318 2058 in
1340 2017 1489 2071 specie
1511 2016 1583 2056 ubi
1606 2015 1817 2065 charitas,

329 2079 443 2120 haec
474 2080 595 2120 enlm
629 2081 748 2120 intra
777 2086 861 2121 est.
920 2090 1033 2129 (Quod
1053 2087 1200 2120 '‘collis''
1220 2089 1375 2127 significet
1393 2088 1448 2118 ubi
1467 2088 1611 2123 charitas,
1626 2087 1770 2117 videatur
1787 2096 1819 2118 n.

328 2149 557 2188 6435,1o438.)
615 2139 755 2193 Apud
781 2139 1025 2189 Davidem,

398 2222 562 2255 “Beatus
588 2223 706 2254 omnis
731 2223 861 2254 timens
887 2222 1056 2264 Jehovae‚
1085 2228 1120 2254 et
1145 2221 1303 2254 ambulat
1331 2221 1367 2253 in
1393 2221 1460 2253 viis
1490 2220 1626 2261 Ipsius:
1660 2220 1819 2252 laborem

502 2276 671 2297 manuum
686 2272 824 2297 tuarum
838 2266 1003 2297 comedes
1016 2277 1023 2298 :
1048 2267 1172 2298 beatus
1186 2272 1234 2304 tu,
1248 2271 1283 2297 et
1295 2266 1428 2296 bonum
1443 2264 1505 2296 tibi
1521 2273 1527 2301 ;
1553 2274 1644 2296 uxor
1657 2270 1716 2295 tua
1729 2265 1820 2295 sicut

502 2309 584 2341 vitis
601 2308 783 2341 fructifera
798 2310 834 2341 in
854 2310 1022 2341 lateribus
1039 2309 1165 2341 domus
1182 2315 1264 2340 tuae
1278 2318 1285 2346 ;
1311 2308 1370 2340 filii
1388 2309 1438 2340 tui
1455 2308 1545 2340 sicut
1564 2308 1707 2348 plantae
1724 2307 1820 2339 olea-

502 2363 581 2385 rum
605 2353 828 2384 circumcirca
851 2363 994 2384 mensas
1019 2359 1116 2385 tuas:
1150 2362 1229 2384 ecce
1254 2353 1303 2384 sic
1330 2352 1556 2383 benedicetur
1579 2351 1656 2382 viro
1680 2350 1819 2382 timenti

501 2396 695 2438 Jehovam:
721 2397 905 2428 benedicet
921 2396 984 2428 tibi
997 2396 1158 2438 Jehovah
1174 2406 1193 2428 e
1211 2395 1333 2432 Zione,
1349 2401 1388 2426 ut
1400 2395 1522 2426 videas
1538 2395 1672 2426 bonum
1693 2394 1820 2425 Hiero-

502 2440 663 2481 solymae
673 2440 838 2471 omnibus
846 2440 970 2471 diebus
979 2440 1073 2472 vitae
1083 2445 1175 2477 tuae,
1188 2464 1196 2472 .
1209 2464 1217 2472 .
1231 2464 1239 2472 .
1247 2448 1370 2480 pacem
1382 2448 1487 2480 super
1498 2438 1630 2470 Israele
1641 2437 1659 2450 ’'
1668 2437 1815 2478 (psalm.

502 2483 645 2516 cxxviii.
661 2483 735 2522 1-6)
749 2494 755 2516 :

328 2567 400 2609 hic
426 2581 602 2622 quoque
630 2581 709 2621 per
737 2567 1009 2608 “benedici”
1035 2580 1126 2608 non
1152 2566 1423 2620 intelligitur
1452 2567 1657 2608 benedici
1684 2572 1817 2608 natu·

327 2630 495 2679 taliter,
519 2637 568 2671 ut
591 2630 710 2684 quod
736 2629 937 2671 laborem
959 2642 1175 2670 manuum
1197 2642 1375 2670 suarum
1398 2629 1673 2678 comederem
1697 2630 1817 2684 quod

328 2707 444 2734 uxor
464 2693 654 2734 fecunda
679 2698 815 2742 esset,
839 2692 959 2746 quod
985 2692 1061 2733 filii
1087 2692 1217 2734 multi
1244 2693 1409 2734 circum
1434 2705 1613 2733 mensas
1639 2692 1745 2745 ejus,
1770 2698 1816 2734 et

328 2755 449 2810 quod
485 2755 571 2796 hoc
609 2756 654 2796 in
691 2756 830 2796 Zione
867 2761 914 2796 et
952 2756 997 2796 in
1036 2755 1382 2808 Hierosolyma3
1426 2755 1506 2796 sed
1546 2754 1816 2808 intelligitur

329 2819 534 2860 benedici
558 2817 874 2871 spiritualiter:
908 2832 986 2871 per
1010 2819 1263 2859 “timentes
1275 2817 1295 2833 '¹
1318 2818 1437 2858 enirn
1457 2817 1657 2870 Jehovae
1679 2816 1815 2858 intel-

330 2880 532 2935 liguntur
556 2882 630 2934 qui
661 2887 816 2921 amant
847 2880 993 2922 facere
1023 2886 1266 2934 praecepta
1294 2880 1463 2934 Ipsius;
1497 2894 1632 2933 quare
1654 2880 1817 2920 dicitur

333 2944 539 2985 “Beatus
561 2944 726 2984 timens
746 2942 959 2996 Jehovae‚
984 2944 1058 2997 qui
1083 2942 1285 2984 ambulat
1311 2943 1355 2983 in
1377 2943 1457 2983 viis
1485 2942 1592 2995 Ejus
1610 2941 1644 2993 ;''
1678 2945 1812 2982 “arn-

329 3003 482 3048 bulare
504 3007 548 3047 in
570 3007 651 3047 viis
674 3005 781 3059 Ejus
792 3005 811 3022 ”
828 3005 1052 3059 significat
1073 3005 1219 3047 facere
1241 3000 1508 3059 praecepta:
1542 3018 1621 3058 per
1644 3004 1810 3045 “labo-
