2060 3476
303 360 387 402 294
715 355 1047 390 APOCALYPSIS
1079 355 1380 388 EXPLICATA.

302 471 544 526 spiritualis
576 478 646 513 est
678 471 824 512 omnis
855 485 914 512 ex
946 470 1184 518 charitate,
1219 476 1265 511 et
1303 476 1374 511 est
1405 470 1450 510 in
1482 482 1560 510 sua
1592 469 1790 510 essentia

301 535 513 577 charitas.
585 534 794 576 Charitas
826 548 903 575 seu
935 548 1062 575 amor
1092 548 1201 587 erga
1233 533 1503 587 proximum,
1536 538 1607 573 est
1638 545 1790 573 amare

301 612 470 647 verum,
499 599 721 640 sincerum
747 604 794 639 et
816 597 1002 651 justum,
1027 604 1073 639 et
1100 612 1159 639 ex
1185 597 1303 638 velle
1325 596 1473 638 facere
1498 595 1602 647 illa;
1635 596 1789 649 proxi-

301 674 399 702 mus
431 663 550 703 enirn
581 662 626 703 in
657 661 877 716 spirituali
908 675 1042 702 sensu
1073 674 1164 701 non
1196 666 1267 701 est
1304 660 1604 714 unusquisque
1635 660 1787 708 homo,

300 724 380 765 sed
406 731 477 766 est
499 725 543 766 id
565 725 685 779 quod
712 731 783 766 est
809 724 926 778 apud
953 724 1209 765 hominem:
1244 724 1279 764 si
1305 722 1392 764 hoc
1420 724 1477 764 sit
1500 736 1669 771 verum,
1698 724 1789 763 sin-

300 800 451 828 cerum
483 794 530 829 et
557 787 743 841 justum,
772 794 818 828 et
856 787 995 828 homo
1027 801 1085 827 ex
1122 786 1209 826 illis
1247 791 1437 834 amatur,
1472 791 1579 826 tune
1612 793 1790 826 amatur

300 851 546 903 proximus.
609 849 866 903 Quod‘hoc
904 863 983 903 per
1013 844 1286 890 charitatem
1322 849 1366 889 in
1404 848 1623 902 spirituali
1655 862 1789 890 sensu

299 913 596 968 intelligatur,
621 915 807 968 quisque
829 919 983 968 potest
1007 913 1119 954 scire
1146 913 1182 953 si
1207 912 1344 953 modo
1366 910 1582 953 reflectat.
1635 911 1788 955 Unus-

301 977 486 1030 quisque
512 983 636 1018 amat
663 977 857 1017 alterurn
883 989 974 1017 non
1002 982 1189 1029 propter
1215 988 1469 1028 personam,
1498 975 1577 1016 sed
1604 982 1789 1029 propter

299 1039 343 1079 id
375 1040 494 1093 quod
526 1047 596 1081 est
629 1040 747 1093 apud
784 1039 936 1090 illum;
974 1039 1079 1079 inde
1116 1045 1186 1079 est
1218 1039 1363 1078 omnis
1395 1039 1607 1087 amicitia,
1642 1039 1788 1079 omnis

299 1102 438 1151 favor,
467 1109 512 1144 et
540 1103 686 1144 omnis
717 1102 875 1143 honor.
938 1101 1012 1142 Ex
1043 1115 1098 1142 eo
1129 1102 1342 1155 sequitur,
1371 1100 1490 1155 quod
1522 1114 1673 1142 amare
1705 1101 1788 1142 ho-

300 1166 443 1207 mines
470 1180 528 1206 ex
556 1179 676 1214 vero,
706 1166 881 1206 sincero
907 1171 953 1206 et
980 1163 1117 1218 justo,
1145 1178 1258 1218 quae
1285 1164 1403 1218 apud
1434 1163 1550 1213 illos,
1579 1165 1636 1205 sit
1663 1178 1789 1205 amor

299 1228 539 1282 spiritualis
557 1243 566 1279 ;
594 1242 698 1270 nam
716 1241 885 1277 verum,
906 1229 1129 1269 sincerum
1147 1234 1194 1269 et
1207 1227 1378 1281 justum
1396 1227 1642 1281 spiritualia
1665 1234 1784 1277 sunt,

299 1298 404 1333 sunt
427 1293 546 1334 enim
573 1306 596 1333 e
623 1291 751 1333 caelo
777 1306 803 1332 a
830 1292 1053 1332 Domino:
1088 1304 1222 1332 nemo
1249 1291 1366 1332 enim
1394 1291 1575 1345 aliquod
1601 1291 1784 1340 bonum,

299 1355 418 1410 quod
444 1356 612 1396 bonum
638 1356 682 1396 in
710 1369 757 1396 se
784 1362 869 1403 est,
898 1356 1089 1408 cogitat,
1117 1354 1230 1404 vult,
1259 1360 1305 1396 et
1337 1354 1459 1403 facit,
1487 1354 1567 1395 sed
1600 1368 1734 1396 omne
1760 1369 1787 1396 a

299 1419 524 1470 Domino;
555 1433 607 1460 ac
641 1432 809 1467 verum,
843 1419 1066 1459 sincerum
1099 1424 1145 1459 et
1177 1417 1348 1471 justum
1379 1424 1484 1459 sunt
1521 1418 1640 1458 bona
1671 1432 1785 1473 quae

298 1483 342 1523 in
368 1496 416 1524 se
445 1482 564 1524 bona
590 1489 708 1530 sunt,
738 1495 840 1523 cum
865 1495 891 1522 a
918 1474 1128 1522 Domino.
1192 1481 1319 1522 Haec
1347 1494 1464 1522 nunc
1497 1488 1602 1522 sunt
1634 1482 1787 1535 proxi-

299 1559 396 1586 mus
422 1547 465 1586 in
492 1545 709 1599 spirituali
736 1558 896 1594 sensu;
929 1544 1033 1585 inde
1065 1550 1193 1598 patet
1225 1544 1331 1598 quid
1362 1543 1632 1598 intelligitur
1658 1546 1701 1586 in
1733 1559 1788 1586 eo

298 1622 431 1650 sensu
468 1623 546 1663 per
576 1622 728 1649 amare
769 1608 1026 1661 proximum
1060 1621 1137 1648 seu
1171 1621 1249 1661 per
1285 1606 1571 1665 charitatem.
1653 1607 1788 1649 Fides

298 1671 540 1725 spiritualis
578 1671 681 1712 inde
713 1678 797 1719 est,
833 1684 937 1711 nam
969 1684 1103 1711 omne
1137 1670 1257 1724 quod
1294 1676 1471 1711 amatur
1501 1670 1587 1711 hoc
1625 1671 1788 1713 dicitur

297 1748 450 1776 verum
483 1748 585 1776 cum
621 1736 877 1788 cogitatur:
920 1734 1040 1788 quod
1074 1734 1138 1775 ita
1175 1734 1246 1782 sit,
1280 1734 1419 1774 etiam
1456 1735 1642 1788 quisque
1674 1736 1788 1777 scire

297 1805 452 1852 potest
484 1799 520 1839 si
551 1796 756 1846 reflectit,
789 1798 975 1852 quisque
1007 1797 1127 1838 enim
1159 1796 1397 1838 confirmat
1429 1797 1473 1838 id
1511 1797 1631 1851 quod
1662 1805 1787 1840 amat

297 1875 375 1915 per
412 1861 537 1916 plura
573 1861 617 1902 in
652 1861 949 1914 cogitatione,
977 1867 1024 1902 et
1063 1861 1228 1909 omnia,
1269 1874 1347 1914 per
1381 1874 1495 1914 quae
1533 1860 1785 1911 confirmat,

296 1931 433 1966 vocat
459 1938 591 1975 vera;
637 1937 727 1965 non
754 1923 936 1965 aliunde
963 1930 1033 1965 est
1060 1923 1192 1964 alicui
1218 1937 1384 1964 verum.
1447 1923 1558 1964 Inde
1589 1925 1790 1978 sequitur

294 1987 418 2042 ‚quod
449 1986 592 2041 qualis
624 2000 751 2028 amor
781 1987 900 2041 apud
939 1987 1170 2028 hominem
1202 1993 1287 2035 est,
1321 1986 1431 2027 talia
1462 1987 1502 2027 ei
1533 2000 1639 2028 vera
1668 1988 1786 2039 sint3

283 2050 485 2104 'proinde
510 2050 630 2104 quod
656 2051 692 2091 si
718 2063 845 2091 amor
867 2050 1111 2103 spiritualis
1135 2055 1206 2091 est
1232 2049 1351 2103 apud
1378 2062 1494 2097 eum,
1519 2051 1658 2091 etiam
1680 2065 1787 2093 vera

297 2114 387 2155 sint
419 2113 679 2167 spiritualia,
714 2113 825 2154 haec
859 2114 979 2154 enim
1011 2126 1146 2154 unum
1179 2119 1322 2166 agunt
1354 2126 1455 2154 cum
1492 2112 1585 2166 ejus
1616 2127 1782 2156 amore.

297 2175 463 2218 Omnia
498 2190 605 2217 vera
635 2177 680 2216 in
716 2189 805 2216 uno
843 2176 1101 2229 complexu,
1135 2177 1237 2230 quia
1274 2176 1530 2224 creduntur,
1564 2184 1786 2219 vocantur

297 2239 422 2281 fides.
483 2239 595 2280 Inde
622 2245 750 2292 patet
778 2239 898 2292 quod
924 2238 1035 2280 fides
1062 2239 1304 2292 spiritualis
1329 2240 1374 2280 in
1400 2253 1479 2280 sua
1505 2238 1703 2282 essentia
1729 2242 1786 2282 sit

296 2301 507 2344 charitas.
570 2301 698 2343 Haec
725 2302 782 2342 de
807 2301 895 2343 fide
921 2301 1154 2355 spirituali.
1216 2302 1352 2343 Fides
1378 2309 1531 2343 autem
1558 2316 1679 2344 mere
1705 2317 1786 2345 na-.

298 2365 469 2415 tui-alis,
498 2378 589 2406 non
621 2371 691 2405 est
723 2364 835 2406 fides
861 2364 1095 2414 ecclesiae,
1124 2366 1310 2406 tametsi
1339 2364 1450 2406 fides
1476 2372 1679 2415 vocatur,
1707 2367 1787 2409 sed

296 2435 366 2470 est
399 2428 536 2469 modo
567 2428 770 2469 scientia.
847 2427 996 2469 Causa
1031 2428 1152 2482 quod
1190 2441 1280 2468 non
1313 2428 1370 2469 sit
1407 2427 1518 2470 fides
1549 2428 1785 2478 ecclesiae,

295 2498 366 2534 est
392 2492 495 2546 quia
517 2504 607 2543 non
631 2491 838 2544 procedit
857 2505 916 2532 ex
942 2504 1096 2532 amore
1119 2504 1228 2544 erga
1250 2492 1509 2545 proximum
1535 2505 1614 2533 seu
1639 2492 1786 2533 chari-

297 2562 409 2604 tate,
434 2568 547 2609 quae
573 2561 644 2595 est
670 2555 815 2607 ipsum
838 2554 1069 2608 spirituale
1096 2555 1155 2595 e‘x
1182 2568 1270 2608 quo
1296 2554 1420 2604 fides,
1445 2554 1526 2596 sed
1551 2569 1610 2596 ex
1632 2569 1786 2597 amore

296 2617 493 2672 quodam
526 2617 719 2658 naturali
750 2618 823 2671 qui
855 2631 903 2658 se
934 2617 1069 2658 refert
1101 2616 1173 2658 vel
1205 2617 1262 2657 ad
1294 2630 1494 2658 amorem
1526 2619 1593 2658 sui
1623 2618 1696 2659 vel
1728 2618 1787 2659 ad

297 2693 497 2721 amorem
521 2680 701 2730 mundi;
734 2686 781 2720 et
803 2681 1015 2734 quicquid
1037 2694 1096 2721 ex
1123 2680 1191 2721 his
1218 2680 1444 2721 amoribus
1471 2681 1691 2734 procedit,
1715 2687 1786 2723 est

297 2742 515 2784 naturale.
592 2742 737 2783 Amor
779 2743 942 2784 format
984 2743 1188 2796 spiritum
1234 2742 1454 2793 hominis;
1503 2756 1606 2783 nam
1648 2743 1786 2785 homo

296 2807 445 2859 quoad
472 2806 677 2859 spiritum
703 2812 774 2846 est
807 2819 985 2859 prorsus
1011 2806 1126 2846 sicut
1159 2798 1250 2858 ejus
1277 2819 1427 2856 amor;
1461 2806 1565 2846 inde
1591 2808 1783 2859 cogitat,

298 2869 401 2910 inde
429 2868 540 2917 vult,
569 2874 615 2909 et
641 2868 744 2909 inde
771 2869 903 2909 facit:
936 2875 1211 2922 quapropter
1237 2882 1327 2909 non
1353 2868 1472 2909 aliud
1498 2882 1652 2910 verum
1677 2869 1784 2910 facit

298 2945 402 2972 suae
429 2931 531 2972 fidei
562 2944 695 2984 quam
722 2931 841 2984 quod
874 2938 943 2972 est
970 2933 1134 2972 amoris
1160 2931 1278 2984 ejus;
1313 2938 1359 2972 et
1385 2945 1539 2972 verum
1566 2931 1686 2985 quod
1712 2938 1783 2973 est

298 2995 461 3034 amoris
493 2994 557 3034 sui
594 2999 670 3034 aut
709 2994 876 3043 mundi,
915 3000 984 3035 est
1022 3007 1142 3035 mere
1180 2994 1398 3043 naturale,
1431 2995 1532 3048 quia
1564 2995 1687 3035 venit
1725 3008 1784 3035 ex
