2060 3476
672 372 783 413 'CAPg
808 380 854 422 1.‚
878 379 1017 413 VERs.
1040 371 1187 413 8.-—N.
1208 382 1277 425 43.
1667 380 1724 426 47

228 494 312 536 Per
337 493 382 536 id
412 494 565 548 itaque
597 493 819 535 Dominus
847 493 891 534 in
918 492 1088 534 ultimis
1114 498 1212 545 est;
1244 499 1291 534 et
1317 493 1419 548 quia
1444 492 1557 534 haec
1585 493 1724 534 etiam

227 557 392 598 Divina
416 557 536 606 fecit,
565 556 624 598 Se
655 557 700 598 in
732 557 945 597 Divinam
978 557 1235 610 potentiam
1260 557 1450 610 regendi
1481 556 1633 597 omnia
1665 570 1725 597 ex

225 621 378 674 primis
405 634 484 674 per
508 619 668 661 ultima
693 620 891 661 immisit.
953 618 999 661 Si
1031 619 1255 660 Dominus
1287 619 1373 661 hoc
1402 633 1492 660 non
1523 620 1722 669 fecisset,

225 685 430 737 periisset
467 690 654 725 aeterna
691 689 839 724 morte
876 696 1020 737 genus
1057 683 1304 724 humanum
1342 684 1386 724 in
1423 683 1508 725 hac
1546 683 1723 724 tellure.

225 746 314 788 Sed
337 746 424 788 hoc
443 760 657 788 arcanum
679 759 771 787 non
789 746 974 787 ulterius
992 746 1244 796 deducitur,
1264 747 1367 800 quia
1390 746 1517 801 plura
1539 746 1725 787 scienda

225 816 344 858 sunt,
365 824 444 864 per
461 824 574 864 quae
596 810 698 851 idea
714 810 894 851 formari
915 816 962 851 et
983 811 1235 863 comparari
1257 816 1411 863 potest
1430 810 1486 851 de
1504 810 1723 863 regimine

227 873 393 915 Divino
424 888 503 927 per
533 874 694 915 ultima
725 887 785 914 ex
817 874 982 927 primis.
1058 883 1203 922 (Aliquid
1220 888 1328 913 tamen
1345 884 1387 913 ad
1405 884 1601 913 intellectum
1619 884 1727 913 venire

224 940 329 973 potest
343 945 383 965 ex
397 936 456 965 illis
471 945 553 973 quae
567 936 600 965 in
613 936 754 965 Arcanis
772 936 960 965 Caelestibus
974 940 1100 965 ostensa
1113 940 1196 970 sunt,
1212 944 1295 973 quae
1309 940 1382 964 sunt
1395 935 1475 965 haec
1484 936 1633 972 :—Quod
1646 936 1726 965 inte·

225 983 308 1012 riora
320 983 495 1012 successive
506 983 641 1012 influant
654 983 687 1011 in
698 987 836 1017 externa,
849 991 950 1020 usque
961 983 993 1011 in
1005 987 1181 1012 extremum
1195 992 1252 1012 seu
1263 983 1419 1017 ultimum,
1432 987 1463 1012 et
1474 984 1563 1020 quod
1577 983 1618 1012 ibi
1631 983 1725 1013 etiam

226 1030 369 1064 existant,
385 1034 416 1058 et
430 1030 519 1067 quod
535 1030 578 1058 ibi
596 1030 775 1065 subsistant,
790 1039 821 1059 n.
837 1030 906 1068 634,
922 1031 1012 1068 6239,
1027 1030 1116 1067 6465,
1131 1030 1221 1068 9216,
1237 1039 1332 1068 9217:
1352 1030 1441 1067 quod
1459 1039 1524 1059 non
1542 1031 1641 1060 modo
1655 1039 1726 1060 suc-

193 1087 198 1092 ·
225 1077 342 1106 cessive
356 1076 500 1111 influant,
515 1077 572 1105 sed
586 1077 681 1106 etiam
695 1077 832 1106 forment
845 1077 878 1106 in
891 1077 1004 1106 ultimo
1019 1077 1253 1111 simultaneum,
1269 1086 1334 1114 quo
1349 1078 1469 1112 ordine,
1482 1086 1512 1107 n.
1529 1079 1619 1115 5897,
1634 1078 1725 1115 6451,

226 1123 314 1160 8603,
331 1131 445 1161 100993
464 1124 554 1161 quod
570 1123 644 1152 ideo
658 1124 767 1153 omnia
784 1124 932 1153 interiora
949 1124 1171 1154 contineantur
1184 1124 1216 1153 in
1234 1133 1319 1153 nexu
1336 1133 1356 1153 a
1372 1125 1476 1162 primo
1493 1133 1551 1162 per
1567 1125 1725 1160 ultimum,

225 1179 256 1200 n.
268 1172 358 1208 9828,
374 1175 405 1199 et
418 1171 451 1199 in
465 1179 561 1208 opere
579 1171 628 1199 De
646 1170 738 1200 Caelo
752 1174 783 1199 et
796 1171 934 1210 lnferno,
949 1181 980 1201 n.
997 1180 1072 1209 297;
1092 1172 1181 1209 quod
1194 1171 1269 1200 inde
1283 1171 1316 1200 in
1330 1171 1446 1200 ultimis
1461 1172 1500 1200 sit
1513 1172 1611 1201 robur
1624 1176 1655 1201 et
1668 1181 1726 1210 po-

225 1218 331 1252 tentia,
346 1227 378 1248 n.
394 1218 490 1256 9836;
514 1219 603 1255 quod
620 1218 695 1247 inde
712 1218 807 1247 etiam
825 1219 972 1249 ultimum
989 1228 1067 1257 prae
1083 1218 1282 1248 interioribus
1299 1218 1456 1254 sanetum,
1471 1228 1502 1249 n.
1518 1221 1614 1257 9824:
1638 1221 1726 1257 quod

225 1265 299 1294 inde
314 1265 479 1303 “primum
494 1270 525 1294 et
539 1264 713 1294 ultimum''
729 1265 906 1302 significent
924 1266 1041 1301 omnia,
1056 1275 1088 1296 n.
1106 1274 1213 1303 10044,
1231 1274 1339 1303 10329,
1357 1272 1464 1303 10335.
1508 1267 1559 1295 De
1576 1267 1727 1304 gradibus

225 1312 406 1341 successivis
420 1312 452 1341 in
467 1321 549 1349 quos
563 1312 641 1341 caeli
655 1316 728 1341 sunt
743 1312 890 1347 distincti,
906 1318 937 1344 et
951 1314 983 1342 in
998 1322 1079 1351 quos
1094 1313 1188 1342 etiam
1208 1313 1355 1342 interiora
1375 1313 1521 1348 hominis,
1536 1313 1680 1343 videatur
1694 1315 1727 1344 in

226 1372 323 1401 opere
338 1363 390 1392 De
407 1363 499 1393 Caelo
513 1363 695 1402 etInsernO.
710 1372 742 1392 n.
757 1362 822 1401 38.)
884 1355 1061 1396 Dicitur
1092 1355 1230 1395 etiam
1259 1354 1380 1408 quod
1412 1354 1634 1395 Dominus
1666 1356 1724 1397 Sit

176 1463 179 1468 ,
229 1422 538 1475 “Principium
565 1427 611 1462 et
639 1421 763 1462 Finis
780 1420 813 1471 ;''
846 1425 893 1461 et
920 1432 999 1472 per
1019 1418 1064 1459 id
1090 1417 1361 1470 intelligitur
1382 1418 1440 1458 ab
1465 1424 1654 1459 aeterno
1679 1420 1724 1459 in

227 1491 490 1526 aeternum:
523 1485 603 1526 sed
630 1484 716 1525 hoc
744 1497 827 1524 nec
855 1482 1074 1536 explicari
1100 1481 1157 1522 ad
1188 1487 1372 1535 captum
1399 1480 1586 1522 ulterius
1617 1488 1722 1536 pot-

228 1554 298 1589 est
325 1561 460 1602 quam
487 1547 768 1601 explicatum
795 1549 865 1588 est
893 1559 1027 1599 supra
1056 1543 1118 1599 (n.
1146 1544 1236 1599 23),
1265 1558 1380 1610 quae
1405 1545 1658 1586 videantur.

306 1629 398 1674 42.
437 1623 461 1642 ¹¹
473 1619 580 1659 Dicit
603 1619 806 1666 Dominus,
832 1617 902 1671 qui
924 1620 992 1658 est
1012 1620 1057 1657 et
1077 1615 1148 1670 qm·
1172 1616 1251 1656 fuit
1271 1620 1315 1657 et
1335 1616 1407 1670 qui
1433 1618 1727 1657 ventur-us.'¹—

229 1679 364 1732 Quod
399 1678 621 1732 significet
651 1679 707 1720 ab
735 1679 843 1731 Ipso
871 1692 946 1731 qm
982 1684 1051 1718 est
1077 1690 1201 1717 omne
1229 1690 1278 1718 ιη
1307 1677 1510 1718 omnzbus
1539 1677 1653 1718 caelz
1683 1684 1727 1718 et

227 1741 426 1782 ecclesiae
446 1741 502 1782 ab
520 1747 694 1782 aeterno
715 1755 772 1781 zn
781 1747 1020 1789 aeternum,
1039 1746 1083 1780 et
1102 1739 1326 1788 Jelzovah‚
1347 1739 1532 1780 constat
1555 1753 1615 1781 ex
1637 1739 1725 1780 illis

229 1818 342 1858 quae
368 1818 501 1858 supra
530 1802 592 1858 (n.
619 1803 692 1858 23)
722 1803 954 1857 explicata
980 1809 1099 1852 sunt,
1129 1802 1202 1843 ubi
1228 1803 1403 1843 eadem.

306 1888 401 1932 43.
440 1877 555 1923 “Oui
583 1877 860 1930 omnipotens!
865 1876 1070 1929 '—Quod
1101 1876 1323 1929 significet
1352 1890 1410 1917 ex
1438 1876 1508 1926 Se,
1540 1883 1726 1919 constat

230 1954 288 1980 ex
320 1954 388 1989 eo,
423 1940 543 1994 quod
575 1939 685 1980 nulli
716 1939 865 1993 aliqua
901 1939 1109 1992 potentia
1141 1939 1198 1979 sit
1230 1939 1274 1978 in
1307 1938 1444 1980 caelis
1475 1953 1610 1993 quam
1642 1939 1727 1981 soli

231 2004 454 2055 Domino3
487 2017 624 2058 quare
646 2003 798 2057 angeli
825 2009 1005 2043 tantum
1032 2003 1268 2056 potentiae
1295 2009 1415 2051 sunt,
1440 2016 1518 2044 seu
1545 2009 1726 2044 tantum

230 2074 459 2121 potentes,
487 2073 707 2121 quantum
739 2081 765 2107 a
797 2066 996 2107 Domino
1027 2066 1282 2119 accipiunt;
1315 2072 1362 2107 et
1394 2073 1575 2107 tantum
1607 2067 1726 2107 acci-

230 2131 357 2184 piunt
375 2137 595 2184 quantum
613 2131 657 2171 in
677 2130 842 2171 Divino
861 2129 990 2170 Bono
1008 2130 1135 2170 unito
1154 2129 1320 2170 Divino
1338 2129 1462 2170 Vero
1480 2136 1600 2179 sunt,
1621 2143 1726 2171 nam

231 2194 317 2235 hoc
345 2200 415 2235 est
442 2194 663 2235 Dominus
690 2194 734 2234 in
761 2193 903 2234 caelo.
965 2192 1077 2234 Inde
1104 2199 1233 2246 patet
1265 2193 1386 2247 quod
1412 2193 1535 2234 solus
1567 2193 1726 2235 Domi·-

233 2271 314 2298 nus
332 2258 390 2298 sit
412 2264 590 2311 potens,
611 2264 658 2299 et
675 2270 895 2311 nusquam
913 2256 1105 2310 aliquis
1094 2270 1140 2297 1n
1162 2256 1290 2297 caelo
1308 2271 1442 2329 quam
1466 2271 1491 2298 a
1515 2257 1726 2298 Domino.

232 2320 378 2362 Causa
399 2327 483 2370 est,
508 2322 611 2374 quia
637 2321 850 2361 Divinum
878 2320 1061 2361 Domini
1087 2325 1158 2361 est
1185 2333 1320 2361 omne
1346 2322 1391 2361 in
1417 2321 1626 2361 omnibus
1651 2321 1725 2369 ibi,

231 2384 338 2425 facit
370 2385 489 2425 enim
521 2383 697 2425 caelum
728 2385 773 2424 in
805 2384 1049 2432 communi,
1078 2389 1124 2424 et
1156 2383 1276 2437 apud
1307 2385 1651 2438 unumquemvis
1682 2385 1726 2424 in

232 2447 503 2501 particulari.
564 2446 679 2488 Sunt
705 2448 844 2488 etiam
869 2447 1021 2488 omnia
1046 2446 1104 2487 ab
1131 2447 1237 2500 Ipso
1260 2453 1415 2488 creata
1436 2461 1550 2501 quae
1573 2453 1728 2488 creata

233 2516 351 2558 sunt,
384 2511 455 2551 -ita
491 2510 666 2552 caelum
703 2517 750 2552 et
787 2517 921 2559 terra,
957 2510 1078 2564 quod
1116 2511 1254 2550 etiam
1293 2510 1397 2564 Ipse
1434 2511 1571 2551 docet
1607 2510 1727 2564 apud

233 2573 519 2621 Johannem:
1742 2573 1744 2575 ’

302 2671 379 2704 “In
405 2672 578 2713 principio
601 2678 677 2704 erat
692 2672 860 2710 Verbum,
880 2682 920 2704 ac
936 2672 1094 2704 Verbum
1119 2677 1195 2704 erat
1218 2672 1312 2713 apud
1339 2672 1465 2710 Deum,
1486 2678 1521 2704 et
1538 2672 1636 2704 Deus
1654 2678 1729 2705 erat

408 2716 577 2748 Verbum.
632 2741 749 2749 ......
757 2716 890 2748 Omnia
905 2726 968 2757 per
986 2716 1108 2756 Ipsum
1126 2714 1222 2747 facta
1234 2722 1328 2754 sunt,
1345 2723 1379 2748 et
1395 2717 1473 2748 sine
1493 2716 1577 2757 Ipso
1593 2715 1728 2748 factum

406 2766 461 2792 est
478 2760 564 2791 nihil
578 2760 672 2801 quod
687 2758 821 2792 fac'tum
838 2766 904 2792 est.
955 2759 997 2791 In
1017 2759 1101 2800 Ipso
1114 2760 1188 2791 vita
1204 2766 1290 2798 erat,
1307 2766 1342 2791 et
1358 2761 1432 2792 vita
1447 2767 1523 2792 erat
1540 2761 1600 2792 lux
1616 2761 1729 2791 homi-

407 2814 505 2836 num.
560 2828 677 2836 ......
687 2804 731 2835 Et
746 2804 903 2836 Verbum
921 2803 1015 2836 Caro
1038 2802 1172 2835 saetam
1197 2809 1262 2842 est,
1283 2810 1318 2835 et
1341 2804 1514 2835 habitavit
1537 2804 1573 2835 in
1592 2804 1695 2835 nobis
1708 2803 1726 2815 ’¹

408 2847 445 2888 (ἰ.
463 2845 526 2886 ¹¹¹1,
544 2856 574 2886 3,
591 2856 623 2886 4,
643 2847 707 2887 14)-

236 2953 319 2994 Per
341 2952 614 2994 “Verbum'’
636 2938 904 3007 intelligitur
926 2953 1140 2994 Divinum
1163 2952 1335 2994 Verum
1357 2952 1478 3007 quod
1504 2952 1549 2992 in
1572 2950 1722 3001 caelis,

235 3030 261 3057 a
287 3030 375 3070 quo
401 3017 553 3057 omnia
578 3016 638 3057 ibi
663 3023 781 3058 sunt.
843 3015 978 3070 Quod
1003 3016 1114 3058 illud
1141 3017 1198 3058 sit
1226 3016 1447 3058 Dominus
1470 3015 1619 3070 quoad
1646 3014 1726 3055 Di-
