2060 3476
280 336 360 388 298
693 343 1025 377 APOCALYPSIS
1056 344 1354 377 EXPLICATA.

279 458 418 499 etiam
449 458 509 499 ibi
540 458 690 511 agitur
726 458 783 499 de
819 458 1021 507 statutis,
1051 457 1227 511 judiciis
1264 465 1311 500 et
1349 461 1621 514 praeceptis,
1655 475 1769 515 quae

279 521 560 562 observaturi
587 527 704 562 sunt.
766 521 905 575 Apud
932 522 1141 571 eundem,

344 617 380 648 Si
403 617 555 666 fecerint
578 622 712 692 statigta
735 622 771 700 e)t
793 616 936 658 judicia,
956 617 1024 648 erit
1044 617 1229 658 “populus
1254 615 1400 649 sanCtus
1424 617 1613 660 Jehovae”
1631 617 1767 659 (Deutr.

451 670 547 692 xxvi.
568 668 618 699 15,
636 669 651 691 1
679 685 686 699 ‚
703 669 743 701 19
771 670 777 699 ;

278 744 401 811 apuci
426 744 663 793 Davidem,

346 820 623 906 “8αῑιῖἓαὺί]ῐῗιπ
638 821 735 852 bono
759 820 887 852 domus
913 827 1004 859 tuae,
1025 818 1151 852 sand‘to
1175 820 1300 861 templi
1324 820 1404 853 tui''
1420 819 1565 862 (Psalm.
1580 821 1652 854 lxv.
1671 829 1687 860 5
1707 819 1767 868 [B.

514 873 535 903 4

278 952 441 993 dicitur
465 953 692 993 “saturari
718 952 839 993 bono
865 951 1025 992 domus
1049 951 1282 1005 Jehovae’'
1308 958 1355 994 et
1384 950 1581 993 “sancto
1610 952 1769 1006 templi

279 1013 464 1068 Ipsius,”
501 1016 604 1069 quia
643 1015 846 1055 “domus
888 1014 1003 1055 Dei”
1039 1015 1335 1068 in·supremo
1371 1029 1506 1056 sensu
1543 1015 1768 1068 significat

283 1077 524 1118 Dominum
557 1078 706 1132 quoad
740 1078 953 1119 Divinum
986 1077 1176 1127 Bonum,
1210 1091 1261 1119 ac
1298 1078 1588 1133 “templum''
1620 1079 1768 1133 quoad

280 1139 494 1180 Divinum
522 1139 695 1180 Verum
722 1150 880 1197 (videatur
895 1160 925 1180 n.
941 1150 1047 1189 3720).
1104 1139 1244 1193 Apud
1272 1139 1555 1189 Sacharz'am,

347 1240 369 1252 ‘⁸
382 1238 423 1269 In
434 1238 490 1270 die
502 1238 564 1270 illo
575 1239 641 1270 erit
652 1249 759 1279 super
767 1239 1017 1284 tintinnabulis
1028 1248 1212 1280 equorum,
1226 1237 1403 1271 Sanc‘titas
1414 1238 1573 1280 Jehovae
1583 1239 1601 1250 ’'
1612 1238 1769 1279 (xiv.2o);

277 1327 427 1380 agitur
458 1327 516 1368 ibi
550 1327 608 1368 de
640 1328 969 1368 instauratione
1001 1340 1146 1368 novae
1179 1327 1415 1376 ecclesiae,
1450 1334 1496 1369 et
1529 1342 1607 1382 per
1641 1329 1768 1369 “tin-

281 1390 548 1432 tinnabula”
585 1390 896 1462 significantur
933 1391 1182 1432 scientifica
1212 1405 1319 1432 vera
1358 1405 1417 1431 ex
1459 1389 1768 1432 intellectuali

281 1453 414 1492 (Quod
419 1453 673 1482 ‘tintinnabula''
690 1453 865 1491 significent
881 1453 933 1482 illa
947 1462 1030 1488 vera,
1045 1453 1190 1483 videatur
1204 1462 1234 1483 n.
1247 1462 1336 1491 9921
1347 1453 1441 1491 9926;
1466 1458 1496 1482 et
1511 1454 1631 1490 quod“
1643 1453 1768 1490 equus⁰

276 1504 431 1541 significet
445 1503 668 1537 intellectuale,
683 1503 717 1532 in
736 1503 892 1541 opusculo
907 1504 959 1533 De
978 1504 1070 1541 Equo
1083 1503 1172 1538 Albo,
1185 1512 1216 1533 n.
1234 1502 1317 1541 1—4.)
1366 1492 1441 1532 EX
1463 1492 1532 1532 hlS
1555 1498 1768 1533 constare

280 1561 435 1608 potest
462 1554 567 1608 quid
594 1554 970 1608 repraesentabat
998 1561 1043 1596 et
1070 1554 1368 1607 significabat,

344 1650 475 1692 Quod'
467 1661 503 1682 m
518 1645 639 1688 cidari,
660 1661 750 1692 quae
767 1660 874 1691 super
897 1651 1011 1693 capite
1030 1650 1222 1687 Aharonis,
1251 1657 1443 1691 poneretur
1466 1648 1620 1688 bractea,
1641 1651 1695 1682 cui
1720 1651 1772 1681 in-

452 1694 665 1734 sculptum‘
673 1692 870 1726 Sanctitas
894 1694 1083 1736 Jehovae'’
1108 1694 1230 1734 (Exod.
1251 1695 1372 1726 xxviii.
1394 1695 1522 1733 36-38;
1555 1704 1630 1735 cap.
1649 1694 1767 1726 xxxix.

452 1746 504 1777 30.
520 1737 595 1779 31);

279 1826 512 1868 “cidaris”
553 1827 672 1867 enim
714 1825 999 1880 significabat
1041 1826 1311 1880 sapientiam
1351 1840 1465 1880 quae
1507 1832 1576 1867 est
1619 1826 1769 1867 Divini

282 1887 389 1928 Veri
407 1898 565 1936 (videatur
579 1907 609 1928 n.
625 1901 714 1937 9827.
730 1899 850 1937 9949):
878 1894 975 1928 tum
992 1887 1176 1942 'quoque
1198 1887 1304 1942 quid
1321 1887 1700 1941 repraesentabat
1723 1893 1769 1928 et

278 1948 579 2002 significabat,

345 2047 449 2089 Quod
466 2053 686 2088 ungerentur
703 2047 783 2079 oleo
801 2047 960 2085 Aharon,
976 2047 1049 2084 filii,
1063 2053 1182 2078 vestes
1200 2056 1335 2083 eorum.
1350 2046 1472 2083 altare,
1487 2046 1766 2082 tabernaculum,

453 2101 532 2122 cum
550 2091 700 2131 singulis
718 2091 777 2128 ibi,
793 2097 827 2122 et
843 2091 894 2122 sic
915 2092 936 2105 “
948 2089 1282 2122 sanfflficarentur”
1300 2089 1423 2130 (Exod.
1441 2090 1536 2122 xxix.
1554 2090 1658 2129 1-36;
1689 2099 1767 2130 cap.

452 2145 534 2166 xxx.
550 2132 710 2174 [¹122-3o:
738 2134 846 2166 Levit.
860 2134 933 2166 viii.
951 2143 965 2165 1
980 2134 1024 2165 ad
1039 2133 1135 2174 fin.);

282 2221 501 2263 “oleum'’
528 2223 646 2263 enim
674 2221 959 2275 significabat
993 2221 1205 2262 Divinum
1238 2221 1413 2275 Bonum
1447 2221 1597 2262 Divini
1624 2221 1769 2262 Amo-

279 2286 351 2334 ris,
384 2291 430 2326 et
460 2283 828 2326 “sanctificatio''
856 2285 1067 2325 Divinum
1101 2285 1376 2338 procedens;
1420 2298 1524 2325 nam
1557 2284 1770 2325 Divinum

279 2347 456 2389 Bonum
472 2354 541 2388 est
556 2348 675 2401 quod
691 2346 957 2396 sanctificat,
972 2360 1022 2388 ac
1041 2347 1252 2387 Divinum
1266 2347 1435 2387 Verum
1448 2354 1517 2388 est
1532 2347 1651 2401 quod
1667 2347 1770 2388 inde

280 2417 350 2452 est
373 2409 592 2451 sanctum.
655 2410 790 2463 Quod
815 2408 1092 2451 “sanctum”
1114 2410 1290 2451 dicatur
1315 2410 1371 2451 de
1397 2410 1635 2459 charitate,
1660 2423 1769 2451 con-

279 2480 402 2515 stare
425 2480 578 2527 potest
603 2488 662 2514 ex
684 2474 771 2514 illis
798 2487 911 2527 quae
935 2487 1066 2526 supra
1089 2473 1144 2514 de
1171 2472 1345 2526 angelis
1368 2473 1482 2514 caeli
1508 2471 1628 2514 dieta
1650 2480 1768 2522 sunt,

279 2537 400 2592 quod
427 2551 590 2590 nempe
613 2538 702 2577 sint
726 2538 799 2591 qui
829 2536 928 2590 plus
953 2537 1174 2590 recipiunt
1199 2536 1411 2577 Divinum
1435 2536 1610 2577 Bonum
1636 2549 1770 2590 quam

280 2600 494 2642 Divinum
518 2600 703 2649 Verum,
732 2606 778 2641 et
805 2600 925 2654 quod
952 2600 1042 2640 sint
1074 2600 1147 2653 qui
1179 2599 1278 2653 plus
1304 2600 1525 2653 recipiunt
1559 2599 1770 2639 Divinum

279 2663 452 2704 Verum
475 2677 610 2717 quam
629 2663 842 2703 Divinum
861 2662 1063 2703 Bonum:
1097 2663 1170 2716 qui
1193 2662 1291 2716 plus
1314 2663 1534 2715 recipiunt
1557 2661 1770 2702 Divinum

279 2727 458 2768 Bonum
498 2740 632 2780 quam
674 2726 886 2767 Divinum
920 2726 1106 2774 Verum,
1148 2725 1212 2766 illi
1257 2726 1541 2766 constituunt
1581 2738 1770 2778 regnum

279 2789 479 2831 caeleste
512 2789 708 2838 Domini,
742 2790 816 2842 qui
848 2795 952 2829 su'nt
984 2789 1058 2842 qui
1093 2789 1138 2828 in
1169 2800 1322 2828 amore
1353 2788 1397 2828 in
1431 2787 1688 2835 Dominum,
1723 2793 1769 2827 et

279 2853 382 2907 quia
407 2853 452 2893 in
478 2865 632 2893 amore
658 2853 701 2892 in
735 2852 979 2892 Dominum
1013 2857 1116 2892 sunt
1142 2857 1364 2891 vocantur
1393 2850 1534 2903 “justi
1551 2849 1586 2900 ;'’
1617 2856 1664 2890 at
1696 2850 1769 2902 qui

279 2916 379 2970 plus
404 2917 625 2970 recipiunt
653 2915 865 2956 Divinum
892 2914 1063 2955 Verum
1090 2927 1224 2968 quam
1251 2914 1463 2954 Divinum
1491 2913 1680 2961 Bonum,
1704 2912 1769 2953 illi

280 2980 565 3021 constituunt
604 2991 794 3032 regnum
834 2977 1065 3032 spirituale
1106 2977 1303 3026 Domini,
1346 2978 1419 3031 qui
1464 2982 1568 3017 sunt
1609 2975 1682 3029 qui
1722 2976 1767 3015 in
