2060 3476
287 355 302 385 1
313 344 365 386 82
697 353 1031 387 APOCALYPSIS
1062 354 1362 387 EXPLICATA.

283 465 579 520 ‘·sculptilia‘’
611 471 658 507 et
693 465 885 507 “idola”
916 466 1174 520 significant
1210 467 1323 508 salsa
1359 481 1473 521 quae
1504 481 1563 508 ex
1595 468 1774 522 propria

280 529 588 583 intelligentia
606 543 615 580 ;
638 533 663 549 “
677 530 910 571 mercedes
926 531 1208 571 meretriciae
1221 530 1240 546 ''
1255 536 1360 571 sunt
1380 531 1667 583 cognitiones
1681 531 1773 572 veri

281 599 328 634 et
349 593 456 634 boni
478 606 589 646 quas
606 592 921 646 applicuerunt
943 593 1065 634 falsis
1083 599 1130 635 et
1149 593 1278 634 malis
1297 599 1343 634 et
1362 593 1423 634 sic
1442 599 1771 647 perverterunt.

282 655 422 709 Apud
448 655 711 705 Hosclzeam,

347 751 501 784 Locutus
518 757 573 784 est
596 751 758 794 Jehovah
781 752 826 784 ad
853 752 1082 793 Prophetam,
1106 753 1266 793 “Accipe
1291 752 1354 784 tibi
1378 752 1562 784 mulierem
1588 753 1774 784 scortatio-

454 796 1029 882 ⁸111‘13111113:3131'2'e(1{0s2)s.cortationum,
1046 797 1129 838 quia
1145 796 1337 828 scortando
1350 802 1528 828 scortatur
1544 802 1640 828 terra
1655 806 1677 828 a
1692 802 1775 837 post

282 941 360 981 per
401 927 487 969 hoc
529 934 921 982 repraesentatum
962 934 1032 969 est
1077 927 1220 983 qualis
1265 927 1460 969 ecclesia
1499 933 1613 978 erat,
1652 928 1773 982 quod

282 1004 446 1045 nempe
471 997 573 1032 tota
598 993 642 1032 in
669 991 804 1032 falsis.
866 991 1005 1045 Apud
1032 992 1240 1049 eundem,

350 1087 374 1102 ‘⁰
387 1087 585 1119 Peccarunt
603 1087 714 1127 Mihi;
738 1087 889 1128 gloriam
907 1097 1029 1119 eorum
1048 1087 1084 1119 in
1109 1087 1344 1128 ignominiam
1362 1093 1568 1119 convertam
1582 1097 1607 1127 ;.
1621 1113 1629 1120 .
1643 1113 1651 1120 .
1665 1097 1775 1120 .scor-

455 1132 622 1163 tabantur
625 1156 716 1170 .....
725 1132 806 1172 quia
821 1131 995 1173 Jehovam
1012 1131 1291 1172 dereliquerunt.
1305 1156 1313 1164 .
1327 1156 1335 1164 .
1349 1141 1376 1169 .;
1401 1132 1582 1170 scortatio,
1598 1132 1720 1163 vinum
1739 1137 1775 1163 et

455 1182 611 1207 mustum
627 1175 811 1215 occupavit
827 1185 888 1206 cor
901 1185 925 1214 ;.
939 1200 946 1207 .
961 1200 968 1207 .
982 1181 1199 1207 ,scortantur
1223 1175 1314 1207 filiae
1338 1182 1490 1214 vestrae,
1510 1181 1546 1207 et
1570 1185 1679 1207 nurus
1696 1185 1775 1207 ves-

457 1225 532 1251 trae
548 1219 793 1251 adut-terantur
804 1218 823 1231 ”
839 1219 898 1260 (iv.
914 1226 944 1258 7,
959 1227 1010 1258 10,
1026 1228 1077 1258 11,
1094 1217 1203 1262 [13]):

286 1308 557 1356 “scortatio,
577 1308 729 1348 vinum
753 1313 799 1348 et
819 1313 1017 1348 mustum
1030 1307 1050 1323 ”
1066 1313 1171 1349 sunt
1188 1307 1425 1348 falsificata
1443 1321 1574 1357 vera;
1611 1310 1772 1348 “scor-

283 1370 430 1412 tatio''
462 1377 533 1411 est
574 1371 671 1424 ipsa
711 1369 979 1419 falsificatio,
1016 1370 1237 1411 “vinum’'
1268 1377 1338 1412 est
1374 1371 1535 1412 falsum
1571 1371 1772 1418 interius,

285 1433 552 1475 “mustum”
584 1440 654 1475 est
686 1433 847 1475 falsum
879 1435 1108 1485 exterius;
1154 1433 1308 1476 “filiae
1339 1448 1453 1488 quae
1485 1432 1774 1475 scortantur”

283 1504 388 1538 sunt
414 1497 534 1538 bona
560 1498 652 1538 veri
684 1511 919 1551 perversa;
954 1501 1127 1538 “nurus
1158 1496 1642 1551 quae-adulterantuff
1668 1502 1773 1537 sunt

284 1560 403 1602 mala
430 1558 670 1613 conjuncta
695 1560 816 1601 falsis
842 1560 959 1602 inde.
1021 1560 1160 1614 Apud
1184 1560 1388 1610 Esaiam,

349 1659 375 1674 ‘⁴
388 1658 463 1690 Fiet
486 1668 508 1689 a
524 1658 593 1689 fine
610 1658 837 1698 septuaginta
859 1668 1036 1690 annorum
1054 1658 1215 1690 visitabit
1237 1657 1400 1700 jehovah
1425 1658 1571 1699 Tyrum,
1590 1664 1630 1690 ut
1653 1657 1775 1690 redeat

458 1702 503 1733 ad
521 1702 721 1733 mercedem
739 1703 976 1734 meretriciam
995 1712 1108 1740 suam,
1128 1708 1163 1734 et
1180 1708 1356 1734 scortetur
1372 1712 1451 1734 cum
1469 1703 1636 1734 omnibus
1654 1702 1774 1742 regnis

457 1752 572 1777 terrae
589 1755 697 1786 super
713 1746 870 1777 faciebus
888 1746 983 1777 orbis
999 1755 1006 1784 ;
1032 1746 1176 1777 tandem
1202 1746 1269 1777 erit
1293 1752 1493 1778 mercatura
1509 1746 1587 1787 ejus
1607 1744 1659 1789 [et
1683 1756 1775 1778 mer-

457 1799 516 1821 ces
533 1789 732 1821 meretricia
748 1787 842 1831 ejus]
861 1788 1026 1821 sanctum
1042 1789 1202 1832 Jehovae
1213 1788 1231 1802 ”
1249 1789 1358 1830 (xxiii.
1375 1797 1426 1829 17,
1449 1790 1521 1830 18):

287 1877 472 1930 “Tyrus
487 1877 506 1893 ''
532 1878 576 1918 in
609 1876 765 1918 Verbo
791 1884 861 1919 est
888 1877 1082 1919 ecclesia
1113 1877 1263 1932 quoad
1290 1878 1576 1932 cognitiones
1602 1878 1695 1925 veri
1726 1884 1773 1919 et

283 1942 416 1992 boni;
452 1944 662 1982 “merces
690 1941 974 1982 meretricia''
1000 1948 1104 1982 sunt
1137 1941 1324 1982 eaedem
1356 1941 1612 1995 applicatae
1643 1940 1773 1982 malis

284 2011 330 2046 et
367 2003 489 2045 falsis
529 2004 857 2057 pervertendo;
913 2007 1203 2045 “mercatura
1247 2003 1370 2057 ejus’‘
1406 2010 1476 2045 est
1520 2004 1774 2045 venditatio

284 2081 463 2118 earum;
508 2068 732 2108 “scortari
773 2080 874 2108 cum
915 2067 1123 2108 omnibus
1162 2068 1312 2120 regnis
1353 2067 1530 2108 terrae'¹
1567 2073 1637 2108 est
1670 2080 1772 2108 cum

285 2131 492 2171 omnibus
524 2136 570 2171 et
602 2130 789 2183 singulis
815 2131 931 2171 veris
963 2130 1206 2181 ecclesiae;
1250 2129 1370 2184 quod
1405 2133 1696 2171 “mercatura
1726 2138 1774 2172 et

285 2207 458 2235 merces
490 2194 744 2234 meretricia
779 2193 927 2234 sutura
963 2195 1020 2234 sit
1057 2192 1262 2234 sanetum
1291 2193 1533 2246 Jehovae‚''
1565 2200 1635 2234 est
1671 2195 1774 2248 quia

285 2271 364 2311 per
380 2256 479 2297 illas
498 2256 807 2309 significantur
824 2257 1110 2310 cognitiones
1132 2258 1225 2298 veri
1243 2263 1290 2298 et
1311 2257 1418 2298 boni
1440 2257 1497 2297 ab
1519 2256 1606 2298 illis
1629 2257 1772 2310 appli-

286 2326 416 2361 catae
443 2319 564 2360 falsis
590 2325 636 2360 et
664 2319 818 2360 malis:
853 2326 899 2360 et
926 2319 1064 2361 homo
1090 2334 1169 2374 per
1195 2320 1314 2373 ipsas
1342 2321 1629 2373 cognitiones
1654 2322 1699 2361 in
1725 2334 1773 2362 se

285 2381 514 2437 spectatas
546 2389 699 2436 potest
726 2396 909 2436 sapere;
942 2396 1046 2424 nam
1074 2384 1360 2436 cognitiones
1391 2390 1496 2424 sunt
1528 2384 1675 2424 media
1700 2397 1772 2424 sa-

286 2446 452 2500 piendi,
481 2452 527 2487 et
559 2460 737 2499 quoque
768 2452 873 2487 sunt
905 2446 1054 2487 media
1079 2447 1356 2497 insaniendi;
1390 2453 1494 2488 sunt
1526 2447 1675 2488 media
1705 2448 1773 2488 in-

287 2509 491 2550 saniendi
528 2522 630 2550 cum
666 2509 960 2550 falsificantur
995 2523 1074 2563 per
1109 2509 1439 2563 applicationes
1475 2510 1532 2551 ad
1569 2510 1690 2552 mala
1725 2516 1773 2552 et

285 2572 422 2614 falsa:
456 2572 601 2613 simile
628 2572 907 2625 significatur
931 2586 1010 2626 per
1035 2572 1159 2622 illud,
1187 2573 1308 2627 quod
1334 2587 1413 2627 per
1438 2574 1559 2628 quod

474 2669 646 2701 Facerent
662 2669 729 2700 sibi
746 2669 880 2710 amicos
897 2679 942 2701 ex
958 2668 1092 2710 injusto
1110 2679 1315 2702 mammone
1332 2668 1428 2710 (Luc.
1442 2670 1515 2703 xvi.
1528 2669 1562 2711 9)
1576 2679 1583 2709 ;

1433 2752 1439 2769 Ι

284 2769 332 2804 et
358 2776 436 2816 per
461 2762 581 2817 quod
607 2763 874 2804 mandatum

351 2852 401 2884 Ut
417 2858 540 2884 mutuo
556 2853 758 2893 acciperent
775 2854 819 2884 ab
833 2854 1022 2895 Aegyptiis
1040 2864 1176 2892 aurum,
1193 2860 1380 2896 argentum
1397 2861 1434 2887 et
1446 2860 1576 2894 vestes,
1592 2860 1628 2887 et
1643 2855 1695 2887 eis
1711 2864 1758 2887 au

457 2896 592 2928 ferrent
607 2896 730 2937 (Exod.
745 2897 793 2929 iii.
811 2905 874 2936 22;
898 2908 974 2939 cap.
987 2898 1048 2931 xii.
1064 2906 1116 2938 35,
1131 2898 1206 2939 36);

285 2997 364 3038 per
397 2984 720 3039 “Aegyptios’'
746 2986 864 3028 enim
897 2986 1209 3040 significantur
1240 2986 1486 3030 scientifica
1512 2987 1658 3028 omnis
1689 2962 1770 3041 ge-
