2060 3476
291 324 374 377 458
705 332 1038 366 APOCALvPffls
1070 325 1369 366 EXPLICATA.

359 445 465 478 Pater
480 445 523 477 de
541 445 612 477 filio
631 445 792 486 prodigo,
813 446 871 487 qui
890 456 1054 478 reversus
1071 447 1328 487 paenitentiam
1345 447 1461 479 cordis
1478 447 1562 488 egit.
1581 447 1712 486 dixit,“
1724 447 1781 480 Ef-

467 489 556 520 ferte
569 489 698 520 stolam
712 489 915 529 primariam
930 495 964 521 et
978 490 1111 521 induite
1123 490 1234 527 illum,
1251 496 1286 522 et
1303 491 1384 522 date
1397 491 1569 522 annulum
1581 491 1617 522 in
1635 501 1781 523 manum

467 533 557 573 ejus,
577 538 612 564 et
629 533 768 564 calceos
785 542 892 573 super
915 533 1015 573 pede,
1035 539 1071 565 et
1094 534 1256 565 adducite
1281 534 1431 565 vitulum
1455 534 1669 574 saginatum,
1690 545 1784 567 mac-

467 582 550 614 tate,
569 582 607 608 ut
623 576 850 608 comedentes
868 576 1068 608 laetemur'’
1085 577 1155 617 (xv.
1173 585 1225 615 22,
1240 577 1316 617 23);

294 685 368 738 qui
395 684 531 725 modo
557 677 737 726 sensum
760 684 940 726 litterae
966 686 1066 734 scit,
1091 686 1235 726 credit
1262 685 1383 739 quod
1410 699 1499 727 non
1526 686 1689 727 altiora
1711 686 1782 727 hic

295 746 486 797 lateant,
514 761 648 802 quam
674 762 788 802 quae
819 750 863 789 in
886 763 940 790 eo
966 762 1100 789 sensu
1126 755 1346 799 exstant;
1379 762 1480 789 cum
1512 755 1666 790 tamen
1693 750 1783 790 sin-

294 810 402 863 gula
441 811 678 852 involvunt
719 811 962 862 caelestia;
1015 812 1130 852 sicut
1175 811 1296 865 quod
1340 812 1616 853 “induerent
1658 811 1784 853 illum

294 874 415 916 stola
441 875 689 929 primaria‚”
715 875 835 929 quod
864 875 1064 923 “darent
1086 874 1301 915 annulum
1323 875 1368 916 in
1395 888 1576 916 manum
1603 875 1710 929 ejus,
1737 882 1784 917 et

295 937 474 979 calceos
507 952 639 992 super
670 938 801 992 ped-e,
829 944 875 979 et
907 937 1187 978 adducerent
1214 937 1405 978 vitulum
1435 939 1706 991 saginatum,
1735 945 1783 980 ut

296 1000 593 1042 comedentes
626 999 956 1041 laetarentur:’'
988 1014 1067 1054 per
1101 999 1276 1041 “filium
1313 1001 1551 1054 prodigum
1564 1001 1582 1016 ”
1615 1001 1783 1042 intelli-

295 1069 462 1116 guntur
487 1064 561 1116 qui
593 1063 773 1104 divitias
802 1063 1071 1117 spirituales,
1100 1077 1213 1117 quae
1245 1070 1349 1104 sunt
1381 1065 1666 1117 cognitiones
1692 1065 1783 1105 veri

295 1133 341 1166 et
368 1126 487 1173 boni,
513 1126 785 1179 prodigunt;
818 1140 897 1180 per
921 1126 1153 1167 “reditum
1179 1125 1237 1167 ad
1263 1133 1439 1180 patrem
1466 1133 1511 1168 et
1539 1127 1782 1168 confessio-

296 1202 398 1229 nem
420 1188 545 1242 ‘quod
578 1202 668 1230 non
694 1190 857 1242 dignus
884 1196 1005 1230 esset
1031 1190 1182 1230 vocari
1210 1189 1324 1230 filius
1350 1189 1482 1243 ejus,”
1508 1189 1785 1243 significatur

296 1252 576 1305 paenitentia
603 1252 749 1292 cordis
776 1258 822 1293 et
850 1251 1128 1304 humiliati03
1162 1266 1240 1306 per
1265 1252 1470 1293 “stolam
1498 1252 1786 1306 primariam”

294 1328 382 1368 qua
412 1315 684 1364 indueretur,
712 1314 1024 1368 significantur
1049 1315 1305 1356 communia
1336 1322 1381 1356 et
1415 1316 1623 1369 primaria
1651 1329 1783 1365 vera;

295 1391 374 1430 per
404 1377 657 1418 “annulum
689 1391 821 1431 super
852 1377 1066 1436 manum''
1098 1377 1375 1431 significatur
1407 1376 1662 1430 conjunctio
1693 1379 1785 1419 veri

295 1447 341 1481 et
360 1440 465 1482 boni
483 1441 527 1481 in
546 1441 725 1481 interno
743 1454 820 1481 seu
838 1440 1058 1494 spirituali
1080 1440 1262 1481 homine
1280 1455 1288 1490 ;
1322 1455 1400 1494 per
1421 1440 1636 1482 “calceos
1654 1455 1786 1495 super

295 1504 410 1557 pede
423 1503 442 1518 ’'
469 1503 746 1557 significatur
772 1503 932 1544 eadem
958 1504 1002 1544 in
1029 1510 1222 1544 externo
1249 1517 1326 1544 seu
1353 1503 1547 1544 naturali
1574 1503 1783 1554 homine;

295 1581 374 1621 per
400 1574 637 1620 utrumque
666 1566 751 1608 hoc
778 1567 1090 1620 regeneratio;
1124 1581 1203 1620 per
1231 1566 1460 1608 “vitulum
1487 1567 1785 1620 saginatum‚”

295 1631 463 1671 bonum
486 1630 650 1670 amoris
673 1636 719 1670 et
742 1629 977 1670 charitatis
996 1644 1005 1680 ;
1039 1636 1084 1670 et
1112 1644 1190 1683 per
1215 1630 1490 1671 “comedere
1513 1636 1559 1671 et
1586 1629 1786 1679 laetari,‘'

295 1693 577 1734 consociatio
602 1699 648 1734 et
674 1693 888 1747 gaudium
915 1692 1126 1734 caeleste.
1188 1692 1326 1747 Apud
1352 1693 1612 1742 Jeremiam,

364 1794 387 1807 “
398 1792 500 1825 Dabo
524 1793 619 1825 viros
646 1798 890 1832 transgressos
916 1791 1041 1824 foedus
1067 1802 1197 1830 meum,
1225 1793 1284 1834 qui
1309 1803 1382 1824 non
1408 1793 1654 1824 stabiliverunt
1678 1794 1787 1825 verba

470 1836 625 1868 foederis
639 1836 732 1878 quod
750 1836 920 1867 ferierunt
936 1846 1054 1867 coram
1075 1836 1145 1874 Me,
1162 1836 1261 1868 vituli
1279 1846 1381 1877 quem
1400 1837 1629 1868 conciderunt
1646 1837 1682 1868 in
1698 1837 1786 1868 duas

468 1886 507 1912 ut
523 1880 717 1923 transirent
734 1880 826 1911 inter
842 1886 960 1920 partes
978 1879 1066 1920 ejus,
1083 1880 1260 1920 principes
1273 1880 1432 1921 Jehudae
1449 1885 1485 1912 et
1501 1880 1678 1921 principes
1698 1879 1787 1911 Hie-

470 1924 683 1964 rosolymae,
701 1924 883 1955 ministros
901 1924 1018 1964 regios
1036 1930 1071 1955 et
1087 1924 1301 1961 sacerdotes,
1317 1930 1352 1955 et
1368 1933 1512 1955 omnem
1530 1924 1700 1964 populum
1717 1929 1787 1955 ter-

470 1977 540 2005 rae,
557 1974 782 1999 transeuntes
796 1967 888 1999 inter
901 1974 1018 2008 partes
1032 1967 1144 2005 vituli,
1161 1973 1196 1998 et
1209 1968 1301 1999 dabo
1318 1967 1398 1998 illos
1416 1967 1451 1998 in
1466 1977 1610 1999 manum
1627 1967 1785 1999 hostium

469 2021 592 2042 eorum
598 2035 689 2048 .....
697 2016 736 2042 ut
759 2011 805 2042 sit
828 2011 980 2043 cadaver
996 2020 1118 2042 eorum
1143 2011 1179 2042 in
1204 2011 1320 2042 cibum
1344 2011 1401 2042 avi
1426 2011 1602 2042 caelorum
1615 2010 1633 2022 ”
1650 2011 1783 2051 (xxxiv.

472 2055 592 2094 18-20)
606 2064 613 2093 ς

296 2154 401 2209 quid
433 2154 491 2195 sit
526 2154 719 2195 “foedus
750 2153 917 2202 vituli,'’
949 2160 995 2195 et
1028 2153 1132 2208 quid
1169 2154 1226 2195 sit
1259 2154 1449 2195 transire
1480 2154 1598 2195 inter
1633 2159 1786 2208 partes

296 2218 403 2272 ejus,
432 2230 566 2259 nemo
592 2217 704 2257 scire
737 2223 891 2270 potest
919 2217 1001 2257 nisi
1028 2218 1141 2258 sciat
1168 2216 1273 2271 quid
1300 2216 1524 2270 significat
1554 2216 1787 2265 “soedus,‘’

296 2281 402 2335 quid
427 2279 671 2329 “vitulus,”
694 2280 798 2333 quid
824 2278 1003 2320 “sectio
1025 2279 1117 2332 ejus
1142 2280 1187 2320 in
1210 2280 1320 2320 duas
1347 2280 1539 2333 partes,’'
1562 2286 1658 2321 tum
1681 2279 1787 2334 quid

299 2348 325 2365 ‘¹
338 2343 560 2398 principes
573 2342 775 2396 Jehudae
793 2348 839 2383 et
859 2341 1245 2396 Hierosolymae,”
1263 2344 1491 2384 “ministri
1509 2342 1659 2396 regii‚'’
1676 2347 1701 2364 “
1714 2356 1786 2384 sa-

296 2405 547 2454 cerdotes,”
561 2412 608 2446 et
627 2405 856 2459 “populus
875 2405 1066 2456 terrae;'’
1081 2412 1210 2459 patet
1227 2406 1346 2460 quod
1362 2420 1574 2447 arcanum
1588 2405 1786 2448 caeleste

296 2469 384 2510 sit:
428 2468 515 2509 hoc
543 2482 681 2521 usque
713 2467 907 2521 intelligi
939 2474 1094 2522 potest
1121 2482 1222 2509 cum
1248 2470 1389 2510 scitur
1414 2469 1533 2523 quod
1564 2469 1786 2510 “foedus''

296 2532 354 2573 sit
387 2529 655 2583 conjunctio,
693 2530 901 2571 “vitulus
916 2530 936 2546 '’
967 2531 1150 2580 bonum,
1187 2531 1391 2573 “vitulus
1422 2530 1569 2573 seetus
1601 2532 1644 2573 in
1676 2532 1786 2573 duas

296 2594 480 2649 partes''
498 2594 665 2634 bonum
684 2594 936 2647 procedens
957 2608 983 2635 a
1007 2594 1204 2635 Domino
1222 2595 1279 2635 ab
1295 2608 1383 2635 una
1405 2601 1533 2649 parte
1551 2601 1597 2636 et
1619 2595 1787 2636 bonum

295 2662 530 2710 receptum
562 2656 619 2697 ab
650 2656 833 2697 homine
863 2656 920 2697 ab
945 2656 1103 2705 altera,
1132 2657 1250 2698 unde
1276 2656 1560 2710 conjunctim
1594 2664 1640 2699 et
1667 2658 1787 2712 quod

299 2721 560 2775 “principes
582 2719 785 2773 Jehudae
812 2726 858 2760 et
886 2719 1248 2773 Hierosolymae‚
1273 2721 1464 2761 ministri
1489 2722 1613 2774 regii,
1637 2734 1786 2762 sacer-

258 2836 263 2841 ·
296 2784 444 2832 dotes,
469 2789 515 2824 et
537 2781 727 2836 populus
750 2782 936 2831 terrae,‘’
955 2783 1045 2823 sint
1067 2782 1188 2822 bona
1210 2788 1257 2823 et
1279 2797 1385 2824 vera
1404 2797 1517 2837 quae
1541 2783 1785 2834 ecclesiae;

295 2853 343 2888 et
365 2846 485 2900 quod
506 2845 733 2886 “transire
755 2846 873 2886 inter
895 2851 1047 2898 partes
1059 2845 1077 2860 ''
1095 2846 1153 2886 sit
1171 2845 1468 2898 conjungere:
1502 2860 1561 2887 ex
1583 2846 1652 2887 his
1675 2859 1786 2899 cog-

296 2909 402 2950 nitis
424 2909 526 2949 sciri
548 2914 702 2962 potest
723 2908 842 2961 quod
866 2922 1023 2949 sensus
1045 2908 1247 2949 internus
1270 2907 1429 2949 horum
1451 2909 1688 2950 verborum
1710 2909 1783 2956 sit,

295 2970 415 3024 quod
438 2970 561 3011 nulla
578 2976 698 3012 esset
717 2969 973 3023 conjunctio
995 2984 1073 3024 per
1089 2970 1208 3012 bona
1231 2976 1277 3012 et
1295 2984 1400 3012 vera
1422 2970 1640 3012 ecclesiae
1662 2971 1781 3025 apud
