2060 3476
259 356 312 400 50
671 354 1007 388 APOCALYPSIS
1037 355 1337 388 EXPLICATA.

249 475 358 496 verum
381 466 475 496 etiam
497 466 557 496 sint
578 466 672 496 frater
692 471 723 496 et
743 476 842 502 soror,
858 476 923 505 quo
937 467 1093 505 respectu,
1109 476 1139 497 n.
1157 465 1278 505 [¹12508,
1296 474 1384 505 2524,
1399 467 1489 505 3160.
1532 468 1630 505 Quod
1651 468 1747 499 etiam

249 514 371 543 bonurn
390 518 420 543 et
434 523 544 543 verum
566 513 627 543 sint
648 514 808 552 conjuges,
824 523 890 551 quo
911 514 1066 552 respetstu.
1082 524 1113 544 n.
1129 515 1218 552 3160.
1262 515 1347 544 “Vir
1367 524 1440 545 cum
1462 515 1581 545 fratre'·
1598 516 1687 553 quod
1707 516 1747 545 sit

250 569 360 590 verum
376 570 449 590 cum
463 562 561 595 bono,
577 570 608 590 n.
625 568 714 599 3459,
730 561 835 599 4725.)

329 615 420 662 4¹7.
466 607 555 647 “Et
587 607 804 647 consocius
838 606 878 646 in
917 605 1372 658 afflictione.''—Quod
1412 605 1635 659 significet
1670 620 1744 647 ve-

249 682 352 709 rum
380 668 499 722 fidei
534 668 795 723 z'nfestazffurrz
836 682 865 709 a
893 667 1055 719 falsis,
1088 673 1272 708 constat
1310 681 1369 708 ex
1411 666 1744 720 significatione

252 731 439 781 “socii,'’
457 733 576 786 quod
600 733 657 772 sit
680 745 835 772 verum
857 730 959 772 fidei
985 729 1062 784 (de
1085 744 1171 784 qua
1194 729 1430 784 sequitur),
1451 736 1498 771 et
1521 744 1580 771 ex
1603 731 1743 783 signi-

249 793 460 835 ficatione
490 793 821 844 “afflictionis''
847 793 967 848 quod
999 794 1058 834 sit
1091 793 1322 834 infestatio
1353 807 1379 833 a
1409 792 1532 833 salsis
1565 802 1620 839 (de
1634 811 1743 840 quan.

248 868 565 906 6663.6851.9196)·
628 858 829 899 Pluribus
860 859 905 898 in
937 856 1048 897 locis
1080 857 1124 897 in
1154 856 1309 897 Verbo
1340 856 1504 898 dicitur
1537 855 1744 897 “frater”

249 927 295 962 et
318 921 542 970 “socius‚“
560 927 607 962 et
630 935 708 975 per
726 920 827 962 illos
845 919 1123 973 significatur
1139 919 1307 960 bonum
1330 925 1376 960 et
1394 932 1548 959 verum
1567 932 1578 969 ς
1604 919 1742 960 etiam

250 984 446 1038 antiquis
473 984 751 1038 temporibus
777 984 929 1024 vocati
956 988 1060 1023 sunt
1086 981 1313 1023 “fratres'’
1335 982 1407 1035 qui
1433 982 1477 1022 in
1503 981 1624 1031 bono
1649 981 1742 1022 fue-

249 1053 366 1096 runt,
396 1053 442 1088 et
472 1049 618 1088 “socii
631 1047 649 1062 ''
671 1048 744 1101 qui
771 1048 815 1088 in
837 1047 967 1095 veris,
993 1060 1051 1087 ex
1075 1059 1211 1087 causa
1233 1046 1336 1099 quia
1357 1058 1511 1086 verum
1535 1046 1741 1086 consoci-

249 1109 416 1150 andum
443 1116 514 1151 est
545 1110 680 1159 bono,
709 1115 755 1150 et
782 1122 884 1150 cum
911 1110 1224 1150 consociatum
1252 1114 1336 1157 est,
1365 1107 1415 1149 fit
1440 1107 1603 1155 frater:
1637 1108 1741 1149 inde

249 1179 334 1220 est,
370 1172 489 1225 quod
527 1186 606 1226 per
640 1176 665 1193 “
679 1173 940 1213 consocium
952 1171 971 1187 ’⁹
1008 1171 1079 1212 hic
1120 1170 1398 1224 significetur
1433 1184 1588 1212 verum
1624 1169 1740 1211 fidei.

250 1235 361 1271 (Quod
379 1235 500 1263 bonum
516 1239 546 1263 et
561 1243 669 1263 vemm
688 1234 901 1272 intelligantur
917 1243 974 1272 per
988 1236 1005 1248 ⁴⁸
1016 1234 1141 1263 fratrem
1151 1233 1167 1243 '¹
1184 1237 1215 1262 et
1230 1236 1246 1247 ‘¹
1257 1233 1378 1262 socium
1388 1232 1405 1243 ”
1421 1233 1453 1262 in
1467 1233 1585 1267 Verbo,
1601 1233 1744 1262 videatur

248 1299 278 1319 n.
294 1290 383 1326 6756,
402 1291 523 1327 10490.)
585 1278 718 1332 Quod
740 1283 764 1299 ‘⁶
778 1277 991 1320 affli&i0”
1009 1278 1233 1332 significet
1255 1278 1593 1319 infestationem
1611 1291 1637 1318 a
1659 1277 1740 1318 fal-

249 1344 322 1391 sis,
352 1348 422 1383 est
449 1343 550 1396 quia
577 1355 704 1383 mens
731 1356 845 1396 quae
871 1343 914 1382 in
941 1342 1058 1383 veris
1084 1348 1155 1383 est
1181 1341 1394 1395 affligitur
1419 1355 1445 1382 a
1472 1340 1609 1390 falsis,
1637 1354 1739 1382 cum

249 1406 366 1446 inter
388 1419 436 1446 se
459 1411 689 1458 pugnant:
724 1418 814 1445 non
832 1404 1012 1445 aliunde
1033 1411 1102 1445 est
1125 1403 1307 1445 afflictio
1329 1403 1598 1457 spiritualis;
1626 1403 1740 1445 haec

248 1467 350 1508 ideo
390 1481 468 1521 per
508 1465 867 1508 “afflictionem’'
904 1467 948 1507 in
987 1466 1142 1508 Verbo
1183 1466 1486 1520 significatur:
1531 1472 1580 1507 ut
1620 1467 1739 1521 apud

247 1530 540 1579 Mamaeum,

317 1623 337 1636 ‘⁸
350 1621 418 1663 Qui
432 1631 538 1662 super
551 1627 694 1662 petrosa
707 1621 903 1652 seminatus
917 1626 971 1652 est
975 1645 1067 1658 .....
1076 1630 1148 1652 non
1164 1620 1317 1652 radicem
1329 1620 1435 1651 habet
1446 1620 1482 1651 in
1494 1630 1532 1652 se
1546 1619 1640 1660 ipso.
1655 1644 1663 1652 .
1677 1644 1684 1652 .
1698 1643 1707 1652 .
1727 1628 1735 1658 ;

421 1666 562 1706 quando
581 1665 703 1696 incidit
719 1663 863 1696 afflictio
881 1670 916 1696 et
933 1665 1132 1705 persecutio
1149 1670 1295 1705 propter
1307 1663 1477 1701 Verbum,
1494 1664 1614 1695 statim
1632 1673 1737 1695 scan-

421 1708 620 1740 dalizatur”
638 1708 723 1748 (xiii.
745 1716 797 1747 20,
819 1707 895 1748 21);

248 1790 295 1826 et
322 1785 440 1838 apud
468 1785 675 1833 eundem,

316 1873 357 1905 In
375 1874 682 1906 consummatione
700 1873 829 1905 saeculi
850 1873 1025 1904 “tradent
1042 1883 1106 1904 vos
1126 1873 1162 1904 in
1180 1870 1408 1904 afflictionem
1422 1883 1446 1904 ε.
1461 1896 1469 1904 .
1482 1896 1490 1904 .
1504 1878 1554 1904 ,et
1571 1872 1638 1903 erit
1655 1877 1738 1904 tunc

421 1916 563 1948 afflictio
581 1927 722 1957 magna,
739 1917 851 1957 qualis
869 1927 941 1948 non
959 1917 1025 1948 fuit
1041 1918 1086 1948 ab
1103 1917 1203 1948 initio
1221 1917 1343 1948 mundi
1360 1925 1472 1956 usque
1488 1916 1533 1947 ad
1547 1925 1652 1953 nunc,
1669 1925 1736 1947 nec

422 1961 490 1992 fiet.
545 1985 662 1993 ......
671 1961 795 1992 Statim
821 1966 902 2001 post
919 1958 1145 1991 afflictionem
1166 1960 1302 1991 dierum
1327 1960 1476 1991 istorum
1493 1959 1547 1991 sol
1571 1960 1737 1990 obscura-

400 2004 542 2035 .bitur”
559 2004 702 2044 (Mattlz.
720 2005 814 2036 xxiv.
831 2014 862 2045 9,
880 2012 932 2042 21,
950 2012 1011 2044 29;
1038 2005 1149 2036 Marc.
1166 2003 1239 2035 xiii.
1259 2012 1309 2044 19,
1326 2002 1392 2044 24).

250 2096 275 2112 ‘⁴
290 2091 633 2133 Consummatio
657 2092 853 2134 saeculi'’
876 2098 946 2134 est
969 2091 1177 2133 ultimum
1200 2098 1380 2145 tempus
1406 2090 1653 2142 ecclesiae;
1687 2096 1735 2132 et

246 2156 348 2208 quia
371 2161 477 2196 tunc
501 2155 612 2196 falsa
633 2162 876 2209 regnatura
899 2162 944 2196 et
967 2161 1272 2209 repugnatura
1293 2155 1424 2201 veris,
1447 2154 1550 2195 ideo
1572 2155 1736 2196 dicitur

246 2218 366 2271 quod
393 2219 435 2259 in
462 2217 702 2260 afflictione
729 2225 874 2268 erunt,
902 2225 948 2260 et
975 2219 1018 2259 in
1045 2225 1139 2259 tam
1166 2231 1333 2271 magna
1363 2217 1506 2271 qualis
1532 2231 1623 2258 non
1653 2218 1734 2260 fuit

246 2281 303 2322 ab
334 2282 461 2322 initio
493 2283 659 2322 mundi.
737 2282 864 2323 Haec
897 2280 1078 2323 afflietio
1110 2288 1180 2322 est
1212 2295 1325 2335 quae
1356 2280 1627 2334 intelligitur
1656 2296 1736 2335 per

246 2343 534 2386 afflictionem
577 2344 698 2397 cujus
736 2346 971 2386 consocius
1011 2344 1242 2397 Johannes
1279 2344 1452 2393 dicitur,
1486 2358 1565 2397 per
1600 2358 1733 2398 quem

246 2409 316 2449 hic
355 2408 625 2461 intelligitur
660 2408 864 2448 dodrina
899 2408 951 2448 de
984 2407 1200 2455 Domin0,·
1241 2420 1346 2447 nam
1382 2407 1427 2447 in
1462 2406 1740 2460 Apocalypsi

215 2473 217 2475 ’
246 2472 396 2523 agitur
417 2471 473 2511 de
496 2470 656 2511 ultimo
679 2477 884 2524 tempore
907 2469 1127 2512 ecclesiae
1153 2468 1378 2523 (videatur
1399 2483 1545 2523 supra,
1570 2483 1611 2510 n.
1638 2469 1696 2524 5).

322 2535 417 2589 48.
464 2540 487 2557 ‘¹
499 2535 541 2574 Ιη
569 2534 937 2587 re9n0.''—Quod
967 2534 1189 2587 significet
1218 2535 1266 2575 z'n
1295 2533 1475 2574 ecclesia
1504 2533 1581 2574 ubi
1608 2548 1731 2582 vera,

248 2603 431 2638 constat
450 2611 509 2637 ex
528 2596 858 2649 significatione
879 2599 903 2616 “
916 2595 1073 2648 regni”
1089 2596 1134 2636 in
1152 2595 1320 2644 Verbo,
1341 2595 1459 2649 quod
1483 2596 1540 2636 sit
1559 2594 1733 2636 caelum

245 2668 291 2716 et
318 2661 536 2711 ecclesi-‘213
570 2660 690 2714 quod
717 2660 774 2700 sit
801 2658 994 2700 ecclesia
1025 2659 1173 2713 quoad
1203 2671 1372 2707 verum,
1401 2672 1480 2699 seu
1510 2658 1583 2699 ubi
1609 2672 1729 2707 vera,

246 2730 317 2764 est
349 2725 451 2777 quia
482 2737 560 2776 per
590 2723 763 2775 regium
795 2722 978 2763 Domini
1009 2721 1287 2775 significatur
1318 2721 1529 2762 Divinum
1561 2720 1732 2762 Verum

244 2785 496 2838 procedens
522 2785 579 2825 ab
606 2785 725 2838 Ipso,
753 2790 800 2825 et
828 2785 932 2825 inde
963 2798 1042 2837 per
1069 2787 1237 2837 “reges
1249 2783 1268 2799 ”
1294 2783 1603 2836 significantur
1626 2796 1732 2823 vera

248 2848 317 2900 (ut
350 2854 583 2888 ostensum
610 2847 818 2896 videatur
843 2860 988 2900 supra,
1017 2860 1058 2887 n.
1087 2845 1174 2900 31).
1235 2846 1444 2886 Ecclesia
1474 2844 1621 2898 quoad
1652 2858 1731 2885 ve-

245 2925 341 2951 rum
373 2911 548 2959 dicitur,
582 2918 628 2950 et
661 2909 931 2963 intelligitur
961 2908 1155 2950 ecclesia
1185 2908 1334 2962 quoad
1364 2921 1470 2948 vera
1501 2921 1560 2948 ex
1595 2907 1729 2948 bono.

246 2973 392 3014 Causa
424 2979 493 3014 est
525 2973 626 3026 quia
657 2985 746 3012 non
779 2972 944 3013 dantur
974 2985 1079 3012 vera
1109 2971 1279 3024 absque
1310 2971 1444 3020 bono,
1474 2983 1581 3010 vera
1611 2969 1729 3010 enirn
