<?xml version="1.0" encoding="UTF-8"?>
<!DOCTYPE html PUBLIC "-//W3C//DTD XHTML 1.0 Transitional//EN"
    "http://www.w3.org/TR/xhtml1/DTD/xhtml1-transitional.dtd">
<html xmlns="http://www.w3.org/1999/xhtml" xml:lang="en" lang="en">
 <head>
  <title>
</title>
<meta http-equiv="Content-Type" content="text/html;charset=utf-8" />
  <meta name='ocr-system' content='tesseract 3.04.00' />
  <meta name='ocr-capabilities' content='ocr_page ocr_carea ocr_par ocr_line ocrx_word'/>
</head>
<body>
  <div class='ocr_page' id='page_1' title='image "apocalypsisexpli01sweduoft_0041.png"; bbox 0 0 2060 3476; ppageno 0'>
   <div class='ocr_carea' id='block_1_1' title="bbox 694 318 1771 411">
    <p class='ocr_par' dir='ltr' id='par_1_1' title="bbox 694 318 1771 411">
     <span class='ocr_line' id='line_1_1' title="bbox 694 318 1771 411; baseline -0.009 -14"><span class='ocrx_word' id='word_1_1' title='bbox 694 365 801 397; x_wconf 86' lang='lat' dir='ltr'><strong>CAP.</strong></span> <span class='ocrx_word' id='word_1_2' title='bbox 825 366 870 406; x_wconf 92' lang='lat'>1.,</span> <span class='ocrx_word' id='word_1_3' title='bbox 893 365 1032 398; x_wconf 79' lang='lat' dir='ltr'>VERs.</span> <span class='ocrx_word' id='word_1_4' title='bbox 1055 356 1203 397; x_wconf 84' lang='lat' dir='ltr'>6.—-N.</span> <span class='ocrx_word' id='word_1_5' title='bbox 1230 355 1368 410; x_wconf 87' lang='lat' dir='ltr'>31[a].</span> <span class='ocrx_word' id='word_1_6' title='bbox 1602 318 1609 327; x_wconf 93' lang='lat'>.</span> <span class='ocrx_word' id='word_1_7' title='bbox 1722 365 1771 411; x_wconf 73' lang='lat'>35</span> 
     </span>
    </p>
   </div>
   <div class='ocr_carea' id='block_1_2' title="bbox 281 478 1774 596">
    <p class='ocr_par' dir='ltr' id='par_1_2' title="bbox 281 478 1774 596">
     <span class='ocr_line' id='line_1_2' title="bbox 282 478 1774 533; baseline 0 -13"><span class='ocrx_word' id='word_1_8' title='bbox 282 479 438 520; x_wconf 91' lang='lat' dir='ltr'>Verbo</span> <span class='ocrx_word' id='word_1_9' title='bbox 468 478 762 532; x_wconf 79' lang='lat' dir='ltr'><strong>intelligatur,</strong></span> <span class='ocrx_word' id='word_1_10' title='bbox 781 478 1000 519; x_wconf 88' lang='lat' dir='ltr'>Dominus</span> <span class='ocrx_word' id='word_1_11' title='bbox 1026 478 1174 532; x_wconf 90' lang='lat' dir='ltr'>quoad</span> <span class='ocrx_word' id='word_1_12' title='bbox 1202 478 1411 520; x_wconf 90' lang='lat' dir='ltr'>Divinum</span> <span class='ocrx_word' id='word_1_13' title='bbox 1436 478 1621 528; x_wconf 88' lang='lat' dir='ltr'>Verum,</span> <span class='ocrx_word' id='word_1_14' title='bbox 1646 485 1774 533; x_wconf 87' lang='lat' dir='ltr'>patet</span> 
     </span>
     <span class='ocr_line' id='line_1_3' title="bbox 281 542 1218 596; baseline -0.001 -12"><span class='ocrx_word' id='word_1_15' title='bbox 281 543 338 584; x_wconf 89' lang='lat' dir='ltr'>ab</span> <span class='ocrx_word' id='word_1_16' title='bbox 364 543 507 596; x_wconf 86' lang='lat' dir='ltr'>Ipsius</span> <span class='ocrx_word' id='word_1_17' title='bbox 535 542 717 582; x_wconf 87' lang='lat' dir='ltr'>Domini</span> <span class='ocrx_word' id='word_1_18' title='bbox 742 542 889 583; x_wconf 89' lang='lat' dir='ltr'>verbis</span> <span class='ocrx_word' id='word_1_19' title='bbox 915 542 972 582; x_wconf 90' lang='lat' dir='ltr'>ad</span> <span class='ocrx_word' id='word_1_20' title='bbox 998 542 1218 583; x_wconf 84' lang='lat' dir='ltr'>Pilatum:</span> 
     </span>
    </p>
   </div>
   <div class='ocr_carea' id='block_1_3' title="bbox 349 641 1776 768">
    <p class='ocr_par' dir='ltr' id='par_1_3' title="bbox 349 641 1776 768">
     <span class='ocr_line' id='line_1_4' title="bbox 349 641 1772 683; baseline 0 -10"><span class='ocrx_word' id='word_1_21' title='bbox 349 643 371 657; x_wconf 82' lang='lat'>‘⁴</span> <span class='ocrx_word' id='word_1_22' title='bbox 385 641 482 674; x_wconf 88' lang='lat' dir='ltr'>Dixit</span> <span class='ocrx_word' id='word_1_23' title='bbox 497 666 504 674; x_wconf 95' lang='lat'>.</span> <span class='ocrx_word' id='word_1_24' title='bbox 523 666 530 674; x_wconf 87' lang='lat'><strong>.</strong></span> <span class='ocrx_word' id='word_1_25' title='bbox 547 666 554 673; x_wconf 96' lang='lat'>.</span> <span class='ocrx_word' id='word_1_26' title='bbox 572 667 579 674; x_wconf 89' lang='lat'><strong><em>.</em></strong></span> <span class='ocrx_word' id='word_1_27' title='bbox 598 641 744 679; x_wconf 80' lang='lat' dir='ltr'>Pilatus,</span> <span class='ocrx_word' id='word_1_28' title='bbox 762 641 857 673; x_wconf 88' lang='lat' dir='ltr'>Num</span> <span class='ocrx_word' id='word_1_29' title='bbox 874 651 960 681; x_wconf 88' lang='lat' dir='ltr'>ergo</span> <span class='ocrx_word' id='word_1_30' title='bbox 979 641 1056 673; x_wconf 88' lang='lat' dir='ltr'>Rex</span> <span class='ocrx_word' id='word_1_31' title='bbox 1072 651 1110 673; x_wconf 89' lang='lat' dir='ltr'>es</span> <span class='ocrx_word' id='word_1_32' title='bbox 1128 642 1207 674; x_wconf 88' lang='lat' dir='ltr'>Tu?</span> <span class='ocrx_word' id='word_1_33' title='bbox 1253 641 1453 682; x_wconf 87' lang='lat' dir='ltr'>Respondit</span> <span class='ocrx_word' id='word_1_34' title='bbox 1469 641 1585 683; x_wconf 91' lang='lat' dir='ltr'>Jesus,</span> <span class='ocrx_word' id='word_1_35' title='bbox 1602 641 1657 673; x_wconf 94' lang='lat' dir='ltr'>Tu</span> <span class='ocrx_word' id='word_1_36' title='bbox 1673 642 1772 679; x_wconf 92' lang='lat' dir='ltr'>dicis,</span> 
     </span>
     <span class='ocr_line' id='line_1_5' title="bbox 453 685 1776 726; baseline 0.001 -10"><span class='ocrx_word' id='word_1_37' title='bbox 453 686 536 726; x_wconf 89' lang='lat' dir='ltr'>quia</span> <span class='ocrx_word' id='word_1_38' title='bbox 554 685 630 717; x_wconf 88' lang='lat' dir='ltr'>Rex</span> <span class='ocrx_word' id='word_1_39' title='bbox 643 695 722 717; x_wconf 91' lang='lat' dir='ltr'>sum</span> <span class='ocrx_word' id='word_1_40' title='bbox 741 685 818 725; x_wconf 86' lang='lat' dir='ltr'>Ego</span> <span class='ocrx_word' id='word_1_41' title='bbox 832 694 840 723; x_wconf 84' lang='lat'>;</span> <span class='ocrx_word' id='word_1_42' title='bbox 866 685 943 725; x_wconf 86' lang='lat' dir='ltr'>Ego</span> <span class='ocrx_word' id='word_1_43' title='bbox 959 685 995 718; x_wconf 91' lang='lat' dir='ltr'>in</span> <span class='ocrx_word' id='word_1_44' title='bbox 1013 685 1080 718; x_wconf 89' lang='lat' dir='ltr'>hoc</span> <span class='ocrx_word' id='word_1_45' title='bbox 1097 691 1201 718; x_wconf 91' lang='lat' dir='ltr'>natus</span> <span class='ocrx_word' id='word_1_46' title='bbox 1219 695 1309 724; x_wconf 88' lang='lat' dir='ltr'>sum,</span> <span class='ocrx_word' id='word_1_47' title='bbox 1326 693 1361 717; x_wconf 91' lang='lat' dir='ltr'>et</span> <span class='ocrx_word' id='word_1_48' title='bbox 1377 686 1422 719; x_wconf 92' lang='lat' dir='ltr'>ad</span> <span class='ocrx_word' id='word_1_49' title='bbox 1438 686 1505 717; x_wconf 89' lang='lat' dir='ltr'>hoc</span> <span class='ocrx_word' id='word_1_50' title='bbox 1521 686 1603 716; x_wconf 90' lang='lat' dir='ltr'>veni</span> <span class='ocrx_word' id='word_1_51' title='bbox 1620 686 1656 717; x_wconf 89' lang='lat' dir='ltr'>in</span> <span class='ocrx_word' id='word_1_52' title='bbox 1674 695 1776 717; x_wconf 88' lang='lat' dir='ltr'>mun-</span> 
     </span>
     <span class='ocr_line' id='line_1_6' title="bbox 454 724 1776 768; baseline -0.006 -6"><span class='ocrx_word' id='word_1_53' title='bbox 454 732 550 768; x_wconf 87' lang='lat' dir='ltr'>dum,</span> <span class='ocrx_word' id='word_1_54' title='bbox 579 733 620 761; x_wconf 73' lang='lat' dir='ltr'>ut</span> <span class='ocrx_word' id='word_1_55' title='bbox 644 733 742 761; x_wconf 83' lang='lat' dir='ltr'>tester</span> <span class='ocrx_word' id='word_1_56' title='bbox 762 728 901 760; x_wconf 80' lang='lat' dir='ltr'>veritati</span> <span class='ocrx_word' id='word_1_57' title='bbox 913 739 931 766; x_wconf 85' lang='lat'>,·</span> <span class='ocrx_word' id='word_1_58' title='bbox 961 727 1080 759; x_wconf 89' lang='lat' dir='ltr'>omnis</span> <span class='ocrx_word' id='word_1_59' title='bbox 1107 727 1266 758; x_wconf 85' lang='lat' dir='ltr'>existens</span> <span class='ocrx_word' id='word_1_60' title='bbox 1295 726 1331 757; x_wconf 89' lang='lat' dir='ltr'>in</span> <span class='ocrx_word' id='word_1_61' title='bbox 1355 725 1504 758; x_wconf 89' lang='lat' dir='ltr'>veritate</span> <span class='ocrx_word' id='word_1_62' title='bbox 1528 724 1628 755; x_wconf 89' lang='lat' dir='ltr'>audit</span> <span class='ocrx_word' id='word_1_63' title='bbox 1651 732 1776 754; x_wconf 90' lang='lat' dir='ltr'>vocem</span> 
     </span>
    </p>
   </div>
   <div class='ocr_carea' id='block_1_4' title="bbox 455 767 1716 814">
    <p class='ocr_par' dir='ltr' id='par_1_4' title="bbox 455 767 1716 814">
     <span class='ocr_line' id='line_1_7' title="bbox 455 767 1716 814; baseline -0.006 -8"><span class='ocrx_word' id='word_1_64' title='bbox 455 783 583 806; x_wconf 88' lang='lat' dir='ltr'>meam.</span> <span class='ocrx_word' id='word_1_65' title='bbox 634 773 733 805; x_wconf 85' lang='lat' dir='ltr'>Dixit</span> <span class='ocrx_word' id='word_1_66' title='bbox 749 772 782 805; x_wconf 92' lang='lat' dir='ltr'>ei</span> <span class='ocrx_word' id='word_1_67' title='bbox 801 772 947 810; x_wconf 85' lang='lat' dir='ltr'>Pilatus,</span> <span class='ocrx_word' id='word_1_68' title='bbox 968 771 1063 814; x_wconf 78' lang='lat' dir='ltr'>Quid</span> <span class='ocrx_word' id='word_1_69' title='bbox 1079 777 1133 802; x_wconf 92' lang='lat' dir='ltr'>est</span> <span class='ocrx_word' id='word_1_70' title='bbox 1153 770 1284 801; x_wconf 88' lang='lat' dir='ltr'>veritas</span> <span class='ocrx_word' id='word_1_71' title='bbox 1294 768 1329 802; x_wconf 85' lang='lat'>?”</span> <span class='ocrx_word' id='word_1_72' title='bbox 1349 767 1449 810; x_wconf 76' lang='lat' dir='ltr'><em>(Joh.</em></span> <span class='ocrx_word' id='word_1_73' title='bbox 1463 767 1563 799; x_wconf 88' lang='lat' dir='ltr'>xviii.</span> <span class='ocrx_word' id='word_1_74' title='bbox 1578 776 1630 806; x_wconf 87' lang='lat'>37,</span> <span class='ocrx_word' id='word_1_75' title='bbox 1646 767 1716 807; x_wconf 84' lang='lat'>38.)</span> 
     </span>
    </p>
   </div>
   <div class='ocr_carea' id='block_1_5' title="bbox 281 852 1820 1168">
    <p class='ocr_par' dir='ltr' id='par_1_5' title="bbox 281 852 1820 1168">
     <span class='ocr_line' id='line_1_8' title="bbox 281 852 1778 913; baseline -0.009 -10"><span class='ocrx_word' id='word_1_76' title='bbox 281 862 355 902; x_wconf 86' lang='lat' dir='ltr'>Ex</span> <span class='ocrx_word' id='word_1_77' title='bbox 374 860 727 913; x_wconf 81' lang='lat' dir='ltr'>interrogatione</span> <span class='ocrx_word' id='word_1_78' title='bbox 746 858 889 906; x_wconf 82' lang='lat' dir='ltr'>Pilati,</span> <span class='ocrx_word' id='word_1_79' title='bbox 911 855 1068 910; x_wconf 79' lang='lat' dir='ltr'>“Quid</span> <span class='ocrx_word' id='word_1_80' title='bbox 1087 862 1156 897; x_wconf 89' lang='lat' dir='ltr'>est</span> <span class='ocrx_word' id='word_1_81' title='bbox 1175 855 1339 896; x_wconf 88' lang='lat' dir='ltr'>veritas</span> <span class='ocrx_word' id='word_1_82' title='bbox 1354 853 1392 894; x_wconf 89' lang='lat'>?&#39;&#39;</span> <span class='ocrx_word' id='word_1_83' title='bbox 1424 859 1552 911; x_wconf 90' lang='lat' dir='ltr'>patet</span> <span class='ocrx_word' id='word_1_84' title='bbox 1570 852 1691 906; x_wconf 92' lang='lat' dir='ltr'>quod</span> <span class='ocrx_word' id='word_1_85' title='bbox 1713 852 1778 892; x_wconf 92' lang='lat' dir='ltr'>in-</span> 
     </span>
     <span class='ocr_line' id='line_1_9' title="bbox 281 915 1820 978; baseline -0.008 -12"><span class='ocrx_word' id='word_1_86' title='bbox 281 925 512 966; x_wconf 85' lang='lat' dir='ltr'>tellexerit</span> <span class='ocrx_word' id='word_1_87' title='bbox 539 923 658 978; x_wconf 92' lang='lat' dir='ltr'>quod</span> <span class='ocrx_word' id='word_1_88' title='bbox 691 922 911 962; x_wconf 90' lang='lat' dir='ltr'>Dominus</span> <span class='ocrx_word' id='word_1_89' title='bbox 937 921 1178 961; x_wconf 88' lang='lat' dir='ltr'>veritatem</span> <span class='ocrx_word' id='word_1_90' title='bbox 1205 917 1502 974; x_wconf 82' lang='lat' dir='ltr'>appellaverit</span> <span class='ocrx_word' id='word_1_91' title='bbox 1531 920 1725 968; x_wconf 83' lang='lat' dir='ltr'>“regem</span> <span class='ocrx_word' id='word_1_92' title='bbox 1743 915 1776 965; x_wconf 88' lang='lat'>;’&#39;</span> <span class='ocrx_word' id='word_1_93' title='bbox 1816 944 1820 951; x_wconf 83' lang='lat'><em>.</em></span> 
     </span>
     <span class='ocr_line' id='line_1_10' title="bbox 283 980 1774 1042; baseline -0.007 -13"><span class='ocrx_word' id='word_1_94' title='bbox 283 988 363 1030; x_wconf 88' lang='lat' dir='ltr'>sed</span> <span class='ocrx_word' id='word_1_95' title='bbox 394 988 497 1042; x_wconf 91' lang='lat' dir='ltr'>quia</span> <span class='ocrx_word' id='word_1_96' title='bbox 528 985 711 1040; x_wconf 88' lang='lat' dir='ltr'>gentilis</span> <span class='ocrx_word' id='word_1_97' title='bbox 743 985 837 1033; x_wconf 85' lang='lat' dir='ltr'>fuit,</span> <span class='ocrx_word' id='word_1_98' title='bbox 865 989 911 1026; x_wconf 90' lang='lat' dir='ltr'>et</span> <span class='ocrx_word' id='word_1_99' title='bbox 938 997 1028 1025; x_wconf 90' lang='lat' dir='ltr'>non</span> <span class='ocrx_word' id='word_1_100' title='bbox 1056 997 1114 1024; x_wconf 87' lang='lat' dir='ltr'>ex</span> <span class='ocrx_word' id='word_1_101' title='bbox 1138 982 1294 1023; x_wconf 91' lang='lat' dir='ltr'>Verbo</span> <span class='ocrx_word' id='word_1_102' title='bbox 1321 980 1486 1034; x_wconf 90' lang='lat' dir='ltr'>aliquid</span> <span class='ocrx_word' id='word_1_103' title='bbox 1514 980 1654 1027; x_wconf 87' lang='lat' dir='ltr'>novit,</span> <span class='ocrx_word' id='word_1_104' title='bbox 1683 991 1774 1018; x_wconf 91' lang='lat' dir='ltr'>non</span> 
     </span>
     <span class='ocr_line' id='line_1_11' title="bbox 282 1043 1776 1104; baseline -0.007 -12"><span class='ocrx_word' id='word_1_105' title='bbox 282 1051 439 1092; x_wconf 89' lang='lat' dir='ltr'>instrui</span> <span class='ocrx_word' id='word_1_106' title='bbox 472 1050 620 1104; x_wconf 92' lang='lat' dir='ltr'>potuit</span> <span class='ocrx_word' id='word_1_107' title='bbox 657 1048 779 1103; x_wconf 91' lang='lat' dir='ltr'>quod</span> <span class='ocrx_word' id='word_1_108' title='bbox 816 1047 1029 1088; x_wconf 90' lang='lat' dir='ltr'>Divinum</span> <span class='ocrx_word' id='word_1_109' title='bbox 1059 1046 1231 1086; x_wconf 88' lang='lat' dir='ltr'>Verum</span> <span class='ocrx_word' id='word_1_110' title='bbox 1266 1050 1387 1086; x_wconf 85' lang='lat' dir='ltr'>esset</span> <span class='ocrx_word' id='word_1_111' title='bbox 1424 1057 1450 1083; x_wconf 93' lang='lat' dir='ltr'>a</span> <span class='ocrx_word' id='word_1_112' title='bbox 1488 1043 1700 1090; x_wconf 88' lang='lat' dir='ltr'>Domino,</span> <span class='ocrx_word' id='word_1_113' title='bbox 1730 1047 1776 1082; x_wconf 93' lang='lat' dir='ltr'>et</span> 
     </span>
     <span class='ocr_line' id='line_1_12' title="bbox 282 1105 1777 1168; baseline -0.007 -13"><span class='ocrx_word' id='word_1_114' title='bbox 282 1114 402 1168; x_wconf 92' lang='lat' dir='ltr'>quod</span> <span class='ocrx_word' id='word_1_115' title='bbox 422 1114 524 1167; x_wconf 90' lang='lat' dir='ltr'>Ipse</span> <span class='ocrx_word' id='word_1_116' title='bbox 542 1105 662 1154; x_wconf 86' lang='lat' dir='ltr'>esset</span> <span class='ocrx_word' id='word_1_117' title='bbox 682 1112 893 1152; x_wconf 86' lang='lat' dir='ltr'>Divinum</span> <span class='ocrx_word' id='word_1_118' title='bbox 908 1110 1078 1151; x_wconf 90' lang='lat' dir='ltr'>Verum</span> <span class='ocrx_word' id='word_1_119' title='bbox 1095 1123 1104 1160; x_wconf 91' lang='lat'>;</span> <span class='ocrx_word' id='word_1_120' title='bbox 1132 1109 1234 1150; x_wconf 91' lang='lat' dir='ltr'>ideo</span> <span class='ocrx_word' id='word_1_121' title='bbox 1251 1114 1354 1162; x_wconf 91' lang='lat' dir='ltr'>post</span> <span class='ocrx_word' id='word_1_122' title='bbox 1372 1106 1777 1160; x_wconf 87' lang='lat' dir='ltr'>interrogationem</span> 
     </span>
    </p>
   </div>
   <div class='ocr_carea' id='block_1_6' title="bbox 282 1178 437 1219">
    <p class='ocr_par' dir='ltr' id='par_1_6' title="bbox 282 1178 437 1219">
     <span class='ocr_line' id='line_1_13' title="bbox 282 1178 437 1219; baseline -0.006 0"><span class='ocrx_word' id='word_1_123' title='bbox 282 1178 437 1219; x_wconf 88' lang='lat' dir='ltr'>statim</span> 
     </span>
    </p>
   </div>
   <div class='ocr_carea' id='block_1_7' title="bbox 349 1258 1778 1482">
    <p class='ocr_par' dir='ltr' id='par_1_7' title="bbox 349 1258 1778 1482">
     <span class='ocr_line' id='line_1_14' title="bbox 349 1258 1774 1308; baseline -0.007 -9"><span class='ocrx_word' id='word_1_124' title='bbox 349 1266 467 1299; x_wconf 88' lang='lat' dir='ltr'>Exivit</span> <span class='ocrx_word' id='word_1_125' title='bbox 484 1266 529 1298; x_wconf 89' lang='lat' dir='ltr'>ad</span> <span class='ocrx_word' id='word_1_126' title='bbox 544 1265 712 1308; x_wconf 89' lang='lat' dir='ltr'>Judaeos,</span> <span class='ocrx_word' id='word_1_127' title='bbox 726 1265 892 1300; x_wconf 84' lang='lat' dir='ltr'>dicens,“</span> <span class='ocrx_word' id='word_1_128' title='bbox 904 1263 981 1304; x_wconf 86' lang='lat' dir='ltr'>Ego</span> <span class='ocrx_word' id='word_1_129' title='bbox 998 1262 1131 1294; x_wconf 89' lang='lat' dir='ltr'>nullam</span> <span class='ocrx_word' id='word_1_130' title='bbox 1147 1271 1289 1293; x_wconf 87' lang='lat' dir='ltr'>causam</span> <span class='ocrx_word' id='word_1_131' title='bbox 1306 1260 1450 1292; x_wconf 85' lang='lat' dir='ltr'>invenio</span> <span class='ocrx_word' id='word_1_132' title='bbox 1468 1260 1504 1290; x_wconf 91' lang='lat' dir='ltr'>in</span> <span class='ocrx_word' id='word_1_133' title='bbox 1523 1259 1576 1290; x_wconf 91' lang='lat' dir='ltr'>Eo</span> <span class='ocrx_word' id='word_1_134' title='bbox 1590 1258 1620 1297; x_wconf 88' lang='lat'>;&#39;&#39;</span> <span class='ocrx_word' id='word_1_135' title='bbox 1638 1265 1673 1290; x_wconf 91' lang='lat' dir='ltr'>et</span> <span class='ocrx_word' id='word_1_136' title='bbox 1691 1258 1774 1290; x_wconf 88' lang='lat' dir='ltr'>dein</span> 
     </span>
     <span class='ocr_line' id='line_1_15' title="bbox 456 1303 1778 1351; baseline -0.006 -10"><span class='ocrx_word' id='word_1_137' title='bbox 456 1310 574 1351; x_wconf 89' lang='lat' dir='ltr'>posuit</span> <span class='ocrx_word' id='word_1_138' title='bbox 587 1319 694 1350; x_wconf 87' lang='lat' dir='ltr'>super</span> <span class='ocrx_word' id='word_1_139' title='bbox 706 1309 851 1346; x_wconf 82' lang='lat' dir='ltr'>cruce‚‘⁴</span> <span class='ocrx_word' id='word_1_140' title='bbox 864 1307 933 1339; x_wconf 91' lang='lat' dir='ltr'>Hic</span> <span class='ocrx_word' id='word_1_141' title='bbox 949 1313 1004 1339; x_wconf 90' lang='lat' dir='ltr'>est</span> <span class='ocrx_word' id='word_1_142' title='bbox 1016 1306 1121 1349; x_wconf 90' lang='lat' dir='ltr'>Jesus</span> <span class='ocrx_word' id='word_1_143' title='bbox 1141 1306 1217 1337; x_wconf 88' lang='lat' dir='ltr'>Rex</span> <span class='ocrx_word' id='word_1_144' title='bbox 1229 1303 1484 1347; x_wconf 71' lang='lat' dir='ltr'>Judaeorum‚”</span> <span class='ocrx_word' id='word_1_145' title='bbox 1526 1303 1570 1334; x_wconf 90' lang='lat' dir='ltr'>Et</span> <span class='ocrx_word' id='word_1_146' title='bbox 1586 1313 1665 1334; x_wconf 91' lang='lat' dir='ltr'>cum</span> <span class='ocrx_word' id='word_1_147' title='bbox 1683 1303 1778 1344; x_wconf 91' lang='lat' dir='ltr'>prin-</span> 
     </span>
     <span class='ocr_line' id='line_1_16' title="bbox 456 1346 1777 1394; baseline -0.006 -9"><span class='ocrx_word' id='word_1_148' title='bbox 456 1354 551 1394; x_wconf 93' lang='lat' dir='ltr'>cipes</span> <span class='ocrx_word' id='word_1_149' title='bbox 566 1353 790 1384; x_wconf 89' lang='lat' dir='ltr'>sacerdotum</span> <span class='ocrx_word' id='word_1_150' title='bbox 807 1352 965 1383; x_wconf 90' lang='lat' dir='ltr'>dicerent</span> <span class='ocrx_word' id='word_1_151' title='bbox 979 1351 1022 1387; x_wconf 76' lang='lat' dir='ltr'>ei.</span> <span class='ocrx_word' id='word_1_152' title='bbox 1032 1352 1054 1364; x_wconf 76' lang='lat'>‘⁵</span> <span class='ocrx_word' id='word_1_153' title='bbox 1067 1350 1120 1381; x_wconf 92' lang='lat' dir='ltr'>Ne</span> <span class='ocrx_word' id='word_1_154' title='bbox 1138 1349 1251 1380; x_wconf 90' lang='lat' dir='ltr'>scribe</span> <span class='ocrx_word' id='word_1_155' title='bbox 1266 1349 1342 1380; x_wconf 87' lang='lat' dir='ltr'>Rex</span> <span class='ocrx_word' id='word_1_156' title='bbox 1355 1348 1584 1390; x_wconf 82' lang='lat' dir='ltr'>Judaeorum‚</span> <span class='ocrx_word' id='word_1_157' title='bbox 1602 1347 1664 1379; x_wconf 89' lang='lat' dir='ltr'>sed</span> <span class='ocrx_word' id='word_1_158' title='bbox 1682 1346 1777 1387; x_wconf 90' lang='lat' dir='ltr'>quod</span> 
     </span>
     <span class='ocr_line' id='line_1_17' title="bbox 458 1391 1773 1438; baseline -0.006 -9"><span class='ocrx_word' id='word_1_159' title='bbox 458 1397 540 1438; x_wconf 90' lang='lat' dir='ltr'>Ipse</span> <span class='ocrx_word' id='word_1_160' title='bbox 557 1397 685 1429; x_wconf 90' lang='lat' dir='ltr'>dixerit</span> <span class='ocrx_word' id='word_1_161' title='bbox 702 1406 780 1427; x_wconf 91' lang='lat' dir='ltr'>sum</span> <span class='ocrx_word' id='word_1_162' title='bbox 801 1392 878 1427; x_wconf 87' lang='lat' dir='ltr'>Rex</span> <span class='ocrx_word' id='word_1_163' title='bbox 917 1395 1124 1431; x_wconf 88' lang='lat' dir='ltr'>udaeorum,</span> <span class='ocrx_word' id='word_1_164' title='bbox 1145 1393 1331 1434; x_wconf 89' lang='lat' dir='ltr'>respondit</span> <span class='ocrx_word' id='word_1_165' title='bbox 1350 1392 1495 1429; x_wconf 87' lang='lat' dir='ltr'>Pilatus,</span> <span class='ocrx_word' id='word_1_166' title='bbox 1514 1391 1618 1433; x_wconf 78' lang='lat' dir='ltr'>Quod</span> <span class='ocrx_word' id='word_1_167' title='bbox 1636 1391 1773 1431; x_wconf 85' lang='lat' dir='ltr'>scripsi,</span> 
     </span>
     <span class='ocr_line' id='line_1_18' title="bbox 459 1395 1054 1482; baseline -0.005 -9"><span class='ocrx_word' id='word_1_168' title='bbox 459 1441 584 1482; x_wconf 87' lang='lat' dir='ltr'>scripsi</span> <span class='ocrx_word' id='word_1_169' title='bbox 597 1440 616 1453; x_wconf 84' lang='lat'>’&#39;</span> <span class='ocrx_word' id='word_1_170' title='bbox 632 1440 732 1482; x_wconf 76' lang='lat' dir='ltr'><em>(Joh.</em></span> <span class='ocrx_word' id='word_1_171' title='bbox 749 1440 820 1471; x_wconf 86' lang='lat' dir='ltr'>xix.</span> <span class='ocrx_word' id='word_1_172' title='bbox 839 1395 1054 1481; x_wconf 61' lang='grc'>[6,]119-22).</span> 
     </span>
    </p>
   </div>
   <div class='ocr_carea' id='block_1_8' title="bbox 282 1524 1778 1646">
    <p class='ocr_par' dir='ltr' id='par_1_8' title="bbox 282 1524 1778 1646">
     <span class='ocr_line' id='line_1_19' title="bbox 282 1524 1778 1582; baseline -0.005 -9"><span class='ocrx_word' id='word_1_173' title='bbox 282 1530 357 1573; x_wconf 89' lang='lat' dir='ltr'>Ex</span> <span class='ocrx_word' id='word_1_174' title='bbox 383 1531 451 1572; x_wconf 89' lang='lat' dir='ltr'>his</span> <span class='ocrx_word' id='word_1_175' title='bbox 476 1528 718 1571; x_wconf 67' lang='lat' dir='ltr'>intellectis</span> <span class='ocrx_word' id='word_1_176' title='bbox 745 1529 845 1569; x_wconf 85' lang='lat' dir='ltr'>sciri</span> <span class='ocrx_word' id='word_1_177' title='bbox 871 1533 1025 1582; x_wconf 91' lang='lat' dir='ltr'>potest</span> <span class='ocrx_word' id='word_1_178' title='bbox 1051 1527 1156 1581; x_wconf 91' lang='lat' dir='ltr'>quid</span> <span class='ocrx_word' id='word_1_179' title='bbox 1188 1540 1266 1580; x_wconf 87' lang='lat' dir='ltr'>per</span> <span class='ocrx_word' id='word_1_180' title='bbox 1290 1529 1458 1579; x_wconf 87' lang='lat' dir='ltr'>“reges</span> <span class='ocrx_word' id='word_1_181' title='bbox 1469 1524 1488 1539; x_wconf 94' lang='lat'>”</span> <span class='ocrx_word' id='word_1_182' title='bbox 1514 1525 1557 1565; x_wconf 91' lang='lat' dir='ltr'>in</span> <span class='ocrx_word' id='word_1_183' title='bbox 1585 1537 1778 1578; x_wconf 87' lang='lat' dir='ltr'>sequen-</span> 
     </span>
     <span class='ocr_line' id='line_1_20' title="bbox 282 1589 1305 1646; baseline -0.007 -10"><span class='ocrx_word' id='word_1_184' title='bbox 282 1596 402 1637; x_wconf 90' lang='lat' dir='ltr'>tibus</span> <span class='ocrx_word' id='word_1_185' title='bbox 429 1594 540 1635; x_wconf 91' lang='lat' dir='ltr'>locis</span> <span class='ocrx_word' id='word_1_186' title='bbox 562 1593 843 1646; x_wconf 87' lang='lat' dir='ltr'>intelligitur,</span> <span class='ocrx_word' id='word_1_187' title='bbox 870 1593 913 1632; x_wconf 92' lang='lat' dir='ltr'>in</span> <span class='ocrx_word' id='word_1_188' title='bbox 940 1588 1323 1644; x_wconf 58' lang='lat' dir='ltr'>Apocalypsi:—</span> 
     </span>
    </p>
   </div>
   <div class='ocr_carea' id='block_1_9' title="bbox 348 1683 1779 2517">
    <p class='ocr_par' dir='ltr' id='par_1_9' title="bbox 351 1683 1778 1809">
     <span class='ocr_line' id='line_1_21' title="bbox 351 1683 1776 1730; baseline -0.007 -7"><span class='ocrx_word' id='word_1_189' title='bbox 351 1693 374 1706; x_wconf 89' lang='lat'>“</span> <span class='ocrx_word' id='word_1_190' title='bbox 388 1691 515 1723; x_wconf 90' lang='lat' dir='ltr'>Sextus</span> <span class='ocrx_word' id='word_1_191' title='bbox 537 1689 687 1730; x_wconf 85' lang='lat' dir='ltr'>angelus</span> <span class='ocrx_word' id='word_1_192' title='bbox 708 1688 832 1720; x_wconf 85' lang='lat' dir='ltr'>effudit</span> <span class='ocrx_word' id='word_1_193' title='bbox 849 1687 1003 1728; x_wconf 88' lang='lat' dir='ltr'>phialam</span> <span class='ocrx_word' id='word_1_194' title='bbox 1023 1696 1122 1718; x_wconf 89' lang='lat' dir='ltr'>suam</span> <span class='ocrx_word' id='word_1_195' title='bbox 1142 1686 1177 1717; x_wconf 92' lang='lat' dir='ltr'>in</span> <span class='ocrx_word' id='word_1_196' title='bbox 1203 1685 1335 1716; x_wconf 92' lang='lat' dir='ltr'>flumen</span> <span class='ocrx_word' id='word_1_197' title='bbox 1353 1694 1525 1725; x_wconf 90' lang='lat' dir='ltr'>magnum</span> <span class='ocrx_word' id='word_1_198' title='bbox 1545 1683 1776 1724; x_wconf 88' lang='lat' dir='ltr'>Euphratem,</span> 
     </span>
     <span class='ocr_line' id='line_1_22' title="bbox 456 1726 1778 1773; baseline -0.006 -7"><span class='ocrx_word' id='word_1_199' title='bbox 456 1741 491 1767; x_wconf 90' lang='lat' dir='ltr'>et</span> <span class='ocrx_word' id='word_1_200' title='bbox 507 1734 685 1766; x_wconf 85' lang='lat' dir='ltr'>exsiccata</span> <span class='ocrx_word' id='word_1_201' title='bbox 700 1739 754 1764; x_wconf 92' lang='lat' dir='ltr'>est</span> <span class='ocrx_word' id='word_1_202' title='bbox 771 1742 863 1773; x_wconf 88' lang='lat' dir='ltr'>aqua</span> <span class='ocrx_word' id='word_1_203' title='bbox 886 1731 975 1772; x_wconf 87' lang='lat' dir='ltr'>ejus,</span> <span class='ocrx_word' id='word_1_204' title='bbox 995 1737 1034 1762; x_wconf 89' lang='lat' dir='ltr'>ut</span> <span class='ocrx_word' id='word_1_205' title='bbox 1057 1735 1240 1771; x_wconf 77' lang='lat' dir='ltr'>pararetur</span> <span class='ocrx_word' id='word_1_206' title='bbox 1257 1729 1315 1761; x_wconf 87' lang='lat' dir='ltr'>via</span> <span class='ocrx_word' id='word_1_207' title='bbox 1337 1738 1461 1769; x_wconf 87' lang='lat' dir='ltr'>regum</span> <span class='ocrx_word' id='word_1_208' title='bbox 1487 1729 1531 1759; x_wconf 92' lang='lat' dir='ltr'>ab</span> <span class='ocrx_word' id='word_1_209' title='bbox 1555 1734 1636 1760; x_wconf 91' lang='lat' dir='ltr'>ortu</span> <span class='ocrx_word' id='word_1_210' title='bbox 1659 1727 1746 1759; x_wconf 90' lang='lat' dir='ltr'>solis</span> <span class='ocrx_word' id='word_1_211' title='bbox 1760 1726 1778 1738; x_wconf 82' lang='lat'>&#39;’</span> 
     </span>
     <span class='ocr_line' id='line_1_23' title="bbox 470 1785 633 1809; baseline -0.018 0"><span class='ocrx_word' id='word_1_212' title='bbox 470 1788 539 1809; x_wconf 78' lang='lat' dir='ltr'>xvi.</span> <span class='ocrx_word' id='word_1_213' title='bbox 559 1785 597 1808; x_wconf 91' lang='lat'>12</span> <span class='ocrx_word' id='word_1_214' title='bbox 627 1786 633 1793; x_wconf 92' lang='lat'><em>·</em></span> 
     </span>
    </p>

    <p class='ocr_par' dir='ltr' id='par_1_10' title="bbox 348 1777 1778 1905">
     <span class='ocr_line' id='line_1_24' title="bbox 348 1777 1778 1860; baseline -0.006 -6"><span class='ocrx_word' id='word_1_215' title='bbox 348 1822 439 1855; x_wconf 91' lang='lat' dir='ltr'>Cum</span> <span class='ocrx_word' id='word_1_216' title='bbox 456 1777 642 1853; x_wconf 60' lang='lat' dir='ltr'>ineretriite</span> <span class='ocrx_word' id='word_1_217' title='bbox 666 1829 799 1860; x_wconf 87' lang='lat' dir='ltr'>magna</span> <span class='ocrx_word' id='word_1_218' title='bbox 818 1819 965 1850; x_wconf 87' lang='lat' dir='ltr'>sedente</span> <span class='ocrx_word' id='word_1_219' title='bbox 982 1827 1089 1858; x_wconf 89' lang='lat' dir='ltr'>super</span> <span class='ocrx_word' id='word_1_220' title='bbox 1104 1818 1205 1858; x_wconf 91' lang='lat' dir='ltr'>aquis</span> <span class='ocrx_word' id='word_1_221' title='bbox 1222 1817 1343 1848; x_wconf 89' lang='lat' dir='ltr'>multis</span> <span class='ocrx_word' id='word_1_222' title='bbox 1364 1815 1543 1848; x_wconf 86' lang='lat' dir='ltr'>“scortati</span> <span class='ocrx_word' id='word_1_223' title='bbox 1567 1819 1652 1847; x_wconf 90' lang='lat' dir='ltr'>sunt</span> <span class='ocrx_word' id='word_1_224' title='bbox 1675 1824 1778 1855; x_wconf 87' lang='lat' dir='ltr'>reges</span> 
     </span>
     <span class='ocr_line' id='line_1_25' title="bbox 457 1861 872 1905; baseline -0.007 -8"><span class='ocrx_word' id='word_1_225' title='bbox 457 1864 599 1897; x_wconf 87' lang='lat' dir='ltr'>terrae”</span> <span class='ocrx_word' id='word_1_226' title='bbox 617 1864 713 1904; x_wconf 87' lang='lat' dir='ltr'>(xvii.</span> <span class='ocrx_word' id='word_1_227' title='bbox 733 1861 798 1905; x_wconf 90' lang='lat'>[1,]</span> <span class='ocrx_word' id='word_1_228' title='bbox 819 1863 872 1903; x_wconf 86' lang='lat'>2);</span> 
     </span>
    </p>

    <p class='ocr_par' dir='ltr' id='par_1_11' title="bbox 366 1901 1779 2169">
     <span class='ocr_line' id='line_1_26' title="bbox 366 1901 1778 1950; baseline -0.006 -9"><span class='ocrx_word' id='word_1_229' title='bbox 366 1911 374 1924; x_wconf 79' lang='lat'>⁴</span> <span class='ocrx_word' id='word_1_230' title='bbox 385 1909 528 1950; x_wconf 90' lang='lat' dir='ltr'>Septem</span> <span class='ocrx_word' id='word_1_231' title='bbox 546 1909 662 1950; x_wconf 90' lang='lat' dir='ltr'>capita</span> <span class='ocrx_word' id='word_1_232' title='bbox 677 1913 761 1939; x_wconf 87' lang='lat' dir='ltr'>sunt</span> <span class='ocrx_word' id='word_1_233' title='bbox 778 1913 914 1947; x_wconf 90' lang='lat' dir='ltr'>septem</span> <span class='ocrx_word' id='word_1_234' title='bbox 929 1911 1070 1938; x_wconf 87' lang='lat' dir='ltr'>montes</span> <span class='ocrx_word' id='word_1_235' title='bbox 1087 1905 1147 1936; x_wconf 92' lang='lat' dir='ltr'>ubi</span> <span class='ocrx_word' id='word_1_236' title='bbox 1164 1904 1291 1936; x_wconf 91' lang='lat' dir='ltr'>mulier</span> <span class='ocrx_word' id='word_1_237' title='bbox 1304 1901 1447 1941; x_wconf 72' lang='lat' dir='ltr'>fflsedet,</span> <span class='ocrx_word' id='word_1_238' title='bbox 1468 1909 1504 1934; x_wconf 87' lang='lat' dir='ltr'>et</span> <span class='ocrx_word' id='word_1_239' title='bbox 1520 1913 1622 1944; x_wconf 86' lang='lat' dir='ltr'>reges</span> <span class='ocrx_word' id='word_1_240' title='bbox 1640 1907 1778 1943; x_wconf 88' lang='lat' dir='ltr'>septem</span> 
     </span>
     <span class='ocr_line' id='line_1_27' title="bbox 456 1946 1775 1993; baseline -0.005 -9"><span class='ocrx_word' id='word_1_241' title='bbox 456 1958 560 1990; x_wconf 87' lang='lat' dir='ltr'>sunt;</span> <span class='ocrx_word' id='word_1_242' title='bbox 585 1951 740 1993; x_wconf 84' lang='lat' dir='ltr'>quinque</span> <span class='ocrx_word' id='word_1_243' title='bbox 756 1951 969 1987; x_wconf 90' lang='lat' dir='ltr'>ceciderunt,</span> <span class='ocrx_word' id='word_1_244' title='bbox 989 1947 1040 1991; x_wconf 93' lang='lat' dir='ltr'>[et</span> <span class='ocrx_word' id='word_1_245' title='bbox 1056 1959 1147 1980; x_wconf 90' lang='lat' dir='ltr'>unus</span> <span class='ocrx_word' id='word_1_246' title='bbox 1165 1946 1249 1990; x_wconf 89' lang='lat' dir='ltr'>est,]</span> <span class='ocrx_word' id='word_1_247' title='bbox 1268 1948 1358 1979; x_wconf 91' lang='lat' dir='ltr'>alius</span> <span class='ocrx_word' id='word_1_248' title='bbox 1377 1948 1536 1978; x_wconf 89' lang='lat' dir='ltr'>nondum</span> <span class='ocrx_word' id='word_1_249' title='bbox 1554 1947 1673 1979; x_wconf 88' lang='lat' dir='ltr'>venit:</span> <span class='ocrx_word' id='word_1_250' title='bbox 1688 1971 1695 1978; x_wconf 91' lang='lat'><em>.</em></span> <span class='ocrx_word' id='word_1_251' title='bbox 1715 1971 1722 1978; x_wconf 90' lang='lat'>.</span> <span class='ocrx_word' id='word_1_252' title='bbox 1741 1970 1748 1978; x_wconf 91' lang='lat'>.</span> <span class='ocrx_word' id='word_1_253' title='bbox 1768 1971 1775 1978; x_wconf 90' lang='lat'>.</span> 
     </span>
     <span class='ocr_line' id='line_1_28' title="bbox 455 1991 1779 2035; baseline -0.005 -7"><span class='ocrx_word' id='word_1_254' title='bbox 455 2004 491 2028; x_wconf 89' lang='lat' dir='ltr'>et</span> <span class='ocrx_word' id='word_1_255' title='bbox 506 1997 629 2028; x_wconf 91' lang='lat' dir='ltr'>decem</span> <span class='ocrx_word' id='word_1_256' title='bbox 646 2005 780 2027; x_wconf 89' lang='lat' dir='ltr'>cornua</span> <span class='ocrx_word' id='word_1_257' title='bbox 795 2004 885 2035; x_wconf 90' lang='lat' dir='ltr'>quae</span> <span class='ocrx_word' id='word_1_258' title='bbox 902 1993 1033 2030; x_wconf 91' lang='lat' dir='ltr'>vidisti,</span> <span class='ocrx_word' id='word_1_259' title='bbox 1053 1993 1175 2024; x_wconf 89' lang='lat' dir='ltr'>decem</span> <span class='ocrx_word' id='word_1_260' title='bbox 1200 2002 1302 2033; x_wconf 89' lang='lat' dir='ltr'>reges</span> <span class='ocrx_word' id='word_1_261' title='bbox 1324 1997 1418 2029; x_wconf 88' lang='lat' dir='ltr'>sunt,</span> <span class='ocrx_word' id='word_1_262' title='bbox 1438 1991 1497 2032; x_wconf 88' lang='lat' dir='ltr'>qui</span> <span class='ocrx_word' id='word_1_263' title='bbox 1522 2001 1671 2032; x_wconf 87' lang='lat' dir='ltr'>regnum</span> <span class='ocrx_word' id='word_1_264' title='bbox 1690 2000 1779 2022; x_wconf 82' lang='lat' dir='ltr'>non·</span> 
     </span>
     <span class='ocr_line' id='line_1_29' title="bbox 455 2034 1779 2080; baseline -0.005 -8"><span class='ocrx_word' id='word_1_265' title='bbox 455 2041 540 2072; x_wconf 90' lang='lat' dir='ltr'>dum</span> <span class='ocrx_word' id='word_1_266' title='bbox 553 2044 764 2080; x_wconf 80' lang='lat' dir='ltr'>acceperunt</span> <span class='ocrx_word' id='word_1_267' title='bbox 778 2048 785 2077; x_wconf 90' lang='grc'>;</span> <span class='ocrx_word' id='word_1_268' title='bbox 810 2038 874 2070; x_wconf 90' lang='lat' dir='ltr'>sed</span> <span class='ocrx_word' id='word_1_269' title='bbox 890 2042 1103 2078; x_wconf 88' lang='lat' dir='ltr'>potestatem</span> <span class='ocrx_word' id='word_1_270' title='bbox 1117 2036 1208 2067; x_wconf 85' lang='lat' dir='ltr'>sicut</span> <span class='ocrx_word' id='word_1_271' title='bbox 1221 2046 1323 2076; x_wconf 87' lang='lat' dir='ltr'>reges</span> <span class='ocrx_word' id='word_1_272' title='bbox 1336 2045 1445 2066; x_wconf 90' lang='lat' dir='ltr'>unam</span> <span class='ocrx_word' id='word_1_273' title='bbox 1462 2035 1588 2066; x_wconf 91' lang='lat' dir='ltr'>horam</span> <span class='ocrx_word' id='word_1_274' title='bbox 1602 2034 1779 2075; x_wconf 87' lang='lat' dir='ltr'>accipiunt</span> 
     </span>
     <span class='ocr_line' id='line_1_30' title="bbox 456 2079 1775 2120; baseline -0.005 -4"><span class='ocrx_word' id='word_1_275' title='bbox 456 2094 535 2116; x_wconf 91' lang='lat' dir='ltr'>cum</span> <span class='ocrx_word' id='word_1_276' title='bbox 560 2083 694 2115; x_wconf 88' lang='lat' dir='ltr'>bestia:</span> <span class='ocrx_word' id='word_1_277' title='bbox 711 2107 718 2114; x_wconf 94' lang='lat'><strong>.</strong></span> <span class='ocrx_word' id='word_1_278' title='bbox 737 2107 744 2115; x_wconf 92' lang='lat'><strong>.</strong></span> <span class='ocrx_word' id='word_1_279' title='bbox 763 2107 770 2114; x_wconf 93' lang='lat'>.</span> <span class='ocrx_word' id='word_1_280' title='bbox 789 2107 796 2114; x_wconf 93' lang='lat'><strong><em>.</em></strong></span> <span class='ocrx_word' id='word_1_281' title='bbox 812 2082 848 2113; x_wconf 93' lang='lat' dir='ltr'>hi</span> <span class='ocrx_word' id='word_1_282' title='bbox 872 2091 950 2112; x_wconf 90' lang='lat' dir='ltr'>curn</span> <span class='ocrx_word' id='word_1_283' title='bbox 969 2081 1077 2120; x_wconf 89' lang='lat' dir='ltr'>Agno</span> <span class='ocrx_word' id='word_1_284' title='bbox 1099 2080 1318 2120; x_wconf 85' lang='lat' dir='ltr'>pugnabunt,</span> <span class='ocrx_word' id='word_1_285' title='bbox 1339 2085 1374 2110; x_wconf 90' lang='lat' dir='ltr'>et</span> <span class='ocrx_word' id='word_1_286' title='bbox 1390 2079 1517 2119; x_wconf 90' lang='lat' dir='ltr'>Agnus</span> <span class='ocrx_word' id='word_1_287' title='bbox 1541 2079 1660 2111; x_wconf 90' lang='lat' dir='ltr'>vincet</span> <span class='ocrx_word' id='word_1_288' title='bbox 1683 2079 1775 2115; x_wconf 74' lang='lat' dir='ltr'>illos,</span> 
     </span>
     <span class='ocr_line' id='line_1_31' title="bbox 458 2122 1778 2169; baseline -0.004 -10"><span class='ocrx_word' id='word_1_289' title='bbox 458 2128 627 2169; x_wconf 89' lang='lat' dir='ltr'>quoniam</span> <span class='ocrx_word' id='word_1_290' title='bbox 640 2127 816 2159; x_wconf 87' lang='lat' dir='ltr'>Dominus</span> <span class='ocrx_word' id='word_1_291' title='bbox 827 2125 1055 2158; x_wconf 89' lang='lat' dir='ltr'>dominorum</span> <span class='ocrx_word' id='word_1_292' title='bbox 1067 2130 1122 2155; x_wconf 89' lang='lat' dir='ltr'>est</span> <span class='ocrx_word' id='word_1_293' title='bbox 1134 2130 1170 2155; x_wconf 90' lang='lat' dir='ltr'>et</span> <span class='ocrx_word' id='word_1_294' title='bbox 1185 2124 1262 2155; x_wconf 87' lang='lat' dir='ltr'>Rex</span> <span class='ocrx_word' id='word_1_295' title='bbox 1271 2122 1417 2163; x_wconf 91' lang='lat' dir='ltr'>regum’&#39;</span> <span class='ocrx_word' id='word_1_296' title='bbox 1427 2123 1525 2162; x_wconf 86' lang='lat' dir='ltr'>(xvii.</span> <span class='ocrx_word' id='word_1_297' title='bbox 1539 2133 1570 2163; x_wconf 89' lang='lat'>9,</span> <span class='ocrx_word' id='word_1_298' title='bbox 1586 2131 1636 2160; x_wconf 84' lang='lat'>10,</span> <span class='ocrx_word' id='word_1_299' title='bbox 1652 2124 1778 2162; x_wconf 82' lang='lat'>12,14);</span> 
     </span>
    </p>

    <p class='ocr_par' dir='ltr' id='par_1_12' title="bbox 350 2168 1778 2254">
     <span class='ocr_line' id='line_1_32' title="bbox 350 2168 1778 2213; baseline -0.004 -9"><span class='ocrx_word' id='word_1_300' title='bbox 350 2173 373 2188; x_wconf 81' lang='lat'>⁴⁴</span> <span class='ocrx_word' id='word_1_301' title='bbox 387 2171 430 2204; x_wconf 89' lang='lat' dir='ltr'>Et</span> <span class='ocrx_word' id='word_1_302' title='bbox 447 2172 584 2209; x_wconf 88' lang='lat' dir='ltr'>mulier,</span> <span class='ocrx_word' id='word_1_303' title='bbox 605 2181 710 2213; x_wconf 92' lang='lat' dir='ltr'>quam</span> <span class='ocrx_word' id='word_1_304' title='bbox 727 2170 858 2208; x_wconf 88' lang='lat' dir='ltr'>vidisti,</span> <span class='ocrx_word' id='word_1_305' title='bbox 877 2175 932 2200; x_wconf 87' lang='lat' dir='ltr'>est</span> <span class='ocrx_word' id='word_1_306' title='bbox 956 2169 1039 2200; x_wconf 90' lang='lat' dir='ltr'>urbs</span> <span class='ocrx_word' id='word_1_307' title='bbox 1065 2178 1207 2208; x_wconf 88' lang='lat' dir='ltr'>magna,</span> <span class='ocrx_word' id='word_1_308' title='bbox 1226 2168 1363 2199; x_wconf 86' lang='lat' dir='ltr'>habens</span> <span class='ocrx_word' id='word_1_309' title='bbox 1380 2177 1530 2207; x_wconf 88' lang='lat' dir='ltr'>regnum</span> <span class='ocrx_word' id='word_1_310' title='bbox 1552 2177 1659 2207; x_wconf 90' lang='lat' dir='ltr'>super</span> <span class='ocrx_word' id='word_1_311' title='bbox 1675 2176 1778 2207; x_wconf 86' lang='lat' dir='ltr'>reges</span> 
     </span>
     <span class='ocr_line' id='line_1_33' title="bbox 455 2213 808 2254; baseline -0.003 -7"><span class='ocrx_word' id='word_1_312' title='bbox 455 2222 570 2247; x_wconf 90' lang='lat' dir='ltr'>terrae</span> <span class='ocrx_word' id='word_1_313' title='bbox 583 2214 601 2227; x_wconf 91' lang='lat'>”</span> <span class='ocrx_word' id='word_1_314' title='bbox 618 2214 715 2253; x_wconf 86' lang='lat' dir='ltr'>(xvii.</span> <span class='ocrx_word' id='word_1_315' title='bbox 735 2213 808 2254; x_wconf 85' lang='lat'>18);</span> 
     </span>
    </p>

    <p class='ocr_par' dir='ltr' id='par_1_13' title="bbox 350 2254 1779 2343">
     <span class='ocr_line' id='line_1_34' title="bbox 350 2254 1779 2296; baseline -0.004 -4"><span class='ocrx_word' id='word_1_316' title='bbox 350 2259 439 2291; x_wconf 89' lang='lat' dir='ltr'>“De</span> <span class='ocrx_word' id='word_1_317' title='bbox 463 2260 548 2291; x_wconf 89' lang='lat' dir='ltr'>vino</span> <span class='ocrx_word' id='word_1_318' title='bbox 572 2259 645 2291; x_wconf 88' lang='lat' dir='ltr'>irae</span> <span class='ocrx_word' id='word_1_319' title='bbox 669 2256 896 2291; x_wconf 87' lang='lat' dir='ltr'>scortationis</span> <span class='ocrx_word' id='word_1_320' title='bbox 907 2255 925 2268; x_wconf 92' lang='lat'>”</span> <span class='ocrx_word' id='word_1_321' title='bbox 952 2255 1172 2296; x_wconf 87' lang='lat' dir='ltr'>Babyloniae</span> <span class='ocrx_word' id='word_1_322' title='bbox 1200 2254 1400 2286; x_wconf 85' lang='lat' dir='ltr'>“biberunt</span> <span class='ocrx_word' id='word_1_323' title='bbox 1423 2264 1550 2287; x_wconf 90' lang='lat' dir='ltr'>omnes</span> <span class='ocrx_word' id='word_1_324' title='bbox 1578 2261 1716 2296; x_wconf 87' lang='lat' dir='ltr'>gentes,</span> <span class='ocrx_word' id='word_1_325' title='bbox 1744 2260 1779 2286; x_wconf 87' lang='lat' dir='ltr'>et</span> 
     </span>
     <span class='ocr_line' id='line_1_35' title="bbox 455 2297 1517 2343; baseline -0.008 -8"><span class='ocrx_word' id='word_1_326' title='bbox 455 2313 558 2343; x_wconf 86' lang='lat' dir='ltr'>reges</span> <span class='ocrx_word' id='word_1_327' title='bbox 576 2309 689 2334; x_wconf 89' lang='lat' dir='ltr'>terrae</span> <span class='ocrx_word' id='word_1_328' title='bbox 706 2312 786 2333; x_wconf 88' lang='lat' dir='ltr'>cum</span> <span class='ocrx_word' id='word_1_329' title='bbox 803 2301 866 2332; x_wconf 86' lang='lat' dir='ltr'>illa</span> <span class='ocrx_word' id='word_1_330' title='bbox 881 2300 1025 2332; x_wconf 85' lang='lat' dir='ltr'>scortati</span> <span class='ocrx_word' id='word_1_331' title='bbox 1043 2298 1155 2331; x_wconf 84' lang='lat' dir='ltr'>sunt&#39;’</span> <span class='ocrx_word' id='word_1_332' title='bbox 1172 2298 1280 2339; x_wconf 87' lang='lat' dir='ltr'>(xviii.</span> <span class='ocrx_word' id='word_1_333' title='bbox 1299 2297 1331 2338; x_wconf 87' lang='lat'>3)</span> <span class='ocrx_word' id='word_1_334' title='bbox 1347 2308 1354 2337; x_wconf 85' lang='lat'>;</span> <span class='ocrx_word' id='word_1_335' title='bbox 1397 2322 1401 2326; x_wconf 92' lang='lat'>.</span> <span class='ocrx_word' id='word_1_336' title='bbox 1512 2320 1517 2327; x_wconf 91' lang='lat'><strong>.</strong></span> 
     </span>
    </p>

    <p class='ocr_par' dir='ltr' id='par_1_14' title="bbox 351 2342 1778 2431">
     <span class='ocr_line' id='line_1_36' title="bbox 351 2342 1778 2385; baseline -0.004 -6"><span class='ocrx_word' id='word_1_337' title='bbox 351 2347 373 2363; x_wconf 79' lang='lat'>‘⁸</span> <span class='ocrx_word' id='word_1_338' title='bbox 387 2346 431 2379; x_wconf 87' lang='lat' dir='ltr'>Et</span> <span class='ocrx_word' id='word_1_339' title='bbox 447 2347 519 2379; x_wconf 86' lang='lat' dir='ltr'>vidi</span> <span class='ocrx_word' id='word_1_340' title='bbox 535 2347 688 2378; x_wconf 89' lang='lat' dir='ltr'>bestiam</span> <span class='ocrx_word' id='word_1_341' title='bbox 705 2351 741 2377; x_wconf 89' lang='lat' dir='ltr'>et</span> <span class='ocrx_word' id='word_1_342' title='bbox 757 2354 858 2385; x_wconf 89' lang='lat' dir='ltr'>reges</span> <span class='ocrx_word' id='word_1_343' title='bbox 876 2350 1002 2382; x_wconf 87' lang='lat' dir='ltr'>terrae,</span> <span class='ocrx_word' id='word_1_344' title='bbox 1021 2350 1057 2375; x_wconf 89' lang='lat' dir='ltr'>et</span> <span class='ocrx_word' id='word_1_345' title='bbox 1073 2344 1248 2375; x_wconf 90' lang='lat' dir='ltr'>exercitus</span> <span class='ocrx_word' id='word_1_346' title='bbox 1266 2352 1389 2374; x_wconf 88' lang='lat' dir='ltr'>eorum</span> <span class='ocrx_word' id='word_1_347' title='bbox 1407 2348 1644 2382; x_wconf 88' lang='lat' dir='ltr'>congregatos</span> <span class='ocrx_word' id='word_1_348' title='bbox 1661 2342 1778 2374; x_wconf 84' lang='lat' dir='ltr'>facere</span> 
     </span>
     <span class='ocr_line' id='line_1_37' title="bbox 455 2385 1778 2431; baseline -0.004 -9"><span class='ocrx_word' id='word_1_349' title='bbox 455 2390 628 2431; x_wconf 90' lang='lat' dir='ltr'>proelium</span> <span class='ocrx_word' id='word_1_350' title='bbox 643 2399 723 2421; x_wconf 86' lang='lat' dir='ltr'>curn</span> <span class='ocrx_word' id='word_1_351' title='bbox 734 2389 881 2420; x_wconf 91' lang='lat' dir='ltr'>sedente</span> <span class='ocrx_word' id='word_1_352' title='bbox 895 2398 1001 2428; x_wconf 89' lang='lat' dir='ltr'>super</span> <span class='ocrx_word' id='word_1_353' title='bbox 1013 2397 1115 2428; x_wconf 81' lang='lat' dir='ltr'>eque,</span> <span class='ocrx_word' id='word_1_354' title='bbox 1131 2393 1165 2418; x_wconf 91' lang='lat' dir='ltr'>et</span> <span class='ocrx_word' id='word_1_355' title='bbox 1178 2396 1258 2418; x_wconf 91' lang='lat' dir='ltr'>cum</span> <span class='ocrx_word' id='word_1_356' title='bbox 1272 2387 1429 2417; x_wconf 85' lang='lat' dir='ltr'>exercitu</span> <span class='ocrx_word' id='word_1_357' title='bbox 1444 2385 1561 2426; x_wconf 90' lang='lat' dir='ltr'>Ipsius</span> <span class='ocrx_word' id='word_1_358' title='bbox 1572 2385 1591 2398; x_wconf 84' lang='lat'>&#39;&#39;</span> <span class='ocrx_word' id='word_1_359' title='bbox 1603 2385 1687 2426; x_wconf 88' lang='lat' dir='ltr'>(xix.</span> <span class='ocrx_word' id='word_1_360' title='bbox 1704 2386 1757 2426; x_wconf 86' lang='lat'>19)</span> <span class='ocrx_word' id='word_1_361' title='bbox 1771 2396 1778 2422; x_wconf 91' lang='grc'>;</span> 
     </span>
    </p>

    <p class='ocr_par' dir='ltr' id='par_1_15' title="bbox 350 2428 1778 2517">
     <span class='ocr_line' id='line_1_38' title="bbox 350 2428 1778 2478; baseline -0.004 -12"><span class='ocrx_word' id='word_1_362' title='bbox 350 2435 372 2450; x_wconf 83' lang='grc'>“</span> <span class='ocrx_word' id='word_1_363' title='bbox 385 2434 429 2466; x_wconf 89' lang='lat' dir='ltr'>Et</span> <span class='ocrx_word' id='word_1_364' title='bbox 445 2440 571 2478; x_wconf 67' lang='lat' dir='ltr'>gentes</span> <span class='ocrx_word' id='word_1_365' title='bbox 588 2443 677 2475; x_wconf 91' lang='lat' dir='ltr'>quae</span> <span class='ocrx_word' id='word_1_366' title='bbox 698 2439 861 2464; x_wconf 90' lang='lat' dir='ltr'>servatae</span> <span class='ocrx_word' id='word_1_367' title='bbox 886 2437 980 2469; x_wconf 88' lang='lat' dir='ltr'>sunt,</span> <span class='ocrx_word' id='word_1_368' title='bbox 1001 2431 1037 2462; x_wconf 88' lang='lat' dir='ltr'>in</span> <span class='ocrx_word' id='word_1_369' title='bbox 1062 2431 1196 2462; x_wconf 87' lang='lat' dir='ltr'>lumine</span> <span class='ocrx_word' id='word_1_370' title='bbox 1213 2428 1326 2471; x_wconf 68' lang='lat' dir='ltr'>fflejus</span> <span class='ocrx_word' id='word_1_371' title='bbox 1351 2430 1595 2468; x_wconf 87' lang='lat' dir='ltr'>ambulabunt,</span> <span class='ocrx_word' id='word_1_372' title='bbox 1617 2435 1652 2461; x_wconf 92' lang='lat' dir='ltr'>et</span> <span class='ocrx_word' id='word_1_373' title='bbox 1675 2440 1778 2471; x_wconf 87' lang='lat' dir='ltr'>reges</span> 
     </span>
     <span class='ocr_line' id='line_1_39' title="bbox 455 2473 1664 2517; baseline -0.004 -7"><span class='ocrx_word' id='word_1_374' title='bbox 455 2484 571 2510; x_wconf 86' lang='lat' dir='ltr'>terrae</span> <span class='ocrx_word' id='word_1_375' title='bbox 588 2477 739 2509; x_wconf 82' lang='lat' dir='ltr'>afferent</span> <span class='ocrx_word' id='word_1_376' title='bbox 754 2476 905 2517; x_wconf 87' lang='lat' dir='ltr'>gloriam</span> <span class='ocrx_word' id='word_1_377' title='bbox 923 2481 958 2507; x_wconf 90' lang='lat' dir='ltr'>et</span> <span class='ocrx_word' id='word_1_378' title='bbox 973 2475 1147 2506; x_wconf 87' lang='lat' dir='ltr'>honorem</span> <span class='ocrx_word' id='word_1_379' title='bbox 1166 2484 1269 2506; x_wconf 88' lang='lat' dir='ltr'>suum</span> <span class='ocrx_word' id='word_1_380' title='bbox 1287 2473 1323 2504; x_wconf 92' lang='lat' dir='ltr'>in</span> <span class='ocrx_word' id='word_1_381' title='bbox 1341 2474 1439 2505; x_wconf 89' lang='lat' dir='ltr'>illam</span> <span class='ocrx_word' id='word_1_382' title='bbox 1451 2473 1468 2485; x_wconf 84' lang='lat'>&#39;¹</span> <span class='ocrx_word' id='word_1_383' title='bbox 1486 2473 1570 2512; x_wconf 86' lang='lat' dir='ltr'>(xxi.</span> <span class='ocrx_word' id='word_1_384' title='bbox 1587 2474 1642 2514; x_wconf 88' lang='lat'>24)</span> <span class='ocrx_word' id='word_1_385' title='bbox 1657 2483 1664 2512; x_wconf 90' lang='lat'><em>;</em></span> 
     </span>
    </p>
   </div>
   <div class='ocr_carea' id='block_1_10' title="bbox 280 2562 1777 2745">
    <p class='ocr_par' dir='ltr' id='par_1_16' title="bbox 280 2562 1777 2745">
     <span class='ocr_line' id='line_1_40' title="bbox 280 2562 1777 2619; baseline -0.004 -11"><span class='ocrx_word' id='word_1_386' title='bbox 280 2568 325 2609; x_wconf 92' lang='lat' dir='ltr'>in</span> <span class='ocrx_word' id='word_1_387' title='bbox 347 2567 415 2608; x_wconf 90' lang='lat' dir='ltr'>his</span> <span class='ocrx_word' id='word_1_388' title='bbox 438 2566 548 2607; x_wconf 88' lang='lat' dir='ltr'>locis</span> <span class='ocrx_word' id='word_1_389' title='bbox 570 2580 648 2619; x_wconf 88' lang='lat' dir='ltr'>per</span> <span class='ocrx_word' id='word_1_390' title='bbox 673 2569 842 2618; x_wconf 88' lang='lat' dir='ltr'>“reges</span> <span class='ocrx_word' id='word_1_391' title='bbox 854 2564 872 2580; x_wconf 94' lang='grc'>”</span> <span class='ocrx_word' id='word_1_392' title='bbox 896 2577 987 2604; x_wconf 89' lang='lat' dir='ltr'>non</span> <span class='ocrx_word' id='word_1_393' title='bbox 1009 2562 1325 2616; x_wconf 87' lang='lat' dir='ltr'>intelliguntur</span> <span class='ocrx_word' id='word_1_394' title='bbox 1346 2576 1492 2615; x_wconf 81' lang='lat' dir='ltr'>rege5‚</span> <span class='ocrx_word' id='word_1_395' title='bbox 1516 2562 1596 2604; x_wconf 90' lang='lat' dir='ltr'>sed</span> <span class='ocrx_word' id='word_1_396' title='bbox 1619 2575 1777 2603; x_wconf 90' lang='lat' dir='ltr'>omnes</span> 
     </span>
     <span class='ocr_line' id='line_1_41' title="bbox 281 2625 1777 2685; baseline -0.004 -14"><span class='ocrx_word' id='word_1_397' title='bbox 281 2631 354 2685; x_wconf 89' lang='lat' dir='ltr'>qui</span> <span class='ocrx_word' id='word_1_398' title='bbox 376 2630 448 2671; x_wconf 89' lang='lat' dir='ltr'>vel</span> <span class='ocrx_word' id='word_1_399' title='bbox 470 2631 514 2670; x_wconf 91' lang='lat' dir='ltr'>in</span> <span class='ocrx_word' id='word_1_400' title='bbox 537 2630 652 2671; x_wconf 86' lang='lat' dir='ltr'>veris</span> <span class='ocrx_word' id='word_1_401' title='bbox 674 2627 734 2670; x_wconf 82' lang='lat' dir='ltr'>ex</span> <span class='ocrx_word' id='word_1_402' title='bbox 756 2630 877 2669; x_wconf 91' lang='lat' dir='ltr'>bono</span> <span class='ocrx_word' id='word_1_403' title='bbox 900 2633 1003 2668; x_wconf 91' lang='lat' dir='ltr'>sunt</span> <span class='ocrx_word' id='word_1_404' title='bbox 1026 2626 1098 2668; x_wconf 90' lang='lat' dir='ltr'>vel</span> <span class='ocrx_word' id='word_1_405' title='bbox 1121 2627 1165 2667; x_wconf 92' lang='lat' dir='ltr'>in</span> <span class='ocrx_word' id='word_1_406' title='bbox 1187 2626 1307 2667; x_wconf 88' lang='lat' dir='ltr'>falsis</span> <span class='ocrx_word' id='word_1_407' title='bbox 1330 2639 1389 2667; x_wconf 88' lang='lat' dir='ltr'>ex</span> <span class='ocrx_word' id='word_1_408' title='bbox 1413 2625 1547 2675; x_wconf 92' lang='lat' dir='ltr'>malo,</span> <span class='ocrx_word' id='word_1_409' title='bbox 1572 2632 1620 2668; x_wconf 92' lang='lat' dir='ltr'>ut</span> <span class='ocrx_word' id='word_1_410' title='bbox 1644 2639 1777 2679; x_wconf 88' lang='lat' dir='ltr'>supra</span> 
     </span>
     <span class='ocr_line' id='line_1_42' title="bbox 280 2689 1248 2745; baseline -0.006 -10"><span class='ocrx_word' id='word_1_411' title='bbox 280 2692 449 2735; x_wconf 63' lang='lat' dir='ltr'>dictum</span> <span class='ocrx_word' id='word_1_412' title='bbox 475 2699 558 2734; x_wconf 90' lang='lat' dir='ltr'>est.</span> <span class='ocrx_word' id='word_1_413' title='bbox 620 2691 836 2734; x_wconf 87' lang='lat' dir='ltr'>Similiter</span> <span class='ocrx_word' id='word_1_414' title='bbox 860 2691 978 2745; x_wconf 89' lang='lat' dir='ltr'>apud</span> <span class='ocrx_word' id='word_1_415' title='bbox 1003 2689 1248 2739; x_wconf 82' lang='lat' dir='ltr'>Danielem,</span> 
     </span>
    </p>
   </div>
   <div class='ocr_carea' id='block_1_11' title="bbox 347 2788 1779 2877">
    <p class='ocr_par' dir='ltr' id='par_1_17' title="bbox 347 2788 1779 2877">
     <span class='ocr_line' id='line_1_43' title="bbox 347 2788 1779 2833; baseline -0.003 -8"><span class='ocrx_word' id='word_1_416' title='bbox 347 2793 416 2826; x_wconf 89' lang='lat' dir='ltr'>Per</span> <span class='ocrx_word' id='word_1_417' title='bbox 435 2793 589 2833; x_wconf 87' lang='lat' dir='ltr'>“regern</span> <span class='ocrx_word' id='word_1_418' title='bbox 614 2791 774 2823; x_wconf 88' lang='lat' dir='ltr'>meridiei</span> <span class='ocrx_word' id='word_1_419' title='bbox 785 2789 804 2803; x_wconf 89' lang='lat'><strong>”</strong></span> <span class='ocrx_word' id='word_1_420' title='bbox 821 2796 856 2822; x_wconf 94' lang='lat' dir='ltr'>et</span> <span class='ocrx_word' id='word_1_421' title='bbox 879 2800 943 2831; x_wconf 91' lang='lat' dir='ltr'>per</span> <span class='ocrx_word' id='word_1_422' title='bbox 963 2790 984 2805; x_wconf 89' lang='lat'><strong>“</strong></span> <span class='ocrx_word' id='word_1_423' title='bbox 998 2799 1118 2830; x_wconf 90' lang='lat' dir='ltr'>regern</span> <span class='ocrx_word' id='word_1_424' title='bbox 1136 2788 1428 2830; x_wconf 86' lang='lat' dir='ltr'>septentrionis,&#39;’</span> <span class='ocrx_word' id='word_1_425' title='bbox 1446 2789 1505 2831; x_wconf 91' lang='lat' dir='ltr'>qui</span> <span class='ocrx_word' id='word_1_426' title='bbox 1529 2789 1661 2822; x_wconf 90' lang='lat' dir='ltr'>bellum</span> <span class='ocrx_word' id='word_1_427' title='bbox 1686 2789 1779 2821; x_wconf 89' lang='lat' dir='ltr'>inter</span> 
     </span>
     <span class='ocr_line' id='line_1_44' title="bbox 396 2833 1080 2877; baseline -0.003 -11"><span class='ocrx_word' id='word_1_428' title='bbox 396 2864 398 2866; x_wconf 83' lang='lat'><em>.</em></span> <span class='ocrx_word' id='word_1_429' title='bbox 455 2846 493 2868; x_wconf 91' lang='lat' dir='ltr'>se</span> <span class='ocrx_word' id='word_1_430' title='bbox 510 2841 699 2877; x_wconf 88' lang='lat' dir='ltr'>gesserunt</span> <span class='ocrx_word' id='word_1_431' title='bbox 714 2835 804 2875; x_wconf 90' lang='lat' dir='ltr'>(cap.</span> <span class='ocrx_word' id='word_1_432' title='bbox 821 2835 868 2866; x_wconf 87' lang='lat' dir='ltr'>xi.</span> <span class='ocrx_word' id='word_1_433' title='bbox 887 2843 902 2865; x_wconf 95' lang='lat'>1</span> <span class='ocrx_word' id='word_1_434' title='bbox 920 2834 965 2865; x_wconf 88' lang='lat' dir='ltr'>ad</span> <span class='ocrx_word' id='word_1_435' title='bbox 982 2833 1080 2874; x_wconf 85' lang='lat' dir='ltr'>fin.);</span> 
     </span>
    </p>
   </div>
   <div class='ocr_carea' id='block_1_12' title="bbox 279 2921 1774 3041">
    <p class='ocr_par' dir='ltr' id='par_1_18' title="bbox 279 2921 1774 3041">
     <span class='ocr_line' id='line_1_45' title="bbox 279 2921 1773 2980; baseline -0.003 -13"><span class='ocrx_word' id='word_1_436' title='bbox 279 2939 358 2980; x_wconf 89' lang='lat' dir='ltr'>per</span> <span class='ocrx_word' id='word_1_437' title='bbox 385 2928 576 2978; x_wconf 85' lang='lat' dir='ltr'>“regem</span> <span class='ocrx_word' id='word_1_438' title='bbox 602 2922 832 2965; x_wconf 90' lang='lat' dir='ltr'>meridiei&#39;’</span> <span class='ocrx_word' id='word_1_439' title='bbox 857 2923 916 2964; x_wconf 92' lang='lat' dir='ltr'>ibi</span> <span class='ocrx_word' id='word_1_440' title='bbox 945 2921 1261 2976; x_wconf 87' lang='lat' dir='ltr'>intelliguntur</span> <span class='ocrx_word' id='word_1_441' title='bbox 1285 2922 1349 2963; x_wconf 92' lang='lat' dir='ltr'>illi</span> <span class='ocrx_word' id='word_1_442' title='bbox 1375 2923 1448 2976; x_wconf 88' lang='lat' dir='ltr'>qui</span> <span class='ocrx_word' id='word_1_443' title='bbox 1479 2923 1523 2963; x_wconf 91' lang='lat' dir='ltr'>in</span> <span class='ocrx_word' id='word_1_444' title='bbox 1555 2921 1654 2963; x_wconf 92' lang='lat' dir='ltr'>luce</span> <span class='ocrx_word' id='word_1_445' title='bbox 1680 2922 1773 2963; x_wconf 88' lang='lat' dir='ltr'>veri</span> 
     </span>
     <span class='ocr_line' id='line_1_46' title="bbox 279 2986 1774 3041; baseline -0.004 -9"><span class='ocrx_word' id='word_1_446' title='bbox 279 3004 339 3032; x_wconf 89' lang='lat' dir='ltr'>ex</span> <span class='ocrx_word' id='word_1_447' title='bbox 375 2989 496 3031; x_wconf 94' lang='lat' dir='ltr'>bono</span> <span class='ocrx_word' id='word_1_448' title='bbox 534 2994 653 3037; x_wconf 84' lang='lat' dir='ltr'>sunt,</span> <span class='ocrx_word' id='word_1_449' title='bbox 692 2993 739 3029; x_wconf 91' lang='lat' dir='ltr'>et</span> <span class='ocrx_word' id='word_1_450' title='bbox 776 3000 854 3041; x_wconf 92' lang='lat' dir='ltr'>per</span> <span class='ocrx_word' id='word_1_451' title='bbox 893 2990 1086 3040; x_wconf 85' lang='lat' dir='ltr'>“regem</span> <span class='ocrx_word' id='word_1_452' title='bbox 1124 2986 1478 3040; x_wconf 90' lang='lat' dir='ltr'>septentrionis’&#39;</span> <span class='ocrx_word' id='word_1_453' title='bbox 1515 2986 1577 3027; x_wconf 92' lang='lat' dir='ltr'>illi</span> <span class='ocrx_word' id='word_1_454' title='bbox 1616 2986 1689 3040; x_wconf 93' lang='lat' dir='ltr'>qui</span> <span class='ocrx_word' id='word_1_455' title='bbox 1730 2986 1774 3026; x_wconf 92' lang='lat' dir='ltr'>in</span> 
     </span>
    </p>
   </div>
  </div>
 </body>
</html>
