2060 3476
337 360 423 412 660
750 378 1082 414 APOCALYPSIS
1113 377 1410 412 EXPLICATA.

341 492 512 534 “Panis
543 490 658 533 Dei'’
689 497 736 532 et
770 491 940 532 “Panis
971 487 1123 532 vitae'”
1155 497 1226 533 est
1261 505 1321 533 ex
1358 505 1446 546 quo
1477 491 1684 533 omnibus
1714 492 1820 534 vita.

339 553 565 608 Quoniam
591 554 685 595 vita
711 567 824 607 quae
849 560 1038 595 vocatur
1061 553 1365 607 intelligentia
1390 560 1436 595 et
1461 554 1684 607 sapientia
1704 560 1775 596 est
1796 567 1823 595 a

337 617 549 666 Domino,
569 616 767 670 sequitur
789 617 926 657 etiam
948 616 1068 670 quod
1090 616 1184 657 vita
1204 617 1249 657 in
1271 617 1498 657 communi
1520 617 1578 657 sit
1607 616 1665 657 ab
1687 616 1820 670 Ipsov;

338 692 444 720 nam
475 678 720 732 singularia
750 679 885 727 vitae,
919 692 1033 732 quae
1064 677 1232 720 faciunt
1273 677 1592 732 perfectionem
1628 677 1735 731 ejus,
1768 692 1820 720 ac

335 743 620 784 insinuantur
660 741 831 782 homini
872 741 1119 783 secundum
1161 742 1485 795 receptionem,
1525 741 1676 782 omnia
1716 747 1821 782 sunt

335 805 459 846 vitae
484 804 761 855 communis;
794 804 921 853 haec,
950 809 1169 857 quantum
1199 817 1259 844 ex
1289 817 1343 844 ea
1372 809 1662 845 removentur
1686 802 1818 852 mala,

335 867 381 908 in
407 881 521 921 quae
546 867 685 907 homo
711 867 923 916 nascitur,
952 872 1133 908 tantum
1158 865 1396 920 perficitur.

423 929 505 984 [o.]
548 928 683 982 Quod
714 928 777 970 illi
808 929 881 983 qui
909 942 988 983 per
1013 941 1212 970 amorem
1245 935 1291 970 et
1323 928 1457 970 fidem
1489 928 1822 982 conjunguntur

336 992 535 1033 Domino
565 992 706 1034 vitam
738 997 972 1032 aeternam
1005 991 1243 1045 accipiant,
1276 991 1363 1032 hoc
1400 997 1485 1040 est,
1518 992 1659 1032 vitam
1690 991 1818 1041 caeli,

335 1069 449 1110 quae
474 1061 546 1096 est
572 1054 780 1104 salvatio,
807 1060 937 1108 patet
963 1067 1022 1095 ex
1047 1053 1117 1095 his
1143 1053 1254 1096 locis
1270 1054 1479 1108 :—Apud
1505 1054 1771 1103 Jolzannem,

403 1144 426 1159 ⁴⁴
438 1143 514 1184 Ego
531 1153 611 1174 sum
627 1142 719 1174 Vitis
736 1148 772 1174 et
786 1152 853 1174 vos
870 1141 1056 1183 palmites;
1080 1151 1230 1174 manens
1247 1143 1283 1174 in
1302 1142 1373 1180 Me,
1393 1149 1428 1174 et
1447 1142 1522 1183 Ego
1539 1143 1574 1174 in
1593 1143 1663 1180 illo,
1680 1142 1735 1174 hic
1752 1142 1821 1175 fert

508 1185 661 1218 fructum
686 1186 848 1224 multum,
868 1186 951 1227 quia
973 1185 1051 1217 sine
1069 1185 1129 1218 Me
1153 1196 1225 1218 non
1250 1187 1399 1227 potestis
1422 1186 1537 1218 facere
1561 1187 1765 1227 quicquam:
1790 1186 1819 1218 si

510 1240 583 1261 non
600 1230 678 1271 quis
695 1229 867 1262 manserit
881 1230 919 1262 in
937 1228 1010 1269 Me,
1029 1229 1168 1271 ejicitur
1183 1229 1292 1268 foras,
1309 1236 1344 1261 et
1359 1230 1449 1261 sicut
1467 1229 1601 1270 palmes
1615 1228 1819 1261 exarescit”

508 1274 578 1313 (xv.
597 1281 626 1313 5,
640 1273 694 1314 6):

334 1349 453 1404 apud
480 1349 691 1398 eundem,
1521 1366 1523 1368 ·
1560 1334 1584 1357 ²

403 1424 425 1437 ‘¹
436 1422 564 1454 Omnis
581 1421 639 1463 qui
656 1421 767 1454 credit
783 1420 819 1453 in
830 1420 850 1434 ”
868 1420 929 1454 Me
945 1422 985 1454 “.
999 1445 1008 1454 .
1020 1445 1029 1454 .
1042 1421 1165 1454 .habet
1180 1421 1290 1453 vitam
1307 1427 1489 1453 aeternam
1501 1420 1519 1432 ''
1538 1420 1600 1460 (iii.
1616 1420 1752 1469 14-16):

335 1498 454 1552 apud
480 1497 689 1546 eundem,

402 1572 424 1585 ‘⁴
436 1570 505 1612 Qui
521 1570 632 1602 credit
648 1569 684 1601 in
703 1569 830 1601 Filium
847 1569 954 1601 habet
971 1569 1080 1601 vitam
1097 1574 1291 1607 aeternam,
1312 1569 1370 1610 qui
1387 1578 1472 1600 vero
1496 1578 1569 1600 non
1594 1568 1705 1600 credit
1729 1567 1818 1600 Filio

507 1623 579 1645 non
597 1613 730 1646 videbit
745 1613 867 1652 vitam,
886 1613 950 1646 sed
967 1613 1020 1645 ira
1036 1612 1104 1645 Dei
1121 1618 1243 1646 manet
1258 1622 1364 1653 super
1380 1612 1452 1645 eo''
1469 1612 1530 1654 (iii.
1547 1612 1622 1652 36):

333 1690 452 1745 apud
478 1689 687 1738 eundem,

401 1762 604 1804 “Quisquis
627 1762 738 1794 credit
761 1762 797 1793 in
822 1760 961 1800 Filium,
983 1761 1092 1794 habet
1113 1757 1223 1793 vvitam
1247 1766 1440 1798 aeternam.
1460 1767 1495 1792 et
1518 1760 1695 1792 suscitabo
1718 1760 1817 1793 illum

506 1812 667 1838 extremo
683 1805 740 1838 die
751 1804 769 1818 ”
786 1805 846 1846 (νί.
860 1813 916 1846 40,
931 1812 985 1845 47,
1001 1803 1073 1848 48[,
1091 1802 1184 1847 54]);

333 1881 453 1936 apud
479 1881 687 1930 eundem,

401 1955 424 1969 ‘⁴
435 1954 546 1987 Oves.
561 1978 569 1987 .
582 1979 591 1987 .
604 1959 817 1995 ‚sequuntur
833 1953 904 1992 Me,
924 1958 960 1986 et
985 1953 1061 1995 Ego
1077 1953 1188 1985 vitam
1204 1959 1387 1985 aeternam
1410 1953 1456 1985 do
1473 1953 1553 1991 illis,
1569 1962 1634 1985 nec
1651 1952 1817 1994 peribunt

487 2030 489 2033 ,
506 1998 542 2030 in
559 2003 743 2030 aeternum
754 1997 774 2010 ”
790 1997 838 2038 (x.
855 2004 907 2037 27,
924 1997 1001 2039 28);

332 2080 380 2116 et
405 2073 524 2128 apud
550 2073 758 2123 eundem,

400 2147 423 2162 ¹⁴
434 2139 646 2179 Scrutamini
662 2146 854 2186 scripturas
858 2170 950 2184 .....
959 2145 1040 2177 illae
1051 2151 1227 2177 testantur
1239 2145 1282 2177 de
1301 2144 1379 2176 Me:
1404 2144 1468 2176 sed
1485 2154 1557 2175 non
1572 2143 1679 2176 vultis
1692 2144 1815 2176 venire

504 2190 551 2222 ad
568 2189 628 2222 Me
643 2195 683 2222 ut
698 2190 808 2222 vitam
824 2189 985 2221 habeatis
995 2188 1014 2202 ''
1031 2188 1077 2230 (v,
1094 2197 1146 2230 39,
1157 2188 1225 2229 40).

331 2277 510 2320 Dicitur
530 2278 575 2319 in
597 2277 753 2319 Verbo
777 2277 997 2319 “credere
1022 2277 1067 2318 in
1090 2277 1236 2318 Deum
1252 2276 1271 2292 ''
1292 2283 1339 2318 et
1364 2275 1585 2317 “credere
1607 2275 1685 2317 illa
1701 2290 1815 2330 quae

331 2356 359 2384 a
389 2342 489 2383 Deo
506 2341 540 2394 ;''
578 2347 624 2382 et
653 2340 874 2382 “credere
904 2340 948 2381 in
975 2339 1151 2381 Deum'’
1177 2346 1247 2381 est
1278 2338 1388 2380 fides
1414 2353 1527 2393 quae
1553 2338 1726 2390 salvat;
1765 2347 1814 2390 at

333 2405 555 2447 “credere
585 2403 662 2445 illa
688 2417 801 2458 quae
826 2417 853 2444 a
878 2403 979 2444 Deo
990 2402 1009 2419 ’'
1031 2408 1101 2444 est
1126 2402 1236 2444 fides
1261 2402 1489 2451 historica,
1513 2415 1626 2456 quae
1647 2402 1815 2457 absque

330 2468 477 2523 priore
499 2480 590 2508 non
612 2466 775 2516 salvat,
799 2480 935 2520 quare
956 2479 1046 2507 non
1068 2471 1139 2507 est
1160 2479 1267 2506 vera
1291 2464 1402 2506 fides
1419 2478 1429 2516 ;
1463 2477 1567 2505 nam
1595 2465 1813 2507 “credere

329 2532 376 2574 in
404 2530 551 2572 Deum
563 2529 582 2545 ”
609 2535 679 2571 est
711 2530 838 2579 scire,
865 2528 983 2570 velle
1009 2534 1055 2570 et
1086 2528 1245 2578 facere,
1273 2534 1321 2570 at
1349 2527 1568 2569 “credere
1593 2527 1670 2568 illa
1701 2541 1814 2582 quae

329 2607 357 2635 a
387 2593 518 2635 Deo'’
543 2599 613 2634 est
645 2592 771 2641 scire,
799 2606 914 2646 quae
940 2591 1101 2632 dabilis
1131 2597 1202 2632 est
1233 2591 1402 2645 absque
1427 2589 1544 2631 velle
1575 2596 1622 2631 et
1653 2589 1810 2631 facere.

331 2656 420 2710 Qui
446 2670 549 2697 vere
576 2655 819 2697 Christiani
845 2661 964 2704 sunt,
991 2654 1055 2695 illi
1086 2655 1248 2704 sciunt,
1274 2653 1433 2695 volunt
1460 2659 1506 2694 et
1537 2653 1732 2704 faciunt;
1764 2660 1812 2695 at

329 2720 404 2773 qui
441 2732 532 2759 non
562 2731 667 2759 vere
699 2717 942 2759 Christiani
972 2723 1091 2766 sunt,
1125 2716 1170 2758 hi
1206 2716 1343 2757 modo
1378 2717 1551 2767 sciunt;
1595 2716 1674 2756 sed
1708 2715 1756 2757 hi
1786 2730 1813 2757 a

330 2782 529 2823 Domino
558 2787 780 2822 vocantur
813 2779 1018 2830 “stulti‚''
1048 2779 1112 2821 illi
1142 2793 1249 2822 vero
1277 2779 1560 2834 “prudentes
1572 2778 1592 2794 ”
1626 2777 1809 2833 (Mattlz.

329 2845 401 2886 vii.
427 2855 494 2897 24,
521 2842 611 2898 26).
