2060 3476
640 377 747 412 CAP.
768 377 830 419 v„
853 376 992 412 viras.
1021 376 1190 420 14·-N·
1215 366 1381 421 349[b].
1669 354 1756 420 659

192 503 195 506 '
263 504 350 547 pers
364 491 440 533 Me
457 490 490 543 ;”
523 490 727 533 “Pater”
748 490 869 534 enim
890 489 1036 544 Ipsius
1062 494 1159 532 erat
1181 489 1394 531 Divinum
1416 488 1461 530 in
1488 487 1609 541 Ipso,
1633 486 1754 542 quod

261 568 392 596 suum
408 554 621 596 Divinum
638 559 760 596 erat:
789 552 908 595 unde
925 557 1054 606 patet
1071 551 1192 606 quod
1209 551 1431 593 Dominus
1448 551 1588 592 etiam
1605 549 1754 604 quoad

264 617 526 659 Humanum
548 629 677 658 suum
699 616 757 659 sit
775 615 900 664 Vita,
920 621 1252 669 consequenter
1273 614 1393 668 quod
1414 613 1526 655 illud
1548 612 1756 657 similiter

263 679 485 723 Divinum.
503 679 577 720 sit.
634 677 775 733 Apud
799 677 1008 727 eundem,

331 768 468 811 uJesus
478 768 577 806 dixit,
592 767 670 808 Ego
680 777 761 799 sum
773 765 1000 799 Restm-estio
1013 772 1050 798 et
1057 765 1163 804 vita:
1187 766 1247 807 qui
1256 765 1367 797 credit
1378 765 1416 797 in
1429 764 1490 797 Me
1505 765 1573 797 etsi
1584 764 1756 796 moriatur

435 812 557 894 ἓξὲξ
578 811 697 895 ‹ggnis
711 811 771 853 qui
787 811 876 844 vivit
891 816 927 847 et
941 810 1055 844 credit
1068 810 1107 843 in
1125 809 1198 849 Me,
1213 819 1287 843 non
1305 810 1475 842 morietur
1487 809 1525 842 iu
1540 814 1725 841 aeternum
1735 806 1754 820 '’

259 930 376 972 haec
403 943 581 984 quoque
607 930 830 972 Dominus
855 929 911 973 de
939 929 1154 973 Humano
1179 943 1261 974 suo
1285 928 1418 978 dixit,
1445 934 1493 970 et
1521 928 1626 982 quia
1651 927 1754 981 Ipse

263 999 334 1035 est
360 993 484 1042 Vita,
512 999 560 1034 et
586 1006 744 1034 omnes
767 1006 828 1034 ex
860 992 967 1046 Ipso
993 992 1167 1036 habent
1192 992 1350 1041 vitam,
1378 997 1426 1034 et
1455 991 1531 1044 qui
1562 990 1754 1033 credunt

262 1056 306 1097 in
330 1056 484 1109 Ipsum
506 1056 648 1097 vitam
669 1061 920 1104 aeternam,
943 1055 1046 1098 ideo
1067 1055 1178 1101 dicit
1195 1054 1320 1108 quod
1343 1055 1403 1096 sit
1427 1051 1754 1098 “Resurreffio

263 1125 310 1160 et
329 1117 480 1168 Vita‚''
497 1123 544 1160 et
569 1117 696 1171 “Qui
719 1117 862 1159 credit
883 1118 928 1159 in
951 1117 1027 1159 Me
1049 1130 1142 1158 non
1163 1118 1378 1158 morietur
1399 1117 1444 1159 in
1466 1123 1703 1165 aeternum
1720 1115 1755 1167 ;”

261 1195 342 1237 per
360 1185 386 1203 ‘⁴
398 1180 611 1223 credere'’
627 1181 672 1222 in
690 1178 937 1222 Dominum
954 1179 1234 1234 significatur
1251 1180 1343 1234 Ipsi
1364 1179 1577 1233 conjungi
1600 1192 1754 1220 amore

256 1250 309 1302 *et
338 1242 440 1293 fide,
469 1249 516 1285 et
546 1257 626 1297 per
659 1246 790 1284 “non
821 1244 935 1284 mori
948 1242 968 1260 '’
994 1242 1275 1296 significatur
1304 1256 1396 1283 non
1428 1243 1542 1283 mori
1573 1242 1754 1296 spiritu-

262 1306 409 1356 aliter,
442 1306 529 1349 hoc
562 1313 646 1355 est,
680 1306 911 1357 damnari;
954 1319 1059 1347 nam
1090 1306 1185 1347 vita
1215 1298 1534 1347 damnatorum
1565 1311 1755 1346 vocatur

266 1369 464 1411 “mors‘st
523 1369 662 1423 Apud
688 1369 897 1418 eundem,

332 1458 408 1491 “In
432 1458 607 1500 principio
623 1464 698 1490 erat
714 1457 883 1495 Verbum,
903 1463 939 1489 et
954 1456 1112 1489 Verbum
1137 1463 1213 1489 erat
1235 1457 1330 1498 apud
1354 1457 1482 1495 Deum,
1502 1461 1538 1489 et
1562 1442 1666 1489 Deus
1679 1462 1756 1488 erat

435 1503 591 1534 Verbum
596 1527 688 1540 .....
696 1502 732 1533 in
759 1501 843 1542 Ipso
866 1501 950 1534 Vita
972 1507 1058 1540 erat,
1086 1507 1121 1533 et
1144 1501 1227 1533 Vita
1244 1507 1320 1533 erat
1344 1501 1404 1533 lux
1423 1501 1646 1535 hominum:.
1661 1525 1690 1533 ..
1704 1506 1756 1533 .et

435 1546 592 1578 Verbum
610 1545 702 1578 Caro
720 1544 853 1577 factum
870 1551 935 1583 est,
955 1551 990 1577 et
1005 1545 1180 1577 habitavit
1196 1546 1231 1576 in
1249 1545 1353 1576 nobis
1365 1541 1386 1557 ’'
1400 1544 1436 1585 (i.
1454 1553 1484 1583 1,
1499 1553 1531 1584 4,
1551 1544 1622 1585 14):

261 1629 382 1684 quod
399 1643 478 1683 per
493 1632 518 1650 “
532 1628 735 1670 Verbum
746 1627 1062 1681 ”intelligatur
1077 1627 1313 1676 Dominus,
1330 1633 1489 1668 notum
1507 1633 1578 1668 est
1595 1641 1604 1677 3
1631 1626 1754 1680 quod

263 1692 525 1733 Humanum
538 1691 682 1745 Ipsius
699 1692 758 1732 sit
772 1691 989 1740 Verbum,
1004 1697 1149 1744 patet,
1163 1703 1268 1731 nam
1283 1690 1446 1731 dicitur
1457 1690 1579 1744 quod
1596 1693 1623 1710 “
1634 1689 1753 1741 Verl-

249 1755 368 1797 bum
399 1755 518 1798 Caro
553 1753 720 1797 factum
752 1755 811 1797 sit
847 1760 895 1798 et
932 1753 1207 1800 habitaverit
1244 1754 1290 1794 in
1326 1753 1508 1804 nobis;”
1549 1759 1597 1794 et
1633 1752 1755 1806 quod

263 1818 524 1859 Humanum
552 1818 696 1871 Ipsius
722 1831 864 1871 aeque
890 1816 1103 1857 Divinum
1127 1816 1334 1857 suerit-ut
1361 1817 1514 1870 Ipsum
1541 1816 1753 1856 Divinum

261 1881 382 1935 quod
403 1882 647 1934 assumpsit
670 1880 947 1929 Humanum,
971 1885 1101 1933 patet
1127 1893 1187 1920 ex
1213 1893 1282 1928 eo,
1306 1879 1426 1933 quod
1449 1879 1755 1934 distinguatur

247 1945 378 1989 „inter
399 1950 653 1998 utrumque,
677 1950 725 1986 et
750 1943 870 1997 quod
897 1949 1134 1996 utrumque
1156 1942 1332 1984 dicatur
1355 1942 1517 1984 “Deus
1535 1941 1569 1992 ;’'
1591 1942 1755 1983 dicitur

259 2007 394 2056 enim,
421 2006 662 2047 “Verbum
689 2012 786 2047 erat
813 2005 932 2059 apud
958 2005 1121 2054 Deum,
1149 2012 1196 2047 et
1224 2005 1348 2046 Deus
1373 2011 1472 2046 erat
1498 2004 1701 2046 Verbum
1719 2003 1754 2054 ;’'

259 2075 306 2110 et
335 2069 417 2110 “in
444 2069 550 2123 Ipso
572 2069 684 2110 Vita
709 2074 807 2110 erat
823 2068 857 2109 :‘'
888 2068 1008 2122 quod
1034 2081 1192 2109 omnes
1219 2082 1278 2109 ex
1306 2068 1411 2123 Ipso
1433 2069 1590 2109 vivant
1615 2067 1752 2114 intel-

258 2131 413 2185 ligitur
434 2146 513 2186 per
537 2131 687 2174 “Vita
708 2138 807 2174 erat
832 2131 912 2173 lux
933 2130 1167 2173 hominum
1183 2131 1218 2171 :”
1252 2130 1371 2173 “lux
1393 2131 1629 2173 hominum
1640 2130 1662 2173 ”2
1681 2127 1752 2171 est

258 2195 353 2236 vita
374 2195 666 2248 cogitationis
688 2201 735 2236 et
760 2193 1020 2237 intellectus
1046 2207 1227 2245 eorum3
1260 2194 1475 2235 Divinum
1502 2195 1621 2235 enim
1649 2207 1752 2247 pro-

259 2257 440 2307 cedens,
460 2257 580 2312 quod
596 2258 642 2298 in
663 2258 813 2311 specie
834 2258 895 2298 ibi
916 2256 1186 2313 intelligitur
1204 2271 1286 2312 per
1306 2260 1331 2277 “
1345 2256 1589 2306 Verbum,'’
1612 2270 1752 2311 appa—

256 2326 328 2361 ret
346 2319 391 2361 in
412 2319 540 2363 caelo
557 2320 673 2362 sicut
690 2320 784 2372 luX‚
804 2334 918 2375 quae
937 2319 1017 2361 dat
1035 2319 1319 2373 angelis'non
1338 2319 1485 2364 solum
1503 2319 1654 2361 videre
1673 2319 1752 2360 sed

258 2383 397 2424 etiam
437 2383 641 2438 cogitare
680 2389 728 2426 et
762 2383 1032 2439 intelligere,
1071 2389 1118 2424 et
1156 2383 1405 2424 secundum
1440 2383 1752 2439 receptionem

259 2457 420 2500 sapere
435 2454 594 2492 (videatur
606 2455 639 2493 in
654 2464 751 2493 opere
765 2456 816 2485 De
834 2455 924 2484 Caelo
938 2458 969 2484 et
981 2455 1118 2494 lnferno,
1131 2464 1162 2484 n.
1175 2454 1327 2493 126-140)
1345 2458 1354 2495 3
1386 2444 1467 2487 lUX
1489 2443 1569 2484 illa
1590 2456 1751 2497 proce·

259 2505 371 2546 dens
385 2518 411 2546 a
425 2505 624 2546 Domino
638 2511 709 2555 est
726 2505 824 2560 ipsa
836 2505 964 2555 Vita,
982 2519 1096 2560 quae
1113 2518 1205 2547 non
1221 2505 1358 2546 modo
1375 2505 1601 2548 illuminat
1615 2503 1751 2546 intel-

258 2565 439 2617 lectum,
468 2568 584 2609 sicut
615 2567 684 2609 sol
715 2568 869 2609 mundi
895 2568 1089 2617 oculum,
1118 2568 1198 2609 sed
1230 2568 1369 2610 etiam
1395 2567 1594 2609 vivificat
1624 2566 1752 2608 illum

257 2630 506 2672 secundum
544 2631 881 2686 receptionem:
929 2636 976 2672 et
1014 2643 1116 2673 cum
1154 2630 1235 2672 lux
1271 2630 1350 2672 illa
1385 2631 1602 2685 recipitur
1639 2630 1750 2679 vita,

257 2700 365 2736 tunc
391 2699 581 2735 vocatur
609 2693 753 2735 “Lux
777 2693 940 2744 vitae,”
965 2694 1083 2749 apud
1110 2694 1319 2743 eundem,

321 2782 428 2827 Jesus
450 2782 550 2821 dixit,
573 2782 685 2826 “Ego
705 2792 789 2817 sum
810 2782 891 2818 Lux
912 2783 1059 2821 mundi;
1090 2784 1150 2825 qni
1175 2783 1236 2815 Me
1259 2784 1419 2826 sequitur
1442 2794 1515 2817 non
1535 2784 1695 2819 ambulat
1713 2784 1750 2817 in

429 2826 599 2864 tenebris,
619 2826 683 2858 sed
698 2826 843 2860 habebit
860 2826 975 2858 lucem
993 2827 1087 2858 vitae
1098 2826 1117 2839 '’
1133 2826 1220 2868 (viii.
1239 2827 1292 2868 12)
1306 2837 1314 2867 ;

255 2907 302 2943 et
328 2915 506 2956 quoque
531 2908 721 2944 vocatur
748 2902 921 2944 “Panis
947 2902 1110 2952 vitae,”
1134 2903 1254 2958 apud
1276 2895 1485 2954 eundem,

324 2992 346 3005 ‘⁴
358 2990 465 3023 Panis
483 2990 549 3022 Dei
566 2997 621 3023 est
637 2992 695 3033 qui
712 2992 898 3024 descendit
913 3002 932 3024 e
949 2992 1059 3030 caelo,
1076 2998 1111 3024 et
1126 2992 1238 3025 vitam
1251 2993 1311 3025 dat
1327 2993 1461 3025 mundo
1475 3002 1498 3032 ;.
1514 3018 1521 3025 .
1535 3017 1542 3025 .
1557 2992 1651 3034 .Ego
1668 3002 1747 3025 sum

430 3034 537 3067 Panis
554 3034 678 3067 vitae”
694 3035 754 3076 (vi.
772 3043 826 3075 33,
843 3043 896 3075 35,
911 3043 966 3075 47,
981 3037 1036 3075 48,
1054 3035 1128 3077 51):
