2060 3476
735 365 842 399 cAP.
866 366 925 407 v.,
948 365 1088 400 vERs.
1113 359 1260 400 8.—-N.
1287 358 1453 413 323[b].
1764 360 1842 413 567

345 482 480 519 untur
494 476 766 520 affectiones
787 480 864 536 ezr*
877 480 1024 521 sonis:
1058 486 1105 522 et
1132 481 1235 535 quia
1256 482 1405 523 variae
1431 479 1693 523 affectiones
1719 488 1838 529 sunt,

344 546 392 581 et
416 541 527 582 varii
558 543 657 583 soni
688 535 883 584 eduntur
915 557 994 597 per
1024 543 1328 585 instrumenta
1364 545 1549 593 musica,
1583 545 1686 586 ideo
1726 544 1838 586 haec

344 617 404 644 ex
428 605 836 659 correspondentia
863 612 912 648 et
944 607 1049 648 inde
1075 607 1404 648 concordantia
1436 607 1694 661 significant
1723 608 1838 649 illas.

344 665 397 707 In
429 680 613 720 genere,
647 666 904 722 significant
941 670 1246 711 instrumenta
1286 670 1542 712 chordacea
1578 671 1688 712 talia
1723 685 1839 725 quae

343 737 448 771 sunt
459 729 746 773 affectionum
758 732 1243 781 veri-,et‘instrum'enta
1253 733 1477 775 inflatoria
1488 734 1597 775 talia
1609 748 1723 788 quae
1734 742 1838 775 sunt

342 791 629 836 affectionum
666 795 799 846 boni;
841 801 920 837 seu
952 796 1073 850 quod
1106 796 1241 846 idem,
1277 797 1501 851 quaedam
1535 798 1838 838 instrumenta

342 857 572 909 pertinent
594 858 652 898 ad
675 858 869 900 classem
891 859 1186 913 spiritualem,
1211 860 1436 914 quaedam
1459 866 1612 901 autem
1636 860 1693 900 ad
1719 859 1836 901 clas·

340 932 438 960 sem
466 915 728 962 caelestem.
790 921 925 975 Quod
957 923 1056 963 soni
1088 924 1478 977 correspondeant
1509 921 1834 970 affectionibus

339 995 400 1022 ex
437 983 582 1025 multa
618 985 901 1038 experientia
937 985 1045 1026 mihi
1081 986 1244 1040 patuit,
1282 992 1330 1027 et
1366 1000 1545 1040 quoque
1581 986 1701 1040 quod
1739 988 1836 1027 soni

340 1046 510 1096 musici,
539 1053 585 1088 et
612 1047 733 1101 quod
759 1048 1007 1089 secundum
1034 1056 1172 1090 sonos
1198 1055 1244 1090 et
1276 1063 1432 1090 eorum
1458 1050 1707 1090 varietates
1738 1048 1835 1090 affi-

339 1109 516 1150 ciantur
538 1110 716 1163 angeli;
749 1111 828 1151 sed
852 1125 1035 1152 omnem
1058 1111 1182 1152 illam
1206 1113 1536 1166 experientiam
1559 1113 1603 1152 in
1636 1112 1834 1153 medium

338 1172 508 1222 afferre,
533 1173 761 1228 prolixum
788 1174 930 1216 foret:
964 1175 1008 1215 id
1035 1175 1186 1224 modo,
1210 1167 1331 1230 quod
1357 1176 1400 1216 in
1426 1189 1594 1229 genere
1620 1175 1834 1216 observa-

338 1241 435 1277 tum
451 1242 535 1285 est,
548 1250 800 1278 memorare
812 1237 948 1278 velim
970 1252 978 1288 ;
999 1239 1119 1292 quod
1135 1251 1300 1292 nempe
1315 1239 1414 1279 soni
1429 1239 1611 1280 discreti
1625 1239 1834 1280 excitent

336 1297 597 1341 affefflones
614 1301 721 1349 veri,
742 1314 820 1341 seu
837 1301 958 1355 quod
981 1300 1068 1342 illis
1091 1301 1347 1343 afficiantur
1367 1303 1440 1356 qui
1458 1303 1501 1342 in
1524 1300 1834 1343 affectionibus

337 1362 430 1403 veri
456 1369 576 1412 sunt,
604 1369 651 1404 et
682 1364 804 1418 quod
830 1365 928 1405 soni
955 1365 1158 1405 continui
1184 1365 1391 1406 excitent
1418 1363 1678 1406 affectiones
1711 1365 1831 1414 boni,

335 1438 415 1466 seu
452 1427 573 1480 quod
611 1426 699 1467 illis
737 1426 991 1468 afficiantur
1027 1429 1102 1482 qui
1137 1429 1182 1469 in
1220 1427 1531 1470 affectionibus
1567 1429 1673 1469 boni
1700 1436 1831 1471 sunt:

335 1489 430 1530 sive
466 1490 592 1531 dicas
628 1489 890 1532 affectiones
926 1492 1019 1533 veri
1056 1493 1149 1533 sive
1185 1493 1447 1546 spiritualia,
1482 1493 1600 1534 idem
1643 1500 1740 1543 est;
1782 1501 1832 1534 ut

335 1558 383 1593 et
409 1553 503 1595 sive
525 1545 650 1594 dicas
667 1552 927 1596 affectiones
949 1555 1055 1596 boni
1079 1555 1172 1596 sive
1195 1555 1425 1603 caelestia,
1445 1557 1583 1597 etiam
1605 1556 1724 1597 idem
1748 1564 1831 1598 est.

331 1615 415 1651 (Sed
434 1616 516 1645 haec
529 1616 641 1646 melius
655 1617 883 1654 comprehendi
897 1622 1031 1655 possunt
1045 1627 1084 1647 ex
1099 1618 1158 1646 illis
1173 1627 1256 1656 quae
1277 1619 1319 1648 de
1333 1619 1418 1647 sonis
1439 1623 1471 1647 et
1492 1619 1533 1648 de
1554 1620 1833 1657 correspondentia

333 1669 446 1690 eorum
459 1670 534 1691 cum
555 1661 779 1691 affectionibus
799 1663 841 1691 ab
863 1662 1057 1700 experientia
1078 1664 1192 1693 tradita
1212 1669 1287 1693 sunt
1307 1664 1338 1692 in
1361 1673 1457 1702 opere
1473 1665 1524 1693 De
1542 1665 1634 1694 Caelo
1649 1668 1680 1693 et
1695 1665 1833 1703 lnferno,

335 1715 366 1736 n.
383 1705 469 1743 241.)

418 1751 502 1806 [b.]
549 1752 626 1793 Ex
665 1752 735 1793 his
766 1767 885 1795 nunc
921 1761 1137 1795 constare
1174 1761 1346 1808 potest,
1386 1769 1464 1796 cur
1499 1756 1543 1796 in
1575 1755 1748 1804 Verbo,
1781 1763 1829 1797 et

333 1815 572 1868 praecipue
620 1815 740 1868 apud
787 1815 1021 1865 Davidem,
1069 1822 1141 1858 tot
1198 1830 1368 1870 genera
1423 1818 1828 1859 instrumentorum

334 1877 606 1919 musicorum
632 1879 938 1928 nominantur,
962 1886 1011 1921 ut
1042 1879 1208 1929 nablia,
1236 1875 1454 1930 citharae,
1482 1880 1674 1929 fistulae,
1703 1895 1829 1934 cym-

333 1940 451 1990 bala,
496 1947 732 1995 tympana,
771 1942 1005 1991 buccinae,
1039 1957 1228 1997 organa,
1268 1940 1315 1985 et
1352 1943 1466 1995 alia;
1509 1944 1629 1998 quod
1666 1958 1829 1999 nempe

333 2010 520 2058 propter
540 2006 995 2059 correspondentiam
1019 2020 1121 2048 cum
1148 2005 1472 2056 affectionibus,
1497 2013 1544 2048 et
1571 2007 1703 2048 simul
1726 2021 1828 2049 cum

332 2067 739 2117 articulationibus‚
779 2082 894 2122 quae
932 2076 1038 2111 sunt
1070 2083 1209 2111 voces
1244 2084 1360 2124 quae
1396 2071 1637 2112 continent
1673 2085 1744 2112 res
1781 2079 1827 2112 et

330 2131 437 2172 inde
458 2131 618 2173 fluunt.
680 2131 817 2185 Quod
842 2132 1083 2174 “citharae
1095 2132 1114 2148 ”
1136 2134 1352 2187 imprimis
1374 2133 1632 2187 significent
1658 2132 1827 2175 affecti-

333 2207 444 2235 ones
469 2195 577 2244 veri,
605 2196 709 2249 quia
732 2196 940 2237 excitant
967 2195 1082 2245 illas,
1104 2197 1296 2250 ‘proinde
1319 2197 1456 2238 etiam
1478 2197 1825 2243 confessionem.

332 2271 447 2311 quae
472 2257 523 2299 fit
549 2272 608 2299 ex
630 2259 747 2300 veris
769 2260 1076 2313 spiritualibus
1102 2259 1231 2301 hilari
1256 2261 1407 2308 corde,
1436 2267 1648 2302 constare
1674 2267 1827 2315 potest

332 2334 391 2362 ex
418 2322 710 2382 sequentibus
734 2321 804 2363 his
831 2322 944 2364 locis
960 2322 1172 2377 t—Apud
1197 2322 1401 2372 Esaiam,

401 2411 423 2424 ‘⁴
435 2409 587 2450 Lugebit
603 2417 774 2449 mustum,
793 2411 1002 2452 languescet
1017 2412 1112 2450 vitis,
1132 2418 1279 2452 gement
1295 2422 1421 2444 omnes
1438 2413 1522 2444 laeti
1539 2413 1656 2451 corde¹
1674 2414 1827 2445 cessabit

505 2453 675 2494 gaudium
699 2460 966 2495 tympanorum,
993 2456 1148 2487 cessabit
1172 2456 1343 2487 turnultus
1367 2456 1545 2495 hilarium,
1566 2458 1719 2489 cessabit
1742 2467 1827 2497 gau-

505 2497 602 2529 dium
619 2498 798 2536 citharae;
822 2508 903 2530 cum
920 2505 1027 2531 cantu
1044 2507 1117 2530 non
1135 2499 1258 2531 bibent
1275 2500 1399 2531 vinum
1411 2499 1429 2511 ”
1445 2500 1554 2539 (xxiv.
1569 2501 1664 2541 7-9):

329 2571 480 2627 agitur
493 2573 552 2615 ibi
570 2573 627 2615 de
644 2574 904 2616 vastatione
921 2574 1143 2616 ecclesiae
1160 2575 1418 2629 spiritualis»,
1439 2590 1518 2618 seu
1540 2576 1633 2630 ejus
1649 2577 1756 2618 boni
1778 2583 1824 2618 et

329 2636 440 2687 veri;
464 2636 633 2677 bonum
648 2637 879 2690 spirituale
893 2638 1012 2691 quod
1029 2644 1309 2679 cessaturum
1325 2638 1604 2692 significatur
1614 2654 1692 2694 per
1705 2641 1825 2694 quod

331 2698 546 2752 “lugebit
582 2699 822 2748 mustum,”
848 2706 894 2741 et
929 2701 1164 2742 “cessabit
1201 2702 1415 2754 gaudium
1452 2709 1773 2756 tympanorum
1791 2703 1824 2753 ;”

328 2768 375 2804 et
396 2762 520 2816 quod
538 2775 694 2803 verum
711 2761 806 2815 ejus
823 2766 1105 2804 cessaturum
1124 2763 1402 2818 significatur
1419 2779 1498 2819 per
1518 2766 1823 2819 “languescet

327 2827 432 2868 vitis
443 2825 463 2841 ''
480 2832 528 2868 et
549 2827 785 2868 “cessabit
807 2827 1022 2880 gaudium
1040 2827 1242 2870 citharae
1260 2828 1293 2879 ;’'
1319 2843 1398 2882 per
1417 2834 1443 2850 “
1457 2837 1654 2871 mustum
1667 2829 1685 2843 '‘
1704 2831 1824 2871 enim

326 2888 605 2943 significatur
635 2889 804 2931 bonum
836 2889 1082 2944 spirituale,
1116 2890 1208 2944 ejus
1240 2893 1454 2945 gaudium
1487 2907 1566 2946 per
1599 2897 1624 2913 “
1638 2900 1821 2947 tympa-

463 2951 484 2968 ’1

325 2964 460 3003 num;
514 2958 561 2993 et
582 2965 663 3006 per
678 2953 888 2994 “vitem”
910 2952 1189 3007 significatur
1205 2969 1359 2996 verum
1382 2955 1628 3008 spirituale.
1648 2962 1695 2996 et
1721 2955 1816 3008 ejus

324 3016 538 3069 gaudium
571 3028 650 3070 per
688 3016 972 3058 “citharam:
1020 3017 1122 3071 quia
1160 3016 1336 3059 affectio
1374 3018 1550 3060 illorum
1589 3026 1659 3060 est
1700 3033 1814 3073 quae
