2060 3476
460 334 567 367 CAP.
591 333 638 374 1.‚
661 331 943 365 CONTENTA
967 329 1204 363 VERSUUM
1232 319 1487 361 12—-16,—N.
1510 318 1578 360 60.
1718 327 1772 372 59

348 444 444 500 58.
482 445 568 485 “Et
596 444 709 485 mitte
742 442 956 490 Ecclesiis,
989 442 1070 483 illis
1101 441 1142 482 in
1173 439 1507 493 Asia.''——Quod
1542 438 1769 492 significet

268 514 312 549 et
340 515 441 549 tunc
468 506 666 548 omnibus
696 505 790 547 illis
819 504 900 559 qui
930 504 976 545 in
1012 503 1104 544 luce
1131 502 1458 556 intelligentiae,
1493 507 1678 542 constat
1710 515 1770 541 ex

270 571 602 625 significatione
631 573 849 624 “septem
874 566 1226 616 Ecclesiarum,”
1248 565 1369 620 quod
1394 566 1486 606 sint
1512 578 1671 605 omnes
1697 564 1770 618 qui

270 636 314 675 in
340 635 456 675 veris
479 647 539 674 ex
570 633 692 673 bono
717 645 796 672 seu
821 632 866 672 in
897 630 985 672 fide
1016 645 1077 671 ex
1108 630 1334 672 charitate
1360 635 1481 678 sunt,
1509 630 1574 670 ita
1605 630 1679 683 qui
1712 629 1769 669 ab

270 697 462 739 ecclesia
487 695 562 750 (de
580 710 667 749 qua
688 708 835 748 supra,
856 708 896 734 n.
921 693 1015 748 20);
1043 700 1090 734 et
1113 707 1173 734 ex
1196 692 1528 746 significatione
1549 692 1769 740 “Asiae,'’

257 762 392 816 'quod
406 762 497 802 sint
508 761 582 814 qui
596 761 641 801 in
655 759 754 800 luce
768 757 1102 811 intelligentiae
1116 756 1193 811 (de
1207 771 1294 811 qua
1307 758 1447 798 etiam
1462 770 1608 810 supra,
1624 769 1664 796 n.
1679 755 1768 808 21).

351 837 450 881 59.
495 830 519 849 ¹⁴
534 824 748 878 Ephesum,
783 826 829 864 ot
857 822 1087 876 Smyrnam,
1118 826 1164 863 ot
1190 822 1448 876 Pergamum,
1479 825 1524 862 et
1561 820 1770 875 Thyatira,

270 891 316 928 et
340 887 511 933 Sardes,
541 889 587 926 et
610 884 936 937 philadelphiam,
961 887 1006 924 et
1030 881 1514 935 Laodiceam.''—Quod
1544 881 1770 934 significet

270 951 317 991 in
339 949 478 1003 specie
498 947 731 989 secundum
752 946 1049 998 receptionem,
1074 951 1286 986 constare
1309 950 1466 998 potest
1492 958 1554 984 ex
1577 956 1769 997 sequen-

271 1014 406 1062 tibus,
422 1012 496 1053 ubi
513 1012 570 1052 de
588 1010 791 1052 ecclesiis
807 1010 896 1051 illis
913 1011 957 1050 in
975 1010 1124 1063 specie
1141 1010 1305 1062 agitur.
1349 1007 1526 1048 Dicitur
1539 1006 1772 1048 secundum

210 1128 215 1133 .
271 1075 568 1129 receptionem,
610 1075 713 1128 quia
753 1073 833 1114 lux
873 1071 1208 1125 intelligentiae
1249 1084 1342 1112 non
1380 1070 1488 1111 facit
1530 1069 1771 1111 ecclesiam

271 1139 390 1193 apud
422 1138 667 1186 hominem,
701 1137 782 1178 sed
812 1137 1016 1190 receptio
1048 1135 1159 1176 lucis
1190 1136 1236 1175 in
1266 1133 1432 1182 calore,
1461 1133 1548 1174 hoc
1581 1139 1667 1182 est,
1701 1147 1771 1174 re-

271 1203 424 1256 ceptio
449 1202 542 1242 veri
573 1202 618 1242 in
643 1201 778 1241 bono.
838 1199 1042 1252 Receptio
1074 1198 1183 1239 lucis
1214 1198 1260 1238 in
1289 1197 1433 1238 calore
1462 1197 1640 1244 dicitur,
1669 1197 1772 1250 quia

273 1265 352 1305 lux
379 1264 623 1318 spiritualis
652 1270 722 1304 est
751 1263 965 1304 Divinum
987 1261 1173 1308 Verum,
1202 1267 1248 1302 et
1275 1260 1400 1301 calor
1425 1259 1670 1314 spiritualis
1701 1266 1771 1300 est

273 1328 487 1369 Divinum
510 1328 713 1378 Bonum;
747 1333 793 1367 et
816 1325 894 1366 illa
915 1326 1004 1366 duo
1026 1325 1070 1365 in
1094 1324 1263 1365 mundo
1285 1323 1506 1377 spirituali
1528 1337 1576 1364 se
1599 1322 1771 1363 habent

271 1392 388 1432 sicut
411 1390 491 1432 lux
514 1397 560 1432 et
583 1390 708 1432 calor
724 1391 768 1430 in
791 1388 961 1430 mundo
984 1387 1204 1437 naturali;
1233 1387 1353 1441 quod
1371 1399 1535 1440 nempe
1553 1393 1771 1440 quantum

271 1454 434 1496 caloris
465 1454 590 1495 verni
625 1466 676 1494 ac
708 1453 870 1493 aestivi
906 1451 1083 1492 accedit
1125 1450 1226 1499 luci,
1260 1455 1441 1490 tantum
1478 1455 1686 1490 crescant
1724 1456 1771 1489 et

273 1517 530 1570 germinent
557 1517 721 1565 omnia,
749 1521 797 1556 at
829 1520 1050 1569 quantum
1077 1512 1164 1554 luci
1197 1526 1287 1553 non
1319 1512 1498 1553 accedit
1530 1511 1655 1552 calor
1679 1510 1770 1560 ille,

272 1587 455 1622 tantum
470 1586 683 1634 torpeant
698 1585 744 1619 et
761 1578 1038 1619 emoriantur
1052 1577 1216 1618 omnia.
1264 1586 1377 1624 (Quod
1386 1587 1441 1615 lux
1449 1586 1482 1614 in
1491 1585 1641 1623 spin'tuali
1652 1586 1774 1614 mundo

270 1644 310 1672 sit
325 1644 476 1672 Divinum
485 1644 616 1677 Verum,
628 1647 659 1671 et
673 1642 759 1671 calor
772 1641 815 1670 ibi
829 1641 868 1670 sit
884 1640 1036 1669 Divinum
1048 1640 1185 1674 Bonum,
1195 1648 1233 1668 ac
1247 1639 1300 1667 illa
1314 1647 1348 1667 se
1361 1638 1501 1667 habeant
1513 1637 1654 1666 similiter
1667 1645 1705 1666 ac
1718 1636 1774 1665 lux

271 1696 303 1720 et
317 1691 403 1720 calor
416 1691 448 1719 in
463 1689 596 1719 naturali
612 1689 743 1723 mundo,
759 1688 902 1717 videatur
916 1687 949 1716 in
963 1695 1060 1725 opere
1075 1684 1127 1716 De
1145 1686 1237 1716 Caelo
1251 1689 1283 1714 et
1296 1685 1434 1724 Inferno,
1447 1693 1478 1714 n.
1490 1683 1654 1722 126-140.)

885 1846 1023 1871 VERSUS
1041 1838 1159 1871 12-16.

352 1914 453 1956 60·
491 1927 552 1954 “ft
566 1933 724 1954 conversus
742 1926 840 1952 uidere
860 1932 954 1952 vocem
973 1931 1047 1958 quae
1065 1923 1236 1957 loquebatur
1253 1930 1317 1949 cum
1336 1929 1389 1953 me.
1406 1924 1438 1948 et
1454 1928 1611 1948 conuersus
1627 1921 1686 1948 uidi
1703 1928 1772 1953 sep-

271 1970 330 1995 tem
344 1967 521 1994 candelabra
535 1973 635 1993 aurea.
671 1966 707 1992 Et
724 1966 754 1992 in
769 1965 863 1992 medio
876 1966 990 1997 septem
1005 1964 1244 1991 candelabrorum
1258 1962 1383 1989 similem
1402 1962 1472 1988 filio
1489 1962 1623 1992 hominis,
1639 1961 1771 1987 indutum

270 2008 369 2039 talari.
384 2009 415 2034 et
428 2007 626 2040 praecinctum
641 2007 681 2032 ad
694 2006 839 2032 mamillas
853 2012 928 2032 zona
943 2011 1042 2031 aurea.
1079 2004 1115 2030 ft
1129 2005 1218 2036 caput
1232 2003 1327 2035 Ipsius
1342 2004 1373 2028 et
1387 2002 1488 2034 capilli
1499 2002 1617 2028 candidi
1631 2003 1770 2034 tanquam

271 2049 339 2075 lana
353 2048 487 2079 candida,
502 2048 640 2080 tanquam
656 2046 707 2072 nix
714 2054 726 2078 ,·
745 2047 776 2072 et
790 2045 866 2072 oculi
879 2045 975 2077 Ipsius
989 2046 1128 2077 tanquam
1138 2043 1260 2076 flamma
1275 2042 1361 2075 ionis.
1398 2042 1434 2068 ft
1445 2042 1537 2074 pedes
1551 2042 1647 2074 Ipsius
1659 2042 1772 2068 similes

270 2088 468 2115 analeolibano
481 2089 620 2120 tanquam
635 2087 666 2113 in
680 2087 792 2113 camino
806 2086 914 2119 lqnit1',·
932 2086 964 2112 et
978 2092 1031 2111 uox
1049 2084 1145 2117 Ipsius
1159 2085 1297 2116 tanquam
1312 2090 1365 2109 uox
1379 2090 1519 2116 aquarum
1535 2083 1698 2108 multarum.
1735 2081 1771 2108 ft

271 2128 382 2155 habens
394 2128 424 2154 in
439 2129 545 2154 dextra
557 2134 612 2154 sua
625 2135 711 2154 manu
723 2127 828 2153 stellas
840 2127 973 2158 septem:
992 2126 1023 2151 et
1037 2132 1073 2151 ex
1085 2131 1135 2151 ore
1150 2124 1245 2156 Ipsius
1257 2123 1414 2155 romphaea
1426 2129 1535 2155 anceps
1547 2124 1635 2148 acuta
1648 2122 1771 2153 emens,-

271 2169 304 2195 οὐ
314 2167 414 2201 facies
428 2168 524 2200 Ipsius
538 2170 677 2201 tanquam
692 2167 737 2194 sol
748 2166 847 2199 fulget
860 2166 891 2192 in
905 2165 1038 2198 potentia
1053 2164 1140 2191 sua.''

291 2263 341 2288 12.
368 2254 431 2288 “ft
441 2264 631 2288 conversus
645 2253 758 2287 ridere
771 2262 885 2286 rocem
896 2262 985 2295 quae
996 2251 1198 2295 loquebatur
1205 2261 1281 2284 cum
1293 2260 1356 2287 me,
1364 2250 1371 2261 '
1379 2250 1386 2261 '
1394 2249 1557 2291 significat
1569 2250 1771 2281 intellectum

449 2300 655 2331 illustratum
675 2299 726 2342 [n.
745 2297 824 2340 61];
851 2300 916 2330 “et
929 2306 1120 2330 conversus
1149 2295 1217 2329 uidi
1238 2297 1370 2338 septem
1395 2294 1600 2327 candelabra
1624 2294 1771 2331 aurea,''

449 2343 613 2384 signifieat
629 2354 756 2375 novum
780 2343 908 2374 caelum
932 2346 964 2373 et
986 2351 1110 2372 novam
1126 2341 1302 2377 ecclesiam,
1319 2350 1404 2381 quae
1420 2340 1458 2370 in
1482 2339 1562 2370 bono
1577 2339 1702 2370 amoris
1721 2339 1771 2381 [n.

451 2387 526 2430 62].

292 2458 343 2492 13.
370 2450 432 2484 “Et
446 2450 480 2483 in
496 2450 607 2484 medio
622 2452 754 2493 septem
768 2448 1050 2482 candelabrorum
1064 2447 1209 2481 similem
1228 2446 1310 2480 filio
1323 2445 1508 2483 hominis‚''
1521 2445 1684 2487 significat
1701 2446 1770 2477 Do-

451 2496 582 2526 minum
599 2506 620 2525 a
636 2506 700 2537 quo
715 2505 810 2526 omne
825 2495 909 2525 caeli
922 2499 953 2524 et
966 2493 1113 2524 ecclesiae
1131 2493 1181 2535 [n.
1200 2491 1280 2534 63];
1308 2496 1323 2508 “
1337 2491 1492 2524 Indutum
1510 2490 1654 2527 talari,''
1671 2489 1772 2531 signi-

449 2538 524 2571 ficat
540 2539 716 2570 Divinum
743 2539 862 2570 Verum
870 2539 1049 2579 procedens
1063 2537 1105 2568 ab
1122 2537 1194 2578 Ipso
1213 2537 1264 2579 [n.
1282 2535 1343 2578 64]
1357 2547 1366 2574 ;
1393 2541 1409 2552 “
1422 2538 1458 2568 et
1475 2535 1710 2578 praecInctum
1726 2533 1775 2566 ad

453 2583 624 2616 mamillas
639 2593 728 2616 ιοηα
743 2582 893 2620 aurea,''
909 2581 1074 2624 significat
1089 2582 1265 2613 Divinum
1282 2581 1419 2611 Bonum
1434 2581 1591 2611 similz'ter
1608 2580 1659 2622 [n.
1678 2578 1753 2621 65].

291 2656 343 2687 14.
370 2646 433 2680 “Et
447 2649 552 2689 caput
567 2646 679 2690 Isz'us
691 2649 728 2679 et
741 2645 858 2689 capilli
871 2644 1045 2682 candidi,''
1060 2644 1223 2686 significat
1236 2645 1412 2676 Divinum
1429 2645 1538 2685 Ipsius
1553 2644 1591 2675 in
1602 2644 1727 2685 primis
1741 2648 1773 2673 et

451 2691 579 2723 ultimis
593 2690 642 2734 [n.
653 2691 733 2733 66];
752 2693 934 2734 “tanquam
948 2691 1027 2723 lana
1040 2689 1194 2726 candida,
1207 2691 1368 2732 tanquam
1384 2688 1480 2723 nix.''
1489 2688 1653 2729 significat
1664 2688 1775 2729 quoad

450 2736 571 2767 bonum
583 2740 615 2766 et
629 2746 749 2766 verum
762 2735 811 2767 ibi
823 2735 874 2778 [n.
886 2734 947 2777 67]
961 2746 970 2773 3
998 2739 1014 2752 ‘⁴
1028 2737 1065 2767 et
1079 2733 1171 2767 oculi
1185 2733 1298 2776 Ipsius
1314 2736 1475 2776 tanquam
1490 2734 1624 2765 flamma
1641 2731 1772 2774 iynis,''

451 2779 614 2821 significat
631 2780 804 2811 Divinam
821 2779 1076 2810 Providentiam
1092 2790 1133 2810 ex
1148 2778 1283 2809 Divino
1297 2778 1421 2808 Amore
1437 2778 1546 2818 Ipsius
1565 2777 1616 2820 [n.
1634 2776 1709 2819 68].

293 2852 343 2887 15.
370 2844 432 2878 “Et
443 2844 553 2888 pedes
566 2843 679 2887 Ipsius
691 2842 822 2876 similes
838 2842 1068 2876 chaIcoIibano
1082 2845 1242 2886 tanquam
1258 2841 1292 2875 in
1309 2841 1440 2875 camino
1457 2840 1595 2884 iyniti‚''
1608 2839 1770 2881 significat

451 2890 610 2920 ultimum
627 2889 756 2919 ordim's
771 2888 910 2925 Divini,
926 2888 1017 2929 quod
1033 2887 1222 2930 naturale[‚
1234 2888 1376 2928 plenum
1396 2887 1531 2917 Divino
1546 2884 1688 2926 Amore]
1717 2884 1768 2927 [n.

451 2933 506 2973 69,
524 2933 584 2975 70]
599 2944 608 2971 ;
636 2937 652 2949 “
666 2935 703 2965 et
719 2942 781 2965 vot
798 2931 910 2974 Ipsius
926 2935 1087 2975 tanquam
1107 2941 1170 2964 vox
1185 2941 1352 2974 aquarum
1369 2929 1595 2967 multarum,''
1607 2928 1770 2970 significat

454 2978 629 3009 Divinum
657 2977 775 3008 Verum
793 2977 829 3008 in
846 2977 976 3008 ultimis
995 2977 1046 3019 [n.
1065 2975 1140 3018 71].
