2060 3476
641 345 748 378 CAP.
772 346 858 386 111.‚
882 345 1022 378 VERS.
1043 346 1221 390 ¹14—N.
1244 338 1339 379 228.
1658 347 1737 390 343

240 465 287 500 et
318 458 423 500 inde
454 472 589 500 omne
616 458 734 507 fidei,
762 472 868 500 nam
900 458 1011 500 fides
1042 465 1112 500 est
1138 459 1231 500 veri
1262 465 1308 500 et
1335 472 1489 500 verum
1522 465 1591 499 est
1622 458 1737 499 fidei.

241 522 453 563 Divinum
476 522 647 563 Verum
671 523 923 576 procedens
949 536 975 563 a
1001 522 1200 563 Domino
1222 523 1384 563 dicitur
1408 522 1615 571 “testis,''
1637 523 1741 576 quia

240 592 310 626 est
333 585 544 626 Divinum
568 586 711 639 Ipsius
729 586 773 626 in
791 585 920 626 caelo
937 592 983 626 et
1006 587 1049 626 in
1068 585 1274 633 ecclesia,
1294 587 1338 625 in
1356 600 1444 639 quo
1468 586 1571 639 Ipse
1589 592 1672 633 est,
1692 592 1738 625 et

240 649 360 702 quod
380 649 481 702 Ipse
499 656 568 690 est
585 650 644 690 ibi
661 663 670 700 ;
697 649 782 690 hoc
801 649 920 690 enim
943 650 1148 703 procedit
1166 663 1225 689 ex
1245 649 1410 689 Divino
1431 649 1645 689 Humano
1663 649 1738 701 Ip-

240 713 343 760 sius,
367 719 414 753 et
435 713 594 766 implet
617 719 764 754 totum
788 712 977 761 caelum,
1002 726 1053 753 ac
1076 712 1241 753 format
1264 719 1309 753 et
1336 712 1442 753 facit
1465 712 1576 752 illud
1595 727 1602 762 ;
1635 713 1739 752 inde

240 781 311 816 est
333 777 452 829 quod
479 775 652 816 caelum
678 777 721 816 in
749 782 851 817 toto
873 775 1118 829 complexu
1143 776 1306 816 referat
1333 789 1469 815 unum
1495 776 1737 816 hominem.

242 837 359 891 Quia
381 839 593 879 Divinum
612 839 782 880 Verum
800 840 904 880 inde
921 846 1005 887 est,
1025 846 1072 880 et
1091 839 1184 880 tale
1201 846 1286 888 est,
1305 839 1408 880 ideo
1426 840 1588 879 dicitur
1607 843 1632 859 “
1645 845 1738 880 tes-

240 903 298 942 tis
316 902 348 952 ;'’
372 909 567 944 testatur
581 904 699 944 enim
715 904 770 944 de
787 903 951 944 Divino
969 903 1186 944 Humano
1198 903 1395 952 Domini,
1411 917 1462 944 ac
1479 903 1739 943 manifestat

240 965 351 1006 illud
382 967 501 1019 apud
533 980 691 1007 omnes
723 967 797 1020 qui
829 967 1048 1020 recipiunt
1082 966 1296 1007 Divinum
1327 966 1498 1007 Verum
1531 967 1588 1006 ab
1620 966 1738 1019 Ipso.

242 1028 316 1069 Ex
354 1029 439 1070 hoc
472 1036 542 1070 est
573 1030 693 1083 quod
731 1030 883 1083 angeli
919 1030 1194 1083 superiorum
1227 1029 1455 1070 caelorum
1492 1043 1582 1070 non
1619 1030 1739 1070 aliud

242 1092 455 1133 Divinum
487 1094 752 1146 percipiant,
787 1099 834 1134 et
872 1094 1102 1147 percipere
1135 1094 1324 1147 possint,
1359 1107 1492 1147 quam
1528 1094 1739 1134 Divinum

244 1156 505 1196 Humanum
529 1156 726 1205 Domini,
754 1155 839 1210 [et]
866 1157 950 1197 hoc
974 1171 1033 1197 ex
1056 1157 1226 1197 influxu
1248 1158 1389 1198 totius
1412 1157 1523 1197 caeli
1546 1158 1589 1197 in
1617 1171 1740 1198 men-

241 1225 311 1260 tes
337 1233 505 1260 eorum.
568 1220 680 1260 Inde
707 1226 919 1260 constare
952 1226 1105 1273 potest
1132 1220 1250 1261 unde
1282 1227 1352 1261 est
1384 1221 1504 1273 quod
1533 1221 1740 1267 “testis,‘'

241 1296 343 1323 cum
375 1283 431 1323 de
463 1283 674 1331 Domino,
703 1282 928 1336 significet
962 1283 1114 1336 Ipsum
1147 1284 1295 1337 quoad
1329 1284 1541 1324 Divinum
1567 1283 1740 1324 Verum

239 1347 284 1386 in
311 1346 438 1387 caelo
464 1352 510 1387 et
535 1347 581 1401 in
608 1346 827 1397 ecclesia;
860 1354 907 1388 et
934 1347 1054 1400 quod
1079 1347 1318 1395 “testari,’'
1341 1361 1443 1388 cum
1470 1348 1526 1388 de
1553 1347 1640 1388 illis
1667 1348 1740 1401 qui

239 1410 459 1462 recipiunt
493 1409 705 1461 Divinum
733 1410 904 1451 Verum
931 1425 957 1450 a
989 1411 1202 1459 Domino,
1231 1410 1456 1464 significet
1488 1424 1739 1463 agnoscere

239 1473 375 1514 corde
402 1473 614 1513 Divinum
641 1473 825 1514 Domini
851 1474 894 1514 in
923 1474 1138 1514 Humano
1165 1474 1308 1527 Ipsius
1339 1473 1565 1528 (videatur
1591 1488 1738 1527 supra,

203 1579 207 1582 Α
241 1541 283 1568 n.
307 1527 397 1581 27).
457 1538 570 1576 (Quod
589 1539 714 1567 caelum
734 1539 765 1567 in
786 1544 853 1568 toto
873 1544 904 1568 et
923 1540 955 1568 in
974 1545 1064 1577 parte
1079 1539 1193 1568 reserat
1206 1549 1309 1568 unum
1326 1540 1513 1574 Hominem,
1530 1544 1561 1568 et
1575 1541 1664 1577 quod
1678 1540 1741 1568 hoc

238 1589 277 1618 sit
291 1598 331 1618 ex
347 1589 463 1617 Divino
481 1589 636 1618 Humano
653 1589 792 1623 Domini,
806 1590 950 1619 videatur
963 1590 995 1618 in
1011 1599 1106 1628 opere
1122 1591 1174 1619 De
1192 1591 1284 1619 Caelo
1299 1594 1330 1619 et
1343 1591 1480 1629 Inferna,
1493 1600 1524 1619 n.
1538 1591 1647 1627 59—86,
1663 1599 1740 1627 seq„

238 1641 270 1665 et
284 1646 315 1667 n.
334 1645 406 1672 101:
430 1640 461 1665 et
476 1637 564 1673 quod
577 1637 729 1666 Divinum
741 1638 918 1675 procedens
932 1647 952 1666 a
968 1638 1120 1672 Domino,
1133 1638 1222 1675 quod
1234 1638 1349 1666 format
1360 1638 1494 1671 caelum,
1511 1643 1542 1666 et
1553 1638 1684 1675 angelos
1699 1639 1741 1666 ad

238 1687 410 1724 imaginem
433 1687 522 1721 caeli,
542 1687 582 1716 sit
605 1687 758 1716 Divinum
781 1688 913 1722 Verum,
934 1697 965 1717 n.
988 1697 1035 1725 13,
1058 1697 1126 1725 133,
1149 1690 1313 1726 138—140.)
1394 1677 1610 1717 Divinum
1650 1677 1737 1717 hOC

240 1738 412 1779 Verum
438 1744 627 1779 vocatur
652 1752 678 1778 a
710 1738 908 1779 Domino
937 1738 1250 1791 “Paracletus‚
1280 1738 1470 1792 Spiritus
1496 1738 1739 1785 veritatis,'’

240 1801 296 1842 de
328 1815 416 1855 quo
448 1802 612 1842 dicitur
642 1802 762 1855 quod
791 1806 1024 1843 “testetur
1055 1803 1111 1843 de
1149 1803 1254 1855 Ipso
1267 1802 1285 1817 ’'
1312 1809 1359 1843 et
1395 1802 1516 1855 quod
1550 1803 1646 1858 “sit
1682 1803 1740 1842 ab

239 1865 345 1918 Ipso
363 1864 396 1904 :’'
428 1865 549 1918 quod
576 1871 771 1906 testetur
797 1865 853 1906 de
881 1865 999 1919 Ipso,
1028 1866 1148 1919 apud
1176 1865 1445 1914 Jolzannem,

312 1960 334 1973 u
345 1959 875 2044 Quafidq,xr(enerig)Paracletus
879 1986 972 1998 .....
981 1961 1132 2001 Spiritus
1146 1961 1306 1992 veritatis
1310 1986 1403 1999 .....
1414 1961 1478 1993 Ille
1490 1962 1682 1997 ,testabitur
1698 1962 1742 1994 de

460 2014 480 2035 e
540 2014 597 2036 xv.
615 2012 633 2035 2
684 2014 691 2041 ;

241 2085 287 2121 et
314 2080 436 2134 quod
450 2064 520 2121 ‘sit
546 2080 604 2121 ab
630 2081 750 2134 Ipso,
778 2081 896 2135 apud
923 2082 1131 2131 eundem,

308 2177 524 2215 Paracletus,
555 2178 577 2192 ‘⁸
588 2177 740 2218 Spiritus
764 2179 936 2216 veritatis,
965 2179 1070 2210 ducet
1093 2189 1158 2211 vos
1189 2180 1225 2211 in
1250 2190 1396 2211 omnem
1423 2181 1610 2212 veritatem
1627 2190 1634 2218 ;
1667 2191 1738 2212 non

415 2221 511 2252 enim
528 2221 694 2262 loquetur
706 2232 728 2253 a
744 2228 868 2260 semet,
884 2223 946 2254 sed
964 2233 1195 2264 quaecunque
1209 2224 1385 2256 audiverit
1402 2225 1566 2265 loquetur
1578 2236 1584 2256 ε
1595 2250 1602 2256 .
1617 2250 1624 2257 .
1639 2250 1645 2256 .
1659 2226 1668 2256 ’.
1679 2224 1742 2256 Ille

417 2265 478 2296 Me
501 2265 726 2305 glorificabit,
747 2266 830 2306 quia
846 2276 890 2297 ex
906 2277 987 2298 meo
1005 2267 1155 2307 accipiet
1172 2274 1207 2298 et
1224 2269 1453 2299 annuntiabit
1470 2269 1592 2300 vobis:
1620 2269 1743 2299 omnia

417 2319 647 2350 quaecunque
666 2309 773 2341 Pater
789 2310 907 2348 habet,
925 2320 1006 2342 mea
1019 2317 1124 2347 sunt:
1149 2318 1296 2352 propter
1311 2312 1380 2343 hoc
1403 2312 1488 2350 dixi,
1505 2313 1600 2353 quod
1621 2322 1643 2343 a
1659 2322 1740 2343 meo

414 2359 625 2393 accepturus
641 2353 688 2385 sit
704 2359 739 2385 et
755 2354 1033 2386 annuntiaturus
1050 2355 1154 2387 vobis
1165 2355 1183 2366 '⁸
1201 2355 1286 2396 (xvi.
1305 2356 1446 2396 13-15);

240 2441 361 2495 quod
388 2441 794 2485 Divinum Verum
822 2443 879 2483 sit
906 2457 964 2483 ex
994 2442 1206 2492 Domino,
1226 2444 1496 2497 intelligitur
1518 2458 1597 2498 per
1619 2445 1739 2498 quod

224 2508 267 2552 ,“
282 2518 372 2545 non
395 2504 603 2558 loquetur
621 2519 680 2545 ex
703 2505 888 2554 semet,”
906 2506 985 2546 sed
1003 2507 1124 2559 quod
1144 2510 1169 2527 “
1183 2521 1241 2547 ex
1261 2521 1363 2548 meo
1381 2509 1572 2561 accipiet
1595 2514 1641 2549 et
1660 2521 1739 2548 an·

240 2567 466 2608 nuntiabit
488 2568 617 2608 vobis
634 2567 668 2619 ;”
694 2569 814 2622 quod
841 2570 898 2610 sit
925 2583 984 2610 ex
1013 2569 1178 2610 Divino
1203 2570 1417 2612 Humano
1441 2571 1638 2619 Domini,
1662 2585 1741 2624 per

241 2631 368 2680 haec,
387 2629 591 2672 “Omnia
612 2645 907 2686 quaecunque
931 2633 1064 2673 Pater
1085 2633 1238 2682 habet,
1263 2647 1364 2674 mea
1391 2640 1521 2684 sunt3
1554 2641 1739 2688 propter

240 2694 327 2735 hoc
365 2694 475 2743 dixi,
509 2695 629 2748 quod
666 2708 725 2735 ex
763 2708 865 2743 meo
906 2702 1175 2749 accepturus
1213 2697 1269 2737 sit
1308 2703 1353 2738 et
1391 2699 1737 2738 annuntiaturus

239 2757 367 2798 vobis
385 2757 419 2808 ;''
450 2763 497 2798 et
519 2758 640 2811 quod
665 2757 775 2798 illud
798 2758 1010 2799 Divinum
1036 2759 1297 2800 Humanum
1322 2760 1503 2800 Domini
1527 2761 1735 2801 manifes-

239 2826 323 2869 tet,
366 2834 445 2874 per
485 2820 614 2869 haec,
654 2820 777 2861 “Ille
818 2821 895 2862 Me
935 2821 1204 2874 glorificabit
1222 2823 1256 2863 :‘’
1304 2823 1594 2876 “glorificare
1607 2823 1626 2838 ''
1663 2830 1733 2864 est

240 2882 457 2922 Divinum
484 2881 750 2922 Humanum
776 2882 962 2923 Domini
985 2889 1145 2924 notum
1170 2884 1334 2925 facere.
1393 2896 1507 2933 (Quod
1526 2896 1558 2924 id
1577 2896 1616 2924 sit
1641 2892 1739 2932 “glo-

238 2945 390 2979 rificare.''
412 2954 486 2975 cum
506 2946 547 2974 de
567 2945 719 2980 Domino,
739 2946 884 2975 videatur
901 2947 933 2975 in
954 2947 1112 2977 Doc‘trina
1128 2949 1370 2986 Hierosolymae,
1387 2958 1418 2978 n.
1435 2950 1518 2986 294)
1577 2937 1735 2978 Simile

239 2996 518 3050 significatur
542 3011 621 3050 per
646 2997 757 3039 haec
784 2998 967 3040 Domini
993 3000 1142 3049 verba,
