2060 3476
613 331 719 371 CAP-
743 331 830 372 1113,
853 330 993 365 vERs.
1017 330 1192 364 21.-—N.
1217 331 1311 376 254.
1624 331 1708 374 413

213 443 333 499 apud
359 443 568 494 eundem,

282 524 306 538 “
317 523 372 555 Ex
387 523 523 555 mundo
539 533 613 556 non
630 528 724 562 sunt,
744 523 838 555 sicut
860 522 937 564 Ego
953 532 1002 555 ext
1014 522 1149 555 mundo
1166 532 1239 555 non
1256 532 1335 555 sum
1349 531 1373 561 ;.
1388 547 1396 554 .
1409 547 1418 554 .
1431 522 1539 554 ‚sicut
1562 520 1624 553 Me
1645 520 1711 552 mi-

387 567 465 599 sisti
482 567 518 599 in
536 567 722 605 mundum,
740 567 848 599 etiam
867 567 943 608 Ego
959 567 1040 599 misi
1057 567 1137 598 illos
1154 564 1191 598 i'n
1207 566 1381 598 mundum
1392 565 1411 578 '¹
1428 565 1525 607 (xvii.
1544 565 1595 603 16,
1613 564 1687 605 18);

213 642 332 696 apud
358 642 567 692 eundem,

422 721 444 734 ‘⁸
455 719 551 752 Sicut
566 720 665 753 misit
682 719 749 753 Me.
761 720 878 758 Pater,
896 720 1005 752 etiam
1024 719 1101 761 Ego
1117 720 1220 752 mitto
1236 729 1302 751 vos
1313 718 1332 731 '’
1349 718 1419 757 (xx.
1438 717 1513 759 21);

213 795 332 850 apud
358 796 567 846 eundem,

282 874 305 888 “
318 873 396 914 Ego
408 872 571 913 gloriam,
588 883 693 914 quam
707 873 835 905 dedisti
848 873 949 911 Mihi,
966 873 1046 904 dedi
1059 873 1140 910 illis,
1157 878 1195 904 ut
1207 872 1279 904 sint
1292 881 1400 903 unum
1416 871 1506 902 sicut
1519 880 1585 903 nos
1598 880 1709 902 unum

388 926 524 954 sumuS,
546 916 623 957 Ego
640 917 677 948 in
699 917 780 955 illis,
800 917 856 949 'ru
879 918 915 948 in
941 916 1061 949 Mez..
1075 941 1083 949 .
1097 917 1230 954 .Pater‚
1251 926 1340 957 quos
1356 915 1484 947 dedisti
1503 914 1606 953 Mihi,
1626 915 1709 946 volo

386 965 426 991 ut
442 960 502 991 ubi
518 969 598 991 sum
617 960 693 1001 Ego
710 961 818 992 etiam
842 960 893 992 illi
917 960 989 992 sint
1012 959 1168 998 Mecum,
1186 966 1226 991 ut
1241 959 1386 991 videant
1409 959 1559 999 gloriam
1577 968 1706 995 meam,

387 1013 493 1045 quam
510 1004 638 1035 dedisti
663 1004 763 1036 Mihi.
817 1029 913 1037 .....
922 1004 1055 1036 Notum
1072 1004 1139 1035 feci
1163 1004 1233 1035 illis
1251 1013 1383 1035 nomen
1401 1009 1513 1040 tuum,
1533 1008 1568 1034 et
1584 1008 1709 1034 notum

386 1047 514 1123 faciam
528 1053 598 1132 ;61)1t
610 1046 765 1086 dileetio,
782 1058 851 1089 qua
863 1048 1017 1080 dilexisti
1032 1047 1104 1086 Me,
1118 1048 1154 1079 in
1169 1047 1237 1079 illis
1250 1047 1296 1079 sit
1309 1054 1344 1079 et
1359 1047 1436 1087 Ego
1449 1047 1485 1078 in
1500 1046 1570 1078 illis
1579 1045 1598 1058 ”
1609 1045 1707 1085 (xvii.

430 1099 506 1130 -24‚
523 1099 543 1122 2
582 1116 590 1124 ·

214 1190 350 1245 Quod
382 1192 603 1233 Dominus
629 1192 685 1234 de
717 1191 793 1233 Sui
825 1191 1141 1245 conjunffione
1172 1204 1274 1234 cum
1306 1191 1562 1232 hominibus
1594 1191 1710 1231 sicut

213 1255 272 1295 de
298 1254 375 1296 Sui
399 1253 715 1308 conjunctione
741 1268 844 1296 cum
872 1255 1020 1304 Patre,
1049 1255 1135 1297 hoc
1162 1261 1248 1304 est,
1279 1254 1478 1295 Humani
1510 1255 1576 1294 sui
1608 1267 1710 1295 cum

215 1317 382 1359 Divino
406 1318 527 1372 quod
555 1319 599 1359 in
627 1318 747 1372 Ipso,
776 1318 956 1360 locutus
982 1320 1055 1368 sit,
1083 1325 1154 1360 est
1181 1332 1330 1366 causa,
1359 1306 1462 1371 (luia
1488 1317 1710 1359 Dominus

214 1394 305 1421 non
333 1381 622 1435 conjungitur
647 1395 748 1422 cum
781 1382 962 1435 proprio
993 1382 1203 1430 hominis,
1232 1381 1312 1422 sed
1344 1394 1446 1422 cum
1478 1395 1559 1422 suo
1591 1381 1711 1435 apud

214 1443 367 1496 illum;
401 1445 625 1486 Dominus
647 1446 876 1499 proprium
899 1444 1094 1485 hominis
1116 1450 1336 1492 removet,
1361 1449 1407 1484 et
1430 1443 1509 1484 dat
1533 1458 1591 1484 ex
1614 1458 1709 1492 suo,

214 1514 262 1550 et
284 1509 329 1549 in
351 1522 406 1550 eo
431 1508 611 1550 habitat
629 1521 638 1549 :
671 1508 792 1562 quod
814 1509 878 1549 ita
900 1508 973 1557 sit,
998 1509 1137 1549 etiam
1159 1509 1203 1548 in
1226 1506 1419 1548 ecclesia
1441 1513 1600 1548 notum
1624 1514 1709 1555 est,

215 1578 265 1612 ut
291 1578 421 1625 patet
448 1586 508 1612 ex
534 1571 710 1622 solenni
737 1585 869 1625 prece
895 1578 942 1612 et
969 1571 1297 1612 exhortatione
1323 1570 1380 1611 ad
1407 1570 1510 1610 illos
1536 1571 1610 1624 qui
1636 1584 1711 1611 ac-

216 1635 385 1676 cedunt
411 1635 469 1676 ad
495 1634 840 1676 Sacramentum
867 1634 1032 1684 Cenae,
1061 1635 1134 1676 ubi
1160 1634 1272 1675 haec
1299 1634 1462 1675 verba:

287 1737 462 1784 “Ifwz'tlz
480 1749 504 1772 a
522 1741 609 1772 true
617 1739 794 1783 penz‘tent
810 1737 933 1778 beart,
947 1738 1031 1772 and
1042 1738 1154 1783 lively
1158 1737 1287 1784 saith,
1301 1748 1358 1771 we
1374 1738 1516 1771 receive
1528 1736 1615 1771 that
1631 1736 1715 1782 hely

217 1784 452 1823 Sacrament‚
460 1785 537 1831 for
560 1785 649 1819 then
673 1796 730 1819 we
752 1785 976 1830 spirz'tually
999 1789 1061 1819 eat
1085 1785 1149 1819 tlte
1162 1785 1264 1830 fleslz
1282 1785 1329 1831 of
1351 1784 1482 1819 Christ
1498 1784 1582 1818 and
1596 1784 1716 1818 drink

214 1832 295 1866 His
317 1832 429 1872 blood,
447 1832 537 1866 then
560 1843 617 1866 wc
640 1832 754 1866 dwell
774 1834 817 1866 in
845 1832 977 1867 Christ
992 1832 1075 1867 and
1098 1832 1229 1867 Christ
1253 1833 1296 1866 in
1313 1843 1366 1872 us,
1385 1831 1469 1865 and
1487 1843 1544 1865 we
1564 1843 1634 1865 are
1649 1841 1717 1865 one

214 1878 313 1913 with
332 1879 464 1914 Christ
478 1879 563 1914 and
577 1879 710 1915 Christ
724 1879 828 1914 with
840 1891 884 1914 us
892 1879 933 1920 ,·”

217 1985 265 2020 et
289 1979 398 2028 Joh.
420 1980 478 2020 Vi.
503 1979 568 2032 56.
627 1991 707 2029 (Sed
725 1991 805 2020 haec
820 1991 934 2020 melius
949 1991 1177 2030 comprehendi
1192 1996 1325 2030 possunt
1344 2000 1383 2020 ex
1398 1991 1457 2020 illis
1473 2000 1556 2028 quae
1570 1990 1602 2019 in
1618 1999 1714 2028 opere

216 2044 268 2072 De
289 2044 380 2073 Caelo
398 2047 429 2073 et
446 2044 583 2083 Inferna,
597 2053 630 2074 n.
648 2053 695 2079 11,
711 2053 758 2079 12,
774 2049 902 2074 ostensa
915 2044 1015 2083 sunt.)
1073 2034 1187 2075 Inde
1213 2047 1332 2075 nunc
1359 2034 1463 2087 quia
1495 2033 1713 2074 Divinum

219 2093 403 2135 Domini
428 2101 662 2148 receptum
689 2095 747 2136 ab
771 2094 948 2149 angelis
971 2102 1018 2136 et
1044 2095 1102 2136 ab
1127 2095 1384 2136 hominibus
1406 2095 1513 2136 facit
1536 2094 1712 2136 caelum

218 2163 276 2198 et.
292 2158 531 2199 ecclesiam
549 2158 668 2212 apud
690 2157 808 2207 illos,
827 2172 965 2199 unum
983 2165 1088 2199 sunt
1111 2171 1215 2199 cum
1237 2158 1450 2208 Domino,
1470 2159 1585 2199 sicut
1610 2158 1713 2211 Ipse

217 2226 264 2261 et
288 2220 422 2261 Pater
443 2233 580 2261 unum
606 2222 679 2262 sit.
741 2221 808 2263 Ut
830 2221 978 2262 adhuc
1006 2222 1174 2262 sciatur
1195 2222 1425 2275 quomodo
1450 2220 1713 2274 intelligen-

219 2283 326 2324 dum
352 2290 422 2324 est
448 2284 569 2338 quod
596 2284 818 2325 Dominus
844 2285 982 2334 dicat,
1011 2285 1131 2339 quod
1158 2285 1316 2326 sedeat
1344 2298 1445 2326 cum
1474 2285 1607 2325 Patre
1634 2299 1714 2326 suo

217 2347 263 2387 in
300 2345 468 2388 throno
505 2347 665 2401 Ipsius,
698 2348 933 2389 sciendum
975 2354 1045 2389 est
1082 2348 1203 2402 quo'd
1238 2348 1469 2390 “thronus
1506 2347 1624 2389 Dei”
1655 2349 1713 2390 sit

218 2408 395 2467 caelum
411 2407 481 2463 (ut
499 2411 543 2451 in
561 2411 776 2464 superiori
793 2410 986 2452 articulo
1001 2417 1235 2452 ostensum
1250 2411 1358 2466 est),
1374 2425 1426 2452 36
1445 2411 1620 2452 caelum
1643 2418 1713 2453 est

219 2473 396 2515 caelum
411 2487 471 2514 ex
489 2473 656 2514 Divino
673 2473 793 2527 quod
813 2475 1018 2527 procedit
1037 2488 1063 2514 a
1077 2474 1276 2515 Domino
1294 2489 1302 2525 ;
1331 2481 1377 2516 et
1395 2474 1481 2515 hoc
1501 2474 1714 2516 Divinum

218 2543 409 2578 vocatur
435 2536 648 2576 Divinum
671 2536 857 2586 Verum,
886 2537 966 2578 sed
993 2543 1063 2578 est
1091 2537 1304 2578 Divinum
1335 2538 1511 2578 Bonum
1538 2539 1714 2578 unitum

218 2599 543 2641 DivinoVero
577 2597 646 2655 (ut
679 2613 813 2653 supra
844 2598 1013 2641 dictum
1046 2599 1153 2654 est).
1230 2600 1334 2654 Ipse
1367 2600 1591 2642 Dominus
1624 2614 1714 2641 non

218 2669 289 2705 est
321 2663 367 2704 in
399 2662 542 2712 caelo,
575 2662 655 2704 sed
687 2669 758 2704 est
789 2676 925 2717 supra
954 2662 1120 2713 caelos,
1148 2669 1195 2704 et
1226 2671 1415 2718 apparet
1447 2664 1534 2705 illis
1566 2665 1639 2718 qui
1670 2665 1715 2704 in

217 2726 356 2768 caelis
388 2731 495 2766 sunt
528 2731 577 2766 ut
612 2724 703 2766 Sol.
766 2725 901 2779 Quod
935 2733 1154 2780 appareat
1188 2733 1237 2768 ut
1275 2727 1368 2777 Sol,
1404 2734 1474 2768 est
1508 2729 1610 2782 quia
1643 2735 1714 2769 est

218 2789 409 2830 Divinus
431 2787 604 2839 Amor;
638 2801 690 2829 ac
714 2788 903 2830 Divinus
926 2789 1073 2830 Amor
1096 2797 1285 2844 apparet
1312 2790 1489 2844 angelis
1515 2797 1564 2832 ut
1589 2791 1714 2844 Ignis

217 2852 404 2903 solaris;
449 2852 568 2892 unde
605 2865 783 2906 quoque
823 2853 979 2906 “ignis
1015 2853 1174 2894 sacer'’
1212 2854 1256 2894 in
1294 2853 1450 2894 Verbo
1487 2853 1712 2906 significat

218 2915 442 2957 Amorem
483 2915 710 2956 Divinum.
771 2915 847 2956 Ex
887 2915 993 2970 Ipso
1033 2922 1083 2957 ut
1123 2915 1230 2958 Sole
1270 2917 1476 2971 procedit
1519 2917 1622 2957 Lux
1665 2922 1712 2957 et

219 2977 380 3020 Calor:
425 2978 530 3019 Lux
561 2992 675 3032 quae
707 2979 927 3032 procedit,
960 2979 1062 3033 quia
1103 2986 1174 3021 est
1212 2980 1313 3020 Lux
1347 2979 1606 3034 spiritualis,
1639 2985 1709 3019 est
