2060 3476
278 372 355 414 126
681 380 1010 414 APOCALYPSIS
1042 381 1340 414 EXPLICATA.

272 509 385 548 quae
410 501 512 536 sunt
536 495 656 536 vitae
678 501 917 545 aeternae;
950 494 1014 535 ita
1036 508 1115 548 per
1136 495 1255 535 viam
1277 495 1398 536 vitae
1421 493 1526 546 ejus,
1547 507 1659 547 quae
1682 499 1752 534 est
1820 532 1825 537 .

273 572 350 611 per
372 559 488 598 viam
512 559 688 598 animae
711 563 756 598 et
780 557 927 598 cordis
949 556 1054 615 ejus.
1117 556 1204 610 Qui
1226 557 1368 598 credit
1388 556 1506 610 quod
1529 556 1572 596 in
1595 556 1751 608 cogni·
1809 572 1814 577 ·

273 622 468 662 tionibus
495 622 586 662 veri
618 621 793 674 possint
820 634 918 661 esse
950 621 1023 674 qui
1049 626 1261 674 separant
1289 620 1561 661 charitatem
1593 633 1619 659 a
1649 618 1750 667 fide,

273 683 463 724 multum
487 683 679 734 fallitur;
713 684 896 737 capiunt
920 684 1038 724 enim
1062 684 1212 723 omnia
1234 697 1260 723 a
1282 697 1329 723 se
1352 689 1398 723 et
1426 681 1534 722 nihil
1561 695 1586 722 e
1608 680 1750 728 caelo,

271 752 317 786 et
345 760 458 799 quae
485 746 621 786 homo
653 760 678 786 a
710 760 757 786 se
789 746 910 799 capit
942 752 988 786 et
1021 759 1110 786 non
1143 760 1166 786 e
1198 745 1326 786 caelo
1354 745 1466 786 haec
1493 744 1604 785 falsa
1631 750 1749 791 sunt,

272 809 374 861 quia
406 810 449 848 in
482 809 679 849 tenebris
707 807 949 861 ¹¹1cogitant
981 815 1027 849 et
1059 822 1149 849 non
1180 809 1222 849 in
1257 808 1381 858 luce;
1420 808 1566 847 omnis
1598 806 1676 847 lux
1709 807 1750 846 in

237 872 239 874 ’
271 870 436 911 talibus
463 885 575 924 quae
602 871 820 912 ecclesiae
847 877 966 918 sunt,
995 885 1018 912 e
1050 871 1177 911 caelo
1202 871 1366 911 veniet.
1429 869 1543 910 Sunt
1572 869 1752 923 quidem

273 934 316 973 in
349 934 540 974 ecclesia
578 934 725 987 plures
762 934 834 987 qui
871 934 1026 986 dicunt
1063 933 1336 974 charitatem
1373 946 1471 973 esse
1509 931 1751 972 essentiale

274 996 492 1037 ecclesiae
510 1004 555 1037 et
581 1010 667 1037 non
692 996 825 1037 fidem
849 1003 1131 1050 separatam;
1165 997 1243 1036 sed
1262 996 1410 1036 dicere
1433 995 1477 1036 id
1501 1001 1545 1036 et
1569 994 1752 1035 credere

274 1059 332 1106 id,
360 1066 405 1100 et
438 1073 527 1099 non
554 1061 702 1100 vivere
729 1060 869 1099 vitam
901 1059 1151 1107 charitatis,
1179 1065 1248 1099 est
1281 1059 1417 1099 modo
1448 1058 1596 1098 dicere
1627 1056 1751 1097 illam

272 1116 433 1162 esse‘et
458 1135 545 1162 non
565 1122 708 1162 facere
727 1121 848 1161 illam
867 1121 1109 1162 essentiale
1127 1135 1135 1172 ;
1163 1135 1298 1175 quare
1321 1121 1384 1161 illi
1407 1121 1449 1161 in
1469 1120 1629 1161 eodem
1649 1119 1750 1160 loco

273 1191 376 1225 sunt
409 1198 509 1225 cum
542 1185 628 1225 illis
659 1185 731 1238 qui
764 1184 917 1225 dicunt
949 1183 1083 1224 fidem
1115 1198 1213 1224 esse
1241 1183 1500 1230 essentiale,
1529 1189 1599 1223 est
1632 1183 1751 1222 enim

271 1246 358 1287 illis
385 1245 582 1287 charitas
609 1247 744 1287 solius
771 1246 886 1295 fidei,
915 1253 960 1288 et
993 1260 1082 1287 non
1109 1247 1246 1294 vitae,
1273 1252 1549 1300 quapropter
1574 1258 1656 1285 nec
1689 1243 1752 1284 illi
1818 1241 1824 1248 ’

273 1317 462 1362 possunt
488 1310 712 1351 illustrari.
775 1310 825 1350 In
853 1309 1021 1350 mundo
1048 1309 1265 1362 spirituali
1292 1315 1479 1362 apparet
1506 1309 1624 1361 apud
1651 1308 1753 1349 illos

273 1374 452 1413 niveum
477 1374 703 1427 quoddam
731 1374 845 1414 sicut
874 1372 1012 1423 lucis;
1047 1373 1125 1413 sed
1152 1386 1204 1413 ea
1231 1372 1323 1420 lux,
1354 1386 1412 1413 ex
1439 1386 1526 1426 qua
1551 1371 1659 1412 illud
1688 1372 1753 1412 ni-

272 1449 418 1484 veum,
446 1442 516 1476 est
544 1435 774 1484 naturalis,
802 1449 916 1489 quae
942 1435 1045 1482 talis
1071 1441 1156 1484 est,
1184 1441 1232 1476 ut
1259 1435 1473 1475 influente
1500 1434 1597 1475 luce
1625 1434 1751 1481 caeli,

269 1509 382 1550 quae
413 1502 483 1537 est
517 1495 594 1536 lux
625 1495 880 1549 spiritualiS,
906 1502 1108 1537 vertatur
1133 1498 1177 1537 in
1203 1497 1440 1548 tenebras;
1472 1497 1679 1538 habitant
1705 1497 1761 1538 ad

268 1559 495 1598 sinistrum
528 1558 585 1598 ibi
618 1571 760 1611 paene
792 1559 835 1598 in
868 1558 1036 1611 angulo
1066 1560 1386 1612 septentrionis
1412 1565 1457 1600 et
1485 1560 1759 1600 occidentis:

267 1620 331 1660 illi
362 1626 539 1661 tantum
566 1626 670 1660 sunt
702 1619 1014 1672 intelligentes
1045 1627 1262 1674 quantum
1289 1622 1573 1674 cognitiones
1598 1622 1690 1662 veri
1715 1628 1761 1662 et

267 1683 373 1723 boni
410 1682 720 1736 applicuerunt
752 1683 884 1723 vitae.
947 1681 1118 1723 Omnes
1150 1683 1212 1724 illi
1244 1684 1316 1737 qui
1353 1685 1397 1724 in
1429 1684 1762 1737 cognitionibus

267 1746 358 1786 veri
385 1752 430 1787 et
456 1746 561 1786 boni
587 1752 704 1794 sunt,
732 1751 777 1786 et
804 1759 893 1786 non
919 1746 1164 1787 secundum
1191 1746 1289 1787 illas
1319 1748 1361 1787 in
1394 1747 1514 1788 bono
1536 1748 1669 1796 vitae,
1695 1748 1761 1788 vi-

267 1823 370 1850 vere
402 1815 591 1862 possunt
616 1823 756 1862 aeque
782 1809 998 1850 moralem
1024 1810 1163 1850 vitam
1193 1823 1243 1851 ac
1276 1810 1339 1851 illi
1364 1811 1436 1864 qui
1467 1811 1511 1851 in
1538 1811 1760 1863 cognitio·

266 1873 395 1913 nibus
426 1879 529 1913 sunt
562 1879 607 1913 et
640 1885 717 1925 per
748 1872 847 1912 illas
878 1873 922 1913 in
960 1873 1080 1913 bono
1111 1873 1256 1924 vitae;
1299 1874 1378 1914 sed
1410 1888 1548 1928 usque
1579 1875 1760 1916 moralis

265 1935 440 1976 illorum
464 1936 558 1976 vita
579 1942 648 1976 est
672 1935 887 1976 naturalis
910 1942 955 1976 et
979 1949 1068 1976 non
1092 1936 1345 1989 spiritualis,
1369 1938 1578 1990 quoniam
1601 1939 1644 1978 in
1666 1939 1760 1980 vita

265 2012 345 2039 sua
370 2012 459 2039 non
486 2000 670 2047 sincere,
692 1998 810 2051 juste
842 2005 888 2040 et
920 1999 1035 2039 bene
1060 2000 1216 2040 vivunt
1249 2013 1307 2040 ex
1339 1999 1580 2053 religione;
1613 2007 1659 2042 et
1685 2002 1758 2055 qui

264 2075 353 2102 non
373 2076 431 2102 ex
450 2061 665 2116 religione
683 2062 798 2102 bene
815 2062 985 2110 vivunt,
1005 2062 1031 2101 ii
1055 2075 1143 2102 non
1167 2068 1354 2114 possunt
1373 2062 1581 2116 conjungi
1604 2064 1757 2116 caelo;

264 2138 368 2166 nam
394 2125 552 2178 religio
583 2125 687 2165 facit
719 2125 947 2165 hominem
974 2125 1265 2178 spiritualem,
1293 2132 1339 2166 et
1369 2126 1599 2180 conjungit
1631 2127 1756 2168 illum

263 2188 451 2241 angelis,
479 2189 552 2242 qui
584 2188 719 2228 modo
744 2187 996 2241 spirituales
1022 2195 1138 2229 sunt.
1199 2189 1273 2229 Ex
1303 2189 1518 2242 religione
1550 2191 1665 2232 bene
1691 2192 1756 2232 vi-

262 2265 380 2300 vere,
408 2258 477 2292 est
504 2252 720 2304 cogitare,
747 2251 864 2292 velle
890 2258 935 2292 et
968 2251 1127 2300 facere,
1155 2253 1256 2305 quia
1279 2252 1343 2293 ita
1371 2260 1661 2307 praeceptum
1686 2262 1756 2296 est

262 2314 307 2355 in
325 2314 494 2363 Verbo,
514 2321 560 2355 et
578 2315 680 2368 quia
702 2314 923 2355 Dominus
941 2315 984 2355 id
1003 2315 1236 2355 mandavit
1254 2329 1262 2366 ;
1290 2322 1336 2356 at
1355 2329 1445 2356 non
1463 2330 1521 2357 ex
1539 2317 1756 2371 religione

262 2379 425 2427 vivere,
459 2385 528 2419 est
567 2379 783 2430 cogitare,
816 2378 934 2418 velle
971 2385 1016 2419 et
1054 2378 1197 2419 facere
1234 2379 1378 2419 solum
1415 2387 1599 2433 propter
1630 2377 1755 2435 leges

262 2441 415 2482 civiles
438 2448 484 2482 et
507 2441 714 2482 morales.
778 2441 838 2481 Hi
860 2442 961 2494 quia
979 2454 1069 2483 non
1085 2440 1300 2494 'spectant
1319 2442 1406 2483 alio
1425 2457 1557 2496 quam
1579 2445 1636 2485 ad
1658 2445 1753 2495 has,

260 2505 362 2546 ideo
385 2519 432 2545 se
455 2504 732 2557 conjungunt
756 2504 901 2545 solum
925 2505 1106 2553 mundo,
1131 2519 1211 2558 pro
1233 2519 1321 2559 quo
1346 2505 1471 2559 leges
1497 2507 1599 2548 illae
1622 2515 1752 2560 sunt;

259 2575 307 2609 at
339 2568 401 2608 illi
433 2566 641 2621 spectant
673 2569 729 2608 ad
763 2568 1022 2616 Dominum,
1051 2574 1096 2608 et
1128 2568 1232 2609 inde
1264 2583 1311 2609 se
1344 2569 1621 2623 conjungunt
1649 2571 1751 2625 Ipsi.

205 2683 207 2686 Α
261 2630 395 2684 Quod
414 2637 575 2684 gentes
591 2630 822 2671 salventur
835 2637 906 2671 est
925 2632 1053 2671 unice
1068 2645 1126 2671 ex
1143 2645 1210 2680 eo,
1227 2633 1346 2685 quod
1364 2633 1408 2673 in
1423 2634 1515 2674 vita
1530 2648 1608 2674 sua
1623 2648 1752 2688 spec-

258 2700 359 2734 tent
386 2694 442 2734 ad
470 2693 748 2746 religionem,
774 2695 1032 2747 cogitantes
1059 2700 1104 2734 et
1128 2695 1331 2736 dicentes
1354 2697 1474 2749 quod
1499 2697 1563 2737 ita
1588 2703 1634 2738 et
1661 2711 1750 2739 non

258 2757 390 2798 aliter
420 2757 671 2797 faciendum
705 2758 775 2805 sit,
803 2758 906 2810 quia
936 2763 1005 2798 est
1032 2764 1191 2798 contra
1223 2757 1347 2811 leges
1375 2760 1604 2813 religionis
1629 2774 1748 2810 suae,

257 2821 320 2861 ita
352 2826 510 2861 contra
542 2820 779 2870 Divinum;
821 2827 867 2860 et
899 2833 998 2860 curn
1031 2820 1094 2860 ita
1126 2822 1332 2873 cogitant
1364 2829 1410 2863 et
1436 2822 1539 2863 inde
1564 2823 1746 2873 faciunt,

257 2884 461 2924 imbuunt
498 2883 638 2924 vitam
675 2883 964 2936 spiritualem,
1003 2897 1118 2936 quae
1155 2885 1258 2925 talis
1298 2892 1367 2926 est
1404 2885 1521 2939 apud
1561 2886 1662 2926 illos
1699 2893 1748 2928 ut

257 2953 416 3000 postea
447 2947 491 2987 in
523 2947 692 2987 mundo
722 2947 937 3000 spirituali
963 2948 1181 3000 recipiant
1206 2963 1313 2989 vera
1345 2943 1450 3002 prae
1482 2948 1747 2990 Christianis

255 3009 341 3050 illis
366 3010 439 3064 qui
472 3009 579 3050 nihil
611 3011 815 3063 cogitant
848 3024 907 3051 ex
937 3010 1093 3052 Verbo
1124 3017 1170 3052 et
1202 3025 1261 3052 ex
1293 3010 1496 3053 doctrina
1527 3011 1745 3060 ecclesiae
