2060 3476
309 322 392 366 394
723 321 1054 355 APOCALYPSIS
1086 321 1385 356 EXPLICATA.

295 441 495 488 possunt
518 435 562 476 in
585 436 880 484 tentationes,
902 435 1010 477 nihil
1033 436 1152 477 enirn
1174 436 1292 489 apud
1319 435 1421 476 illos
1443 441 1513 476 est
1535 435 1655 490 quod
1677 449 1789 490 pug-

305 503 384 538 nat
407 510 508 538 cum
530 497 652 538 falsis
674 504 720 539 et
744 498 873 538 malis
894 512 902 548 ;
935 497 1039 539 inde
1061 504 1131 539 est
1153 498 1273 551 quod
1299 497 1435 538 hodie
1457 499 1585 551 pauci
1608 499 1696 540 sint
1718 499 1791 552 qui

304 565 556 608 tentantur,
576 566 623 600 et
646 559 749 601 inde
766 560 886 614 quod
908 573 1064 614 parum
1082 561 1248 601 sciatur
1265 560 1370 613 quid
1393 560 1590 601 tentatio
1612 561 1791 614 spiritu-

303 619 402 660 alis.
472 630 551 668 (Sed
569 631 648 660 haec
666 631 791 668 plenius
809 631 952 669 exposita
970 636 1043 660 sunt
1057 631 1090 660 in
1104 631 1242 660 Arcanis
1260 631 1452 665 Caelestibus,
1467 640 1506 660 ex
1525 631 1641 668 quibus
1660 631 1794 661 colledka

303 677 470 707 videantur
482 679 514 707 in
530 680 690 708 Doctrina
703 681 813 709 Novae
827 680 1073 718 Hierosolymac,
1089 688 1119 709 n.
1139 679 1301 716 196-201.)

383 735 507 780 247.
547 727 676 768 “leto
705 741 783 781 aye
815 741 929 781 erqo,
959 732 1004 768 et
1032 726 1464 781 reszpisoe.''—Quod
1494 726 1715 780 significet
1746 734 1794 768 ut

303 787 490 829 sibillis
520 789 733 838 charitas,
767 796 949 831 constat
987 803 1047 830 ex
1083 788 1412 842 significatione
1447 788 1582 829 “zelo
1617 788 1791 842 agere,”

303 850 423 904 quod
446 851 503 891 sit
527 866 585 892 ex
608 850 843 893 affectione
866 851 1099 906 spirituali,
1123 851 1235 892 haec
1259 852 1377 892 enim
1399 857 1469 892 est
1493 850 1613 892 zelus
1635 851 1679 891 in
1701 850 1791 904 spi÷

302 912 451 953 rituali
482 927 642 964 sensu;
684 920 730 955 et
763 915 865 968 quia
895 913 1093 954 charitas
1125 919 1195 954 est
1231 914 1328 967 ipsa
1359 912 1436 954 illa
1466 911 1656 961 affectio,
1690 912 1819 968 ideo·

303 973 465 1015 dicitur
494 975 642 1016 “Zelo
668 989 754 1029 age
776 982 822 1017 et
848 975 1098 1030 resipisce,‘'
1121 982 1166 1030 et
1191 989 1268 1029 per
1289 975 1333 1016 id
1357 974 1634 1028 significatur
1658 980 1706 1015 ut
1733 975 1791 1015 sit

302 1035 389 1076 illis
416 1036 626 1078 charitas.
688 1038 926 1080 Praeterea
952 1051 1085 1079 nemo
1111 1038 1155 1079 in
1181 1038 1486 1079 tentationem
1513 1035 1791 1091 spiritualem

302 1098 562 1140 immittitur
584 1100 666 1140 nisi
693 1101 750 1141 sit
776 1101 820 1141 in
847 1099 1082 1142 affec‘tione
1108 1100 1326 1154 spirituali
1349 1114 1462 1154 quae
1489 1099 1685 1141 charitas
1710 1113 1790 1140 vo-

303 1167 456 1211 catur;
491 1163 573 1203 nisi
605 1163 649 1203 in
680 1162 758 1203 illa
783 1164 855 1212 sit,
885 1177 974 1204 non
1001 1164 1159 1204 existit
1186 1163 1334 1217 aliqua
1366 1176 1518 1216 pugna
1543 1175 1644 1203 cum
1670 1160 1791 1202 salsis

303 1229 348 1264 et
373 1223 515 1273 malis,
541 1225 643 1278 quia
665 1224 788 1266 nulla
810 1231 879 1266 est
903 1225 1024 1266 zelus
1050 1239 1130 1279 pro
1151 1226 1267 1266 veris
1293 1231 1338 1266 et
1366 1238 1446 1278 pro
1472 1224 1613 1265 bonis.
1676 1222 1792 1277 Quia

303 1299 381 1338 per
403 1287 708 1328 tentationem
734 1301 824 1328 non
851 1287 996 1328 solum
1019 1288 1263 1328 domantur
1285 1286 1405 1327 mala
1431 1292 1477 1327 et
1503 1292 1792 1327 removentur

302 1347 427 1396 falsa,
461 1349 539 1389 sed
572 1350 711 1390 etiam
743 1349 845 1391 loco
876 1350 1055 1391 illorum
1086 1349 1415 1403 implantantur
1445 1362 1564 1397 vera,
1597 1354 1644 1389 et
1678 1347 1790 1389 haec

303 1409 637 1464 conjunguntur
654 1425 755 1453 cum
777 1412 898 1453 bono
920 1412 1157 1454 charitatis
1175 1426 1313 1466 usque
1335 1417 1384 1452 ut
1407 1411 1497 1451 sint
1519 1423 1669 1459 unum,
1688 1410 1791 1451 ideo

302 1485 382 1525 per
410 1473 558 1514 “Zelo
584 1487 670 1528 age
701 1480 748 1516 et
779 1475 990 1529 resipisce
1003 1474 1023 1490 ’'
1049 1473 1328 1528 significetur
1358 1479 1407 1514 ut
1439 1473 1496 1514 sit
1528 1472 1614 1513 illis
1646 1471 1790 1513 chari-

303 1540 511 1644 tas⁵248.
542 1600 652 1639 [Vers.
670 1601 734 1640 20.]
765 1592 900 1632 “Ecce
916 1594 980 1632 sto
996 1591 1050 1631 ad
1063 1590 1207 1632 ostium
1224 1594 1268 1631 et
1279 1588 1630 1643 pulso.¹'—-Quod
1652 1588 1790 1641 signi-

302 1648 406 1691 ficet
431 1651 736 1703 praesentiam
765 1652 948 1693 Domini
967 1658 1242 1705 perpetuam,
1271 1656 1455 1692 constat
1482 1664 1540 1691 ex
1567 1649 1790 1702 significa-

302 1712 427 1754 tione
466 1715 609 1755 “ostii
621 1714 640 1730 '’
677 1728 754 1755 seu
794 1714 1030 1768 “januae,”
1067 1714 1186 1768 quod
1227 1714 1270 1754 in
1311 1725 1520 1767 supremo
1560 1725 1693 1753 sensu
1732 1712 1790 1752 sit

303 1774 524 1816 Dominus
541 1777 689 1830 quoad
711 1777 1093 1818 intromissionem
1117 1777 1160 1817 in
1179 1775 1352 1817 caelum
1375 1781 1451 1816 aut
1474 1773 1788 1822 inecclesiam,

301 1842 348 1877 et
371 1837 414 1877 in
438 1851 570 1878 sensu
593 1838 772 1879 interno
789 1852 943 1880 verum
961 1853 1021 1879 ex
1039 1839 1160 1879 bono
1177 1838 1297 1892 quod
1319 1838 1376 1878 ab
1395 1837 1513 1890 Ipso,
1533 1837 1635 1890 quia
1653 1835 1790 1876 homo

302 1912 381 1952 per
402 1899 445 1940 id
468 1900 786 1942 intromittitur
812 1900 887 1955 (de
910 1915 996 1954 qua
1018 1914 1164 1954 supra,
1189 1914 1230 1941 n.
1255 1899 1356 1954 208)
1376 1893 1483 1950 ;'hic
1506 1899 1608 1952 quia
1630 1898 1790 1938 dicitur

301 1975 328 2002 a
350 1961 561 2012 Domino,
589 1963 748 2004 “Ecce
771 1970 844 2004 sto
865 1963 922 2004 ad
945 1964 1110 2004 ostium
1133 1968 1178 2004 et
1202 1961 1372 2016 pulso‚‘'
1391 1960 1667 2014 significatur
1689 1973 1788 2012 per-

301 2030 439 2078 petua
466 2025 610 2078 Ipsius
635 2027 905 2079 praesentia,
934 2031 980 2066 et
1007 2024 1137 2066 simul
1164 2030 1382 2078 perpetua
1409 2023 1552 2076 Ipsius
1578 2021 1789 2062 voluntas

301 2086 421 2139 quod
439 2087 549 2128 velit
573 2088 904 2137 intromittere;
938 2093 984 2128 et
1002 2096 1177 2140 quoque
1199 2086 1463 2126 intromittit
1483 2097 1640 2125 omnes
1662 2090 1709 2124 et
1733 2082 1789 2124 Se

301 2148 534 2203 conjungit
567 2150 773 2190 omnibus
800 2150 872 2203 qui
905 2150 1057 2203 Ipsum
1085 2149 1320 2202 recipiunt,
1349 2147 1468 2201 quod
1499 2146 1549 2187 fit
1581 2160 1659 2200 per
1684 2159 1790 2187 vera

301 2225 361 2252 ex
392 2211 513 2252 bono
544 2225 621 2252 seu
653 2225 731 2265 per
762 2211 896 2252 fidem
928 2225 987 2252 ex
1016 2211 1267 2260 charitate;
1301 2223 1436 2263 quare
1462 2209 1675 2262 sequitur,
1707 2207 1790 2249 “Si

300 2274 398 2327 quis
420 2274 640 2314 audiverit
662 2286 821 2314 vocem
847 2286 994 2314 meam
1017 2279 1062 2314 et
1086 2273 1309 2326 aperuerit
1332 2273 1512 2319 ostium,
1531 2270 1711 2311 intrabo
1732 2269 1790 2311 ad

300 2335 441 2385 illurn,
466 2342 512 2377 et
539 2336 712 2376 cenabo
734 2348 835 2376 curn
857 2335 936 2375 illo
960 2341 1006 2376 et
1033 2334 1108 2376 ille
1135 2334 1351 2375 Mecum.”
1412 2333 1529 2387 Quia
1554 2333 1758 2374 “ostium
1770 2331 1790 2347 ’'

300 2397 476 2447 dicitur,
501 2399 638 2438 etiam
661 2398 823 2438 dicitur
847 2401 872 2418 “
888 2396 1065 2450 pulsare
1083 2396 1117 2447 ;”
1148 2403 1194 2437 et
1221 2410 1300 2450 per
1320 2396 1364 2436 id
1390 2394 1668 2449 significatur
1689 2408 1790 2448 per-

253 2486 256 2489 ·
300 2465 439 2514 petua
463 2460 676 2501 voluntas
708 2459 765 2500 Se
791 2459 1093 2512 conjungendi
1124 2471 1225 2499 cum
1256 2458 1440 2498 homine
1466 2463 1512 2498 et
1538 2457 1789 2498 communi-

300 2522 433 2563 candi
451 2535 552 2563 cum
569 2522 647 2563 illo
668 2521 910 2562 felicitates
933 2521 1071 2562 caeli:
1105 2521 1225 2574 quod
1247 2521 1311 2561 ita
1333 2520 1406 2569 sit,
1426 2533 1485 2560 ex
1508 2533 1562 2560 eo
1579 2525 1789 2560 constare

300 2590 470 2638 potest,
489 2584 608 2638 quod
626 2585 669 2624 in
693 2584 890 2624 Domino
908 2584 965 2624 sit
985 2583 1172 2624 Divinus
1190 2581 1348 2630 Amor,
1368 2595 1420 2622 ac
1439 2581 1626 2622 Divinus
1645 2579 1791 2621 Amor

300 2652 370 2686 est
388 2645 506 2687 velle
524 2646 631 2686 dare
653 2658 788 2686 omne
811 2658 938 2685 suum
961 2645 1072 2694 aliis,
1093 2657 1144 2685 ac
1161 2643 1279 2685 velle
1301 2649 1350 2684 ut
1372 2644 1589 2696 recipiant
1609 2642 1760 2696 Ipsum
1779 2656 1787 2692 ;

299 2714 347 2749 et
378 2707 464 2748 hoc
492 2708 594 2761 quia
622 2721 712 2748 non
744 2707 836 2747 fieri
868 2713 1022 2760 potest
1054 2706 1186 2747 aliter
1211 2718 1346 2759 quam
1377 2719 1456 2759 per
1481 2705 1788 2758 receptionem

299 2770 406 2811 boni
431 2775 477 2811 et
502 2770 594 2810 veri
620 2783 698 2810 seu
724 2770 888 2810 amoris
914 2775 960 2810 et
992 2768 1094 2809 fidei
1119 2769 1177 2809 ab
1207 2768 1403 2816 homine,
1432 2767 1643 2820 quoniam
1675 2766 1786 2807 haec

299 2838 404 2873 sunt
428 2832 592 2873 Divina
613 2845 727 2885 quae
753 2832 1004 2885 procedunt
1031 2831 1087 2871 ab
1110 2831 1216 2884 Ipso
1237 2836 1283 2871 et
1306 2830 1591 2882 recipientur,
1616 2834 1662 2870 et
1685 2829 1787 2882 quia

300 2894 464 2935 Divina
490 2900 594 2934 sunt
626 2900 696 2934 est
724 2893 826 2946 Ipse
858 2894 901 2934 in
933 2892 1034 2941 illis,
1062 2892 1164 2933 ideo
1192 2889 1447 2944 conjunctio
1477 2891 1658 2931 Domini
1684 2903 1785 2931 cum

299 2955 474 3010 angelis
505 2962 551 2997 et
583 2955 838 2996 hominibus
864 2961 933 2996 est
966 2968 1044 3009 per
1068 2968 1174 2996 vera
1202 2967 1261 2995 ex
1292 2954 1412 2994 bono
1437 2966 1515 2994 seu
1546 2966 1623 3006 per
1648 2951 1782 2993 fidem
