2060 3476
321 378 407 422 452
737 377 1067 412 APOCALYPSIS
1099 379 1400 413 EXPLICATA.

322 490 443 544 quod
475 491 532 532 sit
565 491 831 544 apparentia
862 491 906 533 in
937 491 1120 542 ultimis,
1149 497 1219 534 est
1250 492 1353 546 quia
1384 486 1567 533 cherubi
1592 492 1682 533 visi·
1705 499 1810 534 sunt

322 555 436 596 sicut
455 553 699 603 Animalia,
718 560 765 595 et
783 555 974 608 primum
992 554 1078 595 hoc
1102 554 1246 595 simile
1269 554 1388 595 leoni
1405 568 1414 605 ;
1447 554 1492 595 in
1514 554 1681 597 ultimis
1700 555 1809 597 dici-

321 623 406 665 tur,
426 618 528 671 quia
550 618 817 671 apparentia
838 617 915 658 illa
938 623 1034 659 erat
1057 631 1210 658 coram
1231 617 1438 670 Johanne
1461 631 1562 658 cum
1585 618 1629 658 in
1651 619 1811 671 spiritu

321 686 432 727 erat,
461 686 506 721 et
538 680 574 720 is
600 679 713 721 vidit
739 681 891 721 omnia
922 681 966 721 in
998 680 1182 729 ultimis,
1211 680 1284 720 ubi
1317 680 1481 720 Divina
1513 680 1731 722 caelestia
1762 687 1809 722 et

321 742 568 795 spiritualia
604 749 1004 796 repraesentantur
1038 743 1162 784 vario
1199 743 1350 792 modo,
1387 756 1503 784 nunc
1542 756 1620 796 per
1652 743 1810 784 hortos

320 813 366 846 et
393 805 639 858 paradisos,
657 818 772 846 nunc
798 819 876 858 per
894 804 1063 858 palatia
1086 811 1131 845 et
1155 804 1342 858 templa,
1359 818 1475 846 nunc
1494 819 1573 859 per
1590 805 1746 847 fluvios
1763 812 1811 847 et

319 880 472 920 aquas,
490 881 606 908 nunc
635 881 714 920 per
735 869 948 908 animalia
971 868 1080 908 varii
1099 868 1291 920 generis,
1309 874 1357 909 ut
1376 881 1454 922 per
1472 867 1641 918 leones,
1659 881 1810 910 came·

321 930 402 978 los,
427 944 580 983 equos,
605 930 758 979 boves,
778 930 1009 983 juvencos,
1029 944 1151 979 oveS‚
1172 944 1330 983 agnos,
1351 930 1598 981 columbas,
1621 931 1808 985 aquila5‚

320 999 366 1034 et
390 1007 468 1046 per
490 992 629 1046 plura.
681 992 852 1034 Similia
874 993 969 1033 visa
992 999 1095 1033 sunt
1120 993 1355 1046 prophetis
1377 1007 1456 1048 per
1478 1008 1589 1048 quos
1608 994 1810 1035 Verbum

320 1056 626 1108 conscriptum
645 1061 729 1103 est,
746 1055 806 1096 ob
824 1068 1005 1096 causam
1025 1062 1073 1096 ut
1093 1055 1295 1096 Verbum
1318 1056 1362 1096 in
1385 1057 1474 1097 suis
1492 1056 1676 1105 ultimis,
1696 1071 1810 1110 quae

319 1124 423 1158 sunt
461 1132 574 1171 quae
612 1119 904 1159 continentur
937 1119 981 1158 in
1018 1132 1152 1159 sensu
1189 1117 1370 1160 litterae
1406 1119 1513 1172 ejus,
1547 1134 1606 1161 ex
1643 1119 1809 1160 talibus

319 1195 432 1235 quae
458 1187 563 1222 sunt
586 1182 630 1222 in
658 1181 839 1230 mundo,
859 1195 973 1235 quae
999 1183 1443 1235 repraesentationes
1470 1189 1515 1223 et
1543 1196 1809 1236 correspon-

319 1244 502 1285 dentiae
520 1243 786 1285 caelestium
803 1250 849 1286 et
869 1243 1166 1298 spiritualium
1184 1251 1352 1293 essent,
1373 1247 1661 1294 consisteret,
1682 1252 1728 1286 et
1746 1245 1808 1286 sic

318 1308 506 1349 serviret
529 1308 678 1349 sensui
696 1307 916 1361 spirituali
939 1321 1019 1360 pro
1042 1307 1137 1348 basi
1160 1314 1206 1348 et
1229 1307 1541 1349 fundamento.
1593 1307 1665 1350 Ob
1683 1308 1807 1349 illam

318 1383 500 1412 causam
538 1371 677 1411 etiam
715 1370 898 1411 cherubi
937 1369 1036 1424 (per
1066 1384 1178 1424 quos
1215 1371 1493 1424 significatur
1524 1371 1732 1413 custodia
1763 1378 1809 1412 et

284 1439 290 1445 '
318 1433 604 1486 providentia
630 1433 812 1474 Domini
840 1447 894 1474 ne
917 1432 1030 1474 caeli
1053 1433 1303 1487 superiores
1326 1434 1547 1475 adeantur
1570 1435 1652 1475 nisi
1675 1429 1809 1488 quam

317 1510 344 1536 a
375 1495 496 1536 bono
522 1496 687 1537 amoris
719 1502 765 1537 et
798 1495 1054 1550 charitatis)
1083 1497 1165 1536 visi
1192 1502 1296 1538 sunt
1320 1496 1532 1550 Johanni,
1560 1503 1606 1538 et
1633 1511 1809 1551 quoque

318 1558 564 1608 Ezechieli,
588 1559 737 1613 quoad
763 1559 898 1600 facies
925 1566 973 1600 ut
1002 1558 1247 1600 Animalia.

405 1620 489 1676 [b0]
535 1621 761 1675 Quoniam
789 1623 1009 1664 Dominus
1031 1629 1101 1664 est
1128 1622 1201 1677 qui
1223 1623 1423 1664 custodit
1446 1629 1492 1664 et
1515 1624 1738 1677 providet,
1762 1630 1810 1666 et

317 1684 403 1726 hoc
436 1699 515 1738 per
546 1685 759 1727 Divinum
787 1686 956 1727 Verum
989 1692 1035 1727 et
1068 1700 1146 1739 per
1171 1686 1383 1727 Divinum
1417 1686 1606 1736 Bonum,
1638 1688 1702 1728 ita
1732 1699 1810 1741 per

318 1747 529 1789 Divinam
551 1762 679 1789 suam
705 1749 975 1803 sapientiam
998 1755 1044 1790 et
1067 1748 1434 1802 intelligentiam,
1460 1750 1563 1791 ideo
1585 1751 1681 1791 visa
1703 1756 1808 1791 sunt

317 1817 510 1865 quatuor
532 1810 777 1861 Animalia,
802 1826 916 1866 quae
942 1818 1072 1853 erant
1091 1812 1252 1853 similia
1278 1812 1411 1861 leoni,
1436 1812 1594 1862 vitulo,
1622 1812 1806 1862 homini,

316 1881 363 1916 et
390 1874 593 1928 aquilae;
626 1875 688 1915 sic
716 1875 835 1916 enim
858 1889 937 1929 per
963 1874 1143 1916 leonem
1169 1881 1561 1928 repraesentatum
1583 1882 1653 1917 est
1682 1875 1808 1917 Divi-

318 1950 423 1978 num
442 1937 611 1978 Verum
629 1938 777 1992 quoad
799 1939 1068 1992 potentiam,
1089 1952 1167 1991 per
1183 1937 1373 1979 vitulum
1397 1938 1609 1980 Divinum
1633 1929 1808 1980 Bonum

316 2000 464 2054 quoad
489 2000 696 2050 tutelam,
722 2015 800 2054 per
821 2001 1052 2042 hominem
1077 2001 1239 2042 Divina
1262 2002 1497 2055 sapientia,
1518 2008 1564 2043 et
1587 2015 1665 2055 per
1682 2003 1808 2055 aqui-

316 2063 407 2104 lam
427 2063 590 2105 Divina
606 2064 937 2117 intelligentia:
968 2064 1130 2104 Divina
1149 2064 1331 2105 Domini
1353 2064 1637 2118 providentia
1658 2065 1808 2119 quoad

315 2126 574 2167 custodiam
600 2126 828 2167 caelorum
860 2127 1152 2180 superiorum,
1182 2141 1237 2168 ne
1269 2126 1489 2167 adeantur
1515 2128 1598 2168 nisi
1629 2141 1655 2168 a
1686 2128 1808 2169 bono

315 2189 481 2230 amoris
513 2195 559 2230 et
591 2189 842 2237 charitatis,
877 2188 1066 2230 includit
1103 2188 1180 2230 illa
1211 2195 1416 2243 quatuor.
1494 2188 1629 2243 Quod
1665 2190 1808 2232 “leo'’

315 2250 540 2304 significet
569 2251 781 2292 Divinum
805 2251 975 2292 Verum
1003 2252 1254 2305 procedens
1280 2266 1306 2292 a
1330 2252 1527 2293 Domino
1549 2253 1698 2306 quoad
1725 2267 1807 2307 po-

315 2315 523 2363 tentiam,
557 2320 742 2355 constat
778 2328 804 2355 a
841 2314 951 2355 locis
987 2315 1031 2355 in
1064 2314 1218 2355 Verbo
1251 2315 1323 2355 ubi
1361 2316 1632 2365 nominatur,
1667 2321 1715 2356 ut
1747 2330 1807 2357 ex

316 2377 608 2431 sequentibus
626 2377 835 2431 z—Apud
863 2378 1038 2427 Mosen,

385 2481 566 2514 “Catulus
584 2482 700 2514 leonis
716 2482 879 2524 Jehudah
894 2493 901 2521 ;
926 2493 947 2515 a
964 2483 1096 2524 praeda
1112 2484 1316 2522 ascendisti,
1337 2483 1385 2515 fili
1410 2485 1457 2515 mi
1472 2494 1479 2522 ;
1504 2485 1664 2517 curvavit
1681 2495 1731 2523 se,
1751 2495 1809 2517 cu-

489 2527 580 2558 buit.
595 2551 602 2558 .
616 2551 623 2558 .
638 2527 744 2559 .sicut
760 2527 817 2558 leo
835 2533 936 2558 vetus
951 2537 958 2565 ;
984 2527 1062 2568 quis
1080 2528 1246 2559 excitabit
1262 2537 1342 2559 eum
1353 2527 1388 2560 ?''
1405 2527 1501 2568 (Gen.
1516 2529 1599 2560 xlix.
1614 2538 1635 2569 9
1649 2528 1670 2569 ;)

316 2646 395 2686 per
424 2631 714 2685 “Jehudam”
740 2632 812 2673 hic
845 2632 1124 2686 significatur
1154 2633 1353 2674 caeleste
1384 2647 1574 2686 regnum
1607 2633 1803 2684 Domini,

316 2695 390 2736 ubi
412 2708 570 2737 omnes
592 2702 696 2736 sunt
719 2696 764 2736 in
787 2697 993 2750 potentia
1015 2710 1041 2737 a
1059 2696 1256 2738 Domino
1278 2710 1356 2750 per
1373 2696 1586 2737 Divinum
1604 2696 1775 2738 Verum
1795 2710 1804 2747 ;

316 2758 524 2811 potentia
546 2757 624 2798 illa
649 2758 919 2811 intelligitur
941 2773 1019 2812 per
1043 2759 1282 2800 “catulum
1309 2758 1482 2800 leonis”
1509 2765 1555 2799 et
1582 2773 1661 2812 per
1689 2764 1804 2800 “ve-

317 2828 461 2862 terem
494 2821 672 2862 leonem
691 2822 725 2872 ;''
757 2836 835 2875 per
864 2822 1147 2876 “praedam”
1173 2837 1232 2864 ex
1264 2837 1350 2876 qua
1381 2822 1600 2871 ascendit,
1634 2822 1804 2876 signifi-

317 2890 445 2925 catur
475 2884 712 2937 dissipatio
743 2885 957 2925 falsorum
988 2892 1034 2926 et
1067 2885 1314 2936 malorum;
1358 2899 1436 2939 per
1470 2889 1692 2926 “curvare
1725 2900 1772 2926 se
1785 2885 1804 2900 '¹

317 2946 595 2999 significatur
620 2947 663 2987 in
696 2948 951 3000 potentiam
977 2962 1024 2988 se
1056 2949 1264 2998 mittere;
1297 2961 1375 3001 per
1404 2948 1605 2989 “cubare
1618 2948 1637 2962 '’
1664 2949 1803 3001 signi-

317 3002 475 3050 ficatur
505 3010 624 3063 quod
661 3010 705 3050 in
742 3023 899 3051 securo
936 3011 993 3051 sit
1035 3011 1092 3051 ab
1129 3011 1250 3052 omni
1286 3010 1399 3052 falso
1425 3017 1471 3052 et
1498 3010 1632 3058 malo,
1667 3024 1802 3063 quare
