2060 3476
721 363 827 395 CAP.
849 362 895 404 1.,
918 362 1056 396 VERS.
1080 336 1254 396 20.4-N.
1277 367 1344 409 91.
1690 353 1780 409 ·10'3

280 491 394 518 nova
418 476 595 518 ecclesia
624 477 728 535 sint-¹,
756 482 942 518 constat
973 491 1033 518 ex
1065 476 1398 530 significatione
1427 480 1646 531 “septem
1673 491 1781 519 can-

280 540 606 590 delabrorum,'’
628 540 749 594 quod
771 541 863 581 sint
884 553 1053 581 novum
1075 540 1251 581 caelum
1273 547 1320 581 et
1343 554 1462 581 nova
1483 540 1678 582 ecclesia
1702 540 1782 596 (de

280 618 368 659 qua
399 618 546 659 supra,
574 617 615 644 n.
637 602 742 658 62);
785 610 832 645 et
863 617 924 644 ex
955 603 1288 657 significatione
1313 608 1531 657 “septem
1549 603 1780 645 Ecclesia-

280 667 417 716 rum,‘’
439 667 559 722 quod
586 668 676 708 sint
699 667 773 721 qui
798 668 844 707 in
865 667 982 708 veris
1009 680 1069 707 ex
1094 666 1230 715 bono,
1255 680 1334 708 seu
1360 667 1405 707 in
1431 666 1519 708 fide
1546 681 1606 708 ex
1633 667 1783 708 chari-

281 736 393 779 tate,
421 737 526 772 sunt
561 729 638 786 (de
669 744 757 784 qua
787 731 927 771 etiam
959 743 1107 784 supra,
1132 744 1173 770 n.
1199 729 1288 785 20).
1352 730 1465 771 Inde
1498 736 1628 784 patet
1660 732 1783 785 quod

281 808 361 847 per
398 793 927 848 “septem-candelabra
962 799 1141 847 septem
1168 788 1435 834 Ecc'lesiae”
1472 793 1786 847 significentur

282 870 441 899 omnes
462 857 527 899 illi
549 858 623 912 qui
644 857 690 898 in
712 870 832 898 novo
854 856 983 898 caelo
1006 863 1053 898 et
1075 858 1120 897 in
1143 870 1264 898 nova
1286 856 1480 897 ecclesia
1501 863 1646 898 erunt.

369 920 535 963 Omnia
556 935 671 975 quae
692 921 738 961 in
758 920 800 961 A
802 920 1039 974 pocahtpsz'
1059 926 1180 970 sunt,
1203 920 1262 961 ad
1287 920 1334 961 id
1360 920 1482 974 quod
1505 919 1786 973 significatur

233 1008 238 1012 ·
282 998 362 1038 per
386 989 601 1038 “septem
627 984 903 1025 candelabra
927 983 1102 1032 aurea,’'
1125 997 1288 1038 nempe
1315 983 1496 1024 Novum
1523 983 1712 1025 Caelum
1738 991 1785 1026 et

282 1047 415 1089 Nova
441 1047 664 1097 Ecclesia,
688 1046 900 1101 spe&ant
931 1053 981 1093 ut
1012 1047 1071 1088 ad
1103 1060 1231 1088 suurn
1257 1046 1392 1088 finem
1418 1053 1465 1088 et
1491 1047 1784 1097 conclusum;

280 1111 340 1153 de
357 1111 445 1152 illis
467 1111 571 1152 ideo
592 1111 638 1151 in
656 1110 826 1151 ultimis
844 1110 1070 1164 capitibus
1092 1111 1268 1164 agitur:
1301 1110 1488 1165 reliqua,
1507 1125 1622 1164 quae
1644 1112 1785 1153 inter-

282 1175 466 1225 cedunt,
485 1180 590 1216 sunt
612 1174 724 1215 talia
741 1188 856 1228 quae
873 1174 1063 1215 obstant
1085 1181 1132 1215 et
1154 1188 1270 1228 quae
1287 1174 1579 1224 removenda,
1598 1181 1648 1216 ut
1670 1189 1786 1229 quae

282 1239 340 1280 de
368 1237 637 1280 “dracone’'
663 1244 711 1279 et
737 1252 852 1292 quae
878 1238 936 1279 de
964 1238 1160 1279 “bestiis
1187 1237 1500 1291 Babyloniae”
1527 1237 1785 1279 memo'ran-

282 1308 381 1354 tur;
427 1302 586 1356 quibus
618 1315 710 1342 non
746 1301 1054 1351 obstantibus,
1086 1300 1160 1342 vel
1196 1301 1356 1356 quibus
1386 1302 1590 1352 remotis,
1619 1315 1786 1343 novum

283 1365 459 1408 caelum
481 1371 527 1407 et
550 1378 670 1407 nova
691 1364 888 1406 ecclesia
909 1365 1118 1418 exsurgit
1141 1370 1188 1406 et
1210 1370 1354 1419 patet.
