2060 3476
296 357 380 403 290
709 355 1041 401 APOCALYPSIS
1072 355 1372 389 EXPLICATA.

296 467 522 522 Quoniam
550 468 772 510 Dominus
798 474 868 510 est
890 482 1027 511 unum
1049 482 1151 511 cum
1178 469 1325 519 Patre,
1349 468 1452 511 ideo
1477 468 1615 511 etiam
1637 469 1760 519 dicit,

361 569 465 611 Quod
482 570 604 601 omnia
623 569 738 601 Patris
755 579 820 601 sua
836 570 918 608 sint,
938 575 973 602 et
990 580 1055 602 sua
1073 570 1186 606 Patris
1203 569 1303 612 (Joh.
1319 569 1404 602 xvii.
1422 568 1496 609 10);

361 613 467 654 Quod
483 613 605 644 omnia
621 623 851 654 quaecunque
870 613 976 645 Pater
991 614 1110 652 habet,
1130 624 1195 645 sua
1211 614 1282 645 sint
1299 613 1399 655 (Joh.
1415 613 1487 645 xvi.
1506 611 1579 653 15);

361 657 465 698 Quod
483 657 590 688 Pater
605 657 727 688 omnia
743 657 879 689 dederit
896 657 932 688 in
949 667 1094 689 manum
1115 657 1192 688 Filii
1210 656 1309 698 (Joh.
1327 657 1374 689 iii.
1391 664 1431 696 35
1446 666 1453 695 ;
1478 666 1554 697 cap.
1571 656 1643 689 xiii.
1660 655 1714 696 3);

361 701 454 742 Quia
470 701 592 732 omnia
609 701 738 732 tradita
754 706 838 732 sunt
856 700 928 741 Ipsi
952 711 974 732 a
993 701 1107 738 Patre,
1128 701 1222 741 quod
1240 710 1346 732 nemo
1362 706 1556 740 cognoscat
1574 699 1701 732 Filium
1718 699 1787 731 nisi

472 743 587 782 Pater,
609 754 674 775 nec
693 744 833 776 Patrem
852 745 920 776 nisi
940 744 1049 776 Filius
1066 744 1208 784 (lllattlz.
1225 744 1271 776 xi.
1290 751 1352 783 27;
1376 744 1461 776 Luc.
1477 753 1510 775 x.
1529 742 1605 784 22);

361 786 406 820 Et
421 788 516 863 (10οὲ
534 791 640 830 nemo
657 788 785 820 viderit
811 788 965 826 Patrem,
985 788 1054 820 nisi
1078 788 1186 819 Filius
1204 787 1261 829 qui
1286 788 1322 819 in
1340 787 1421 819 sinu
1446 787 1561 819 Patris
1578 793 1632 819 est
1648 785 1747 829 (Joh.
1763 786 1785 818 i.

473 840 487 862 1
526 841 533 869 3
558 841 635 872 cap.
651 832 697 863 vi.
713 832 789 871 46);

361 874 466 916 Quod
483 875 640 907 Verbum
658 875 764 907 fuerit
780 875 874 915 apud
900 875 1027 913 Deum,
1047 881 1083 906 et
1108 874 1205 906 Deus
1225 874 1331 907 suerit
1346 874 1503 906 Verbum
1517 885 1542 907 :.
1556 898 1564 906 .
1578 899 1585 906 .
1600 898 1608 906 .
1619 874 1687 906 “et
1701 873 1789 906 Ver-

469 919 552 950 bum
571 918 664 951 Caro
681 917 814 950 factum
833 925 887 951 est
897 918 915 931 ''
932 919 1032 961 (Joh.
1050 919 1072 951 i.
1092 927 1119 957 Ι,
1137 927 1166 957 2,
1186 918 1249 959 14).

296 1007 371 1048 Ex
403 1007 490 1049 hoc
518 1008 656 1049 etiam
689 1013 817 1062 patet
844 1007 964 1062 quod
997 1020 1132 1048 unum
1162 1007 1265 1055 sint,
1295 1020 1399 1048 nam
1426 1006 1601 1056 dicitur,
1633 1004 1786 1046 “Ver-

294 1071 400 1111 bum
433 1077 529 1112 erat
562 1071 679 1124 apud
713 1071 874 1120 Deum,
903 1077 950 1112 et
983 1071 1106 1112 Deus
1135 1077 1232 1112 erat
1259 1070 1461 1112 Verbum
1479 1069 1512 1121 ;”
1545 1075 1641 1111 tum
1667 1069 1787 1124 quod

298 1133 558 1175 Humanum
579 1134 760 1175 Domini
778 1135 917 1175 etiam
935 1135 993 1175 sit
1012 1134 1134 1175 Deus
1153 1147 1258 1175 nam
1276 1135 1453 1183 dicitur,
1469 1133 1570 1174 “Et
1585 1133 1787 1174 Verbum

297 1196 413 1238 Caro
444 1195 609 1238 factum
643 1196 750 1238 est.'’
811 1196 1037 1250 Quoniam
1070 1198 1221 1238 omnia
1258 1198 1402 1238 Patris
1434 1197 1572 1238 etiam
1605 1196 1788 1237 Domini

295 1266 414 1309 sunt,
440 1266 486 1301 et
513 1261 725 1314 quoniam
752 1274 887 1301 unum
915 1267 1033 1310 sunt,
1053 1261 1161 1317 kideo
1188 1260 1423 1310 Dominus,
1452 1273 1553 1301 cum
1580 1259 1788 1301 ascendit

295 1323 339 1363 in
365 1322 557 1372 caelum,
586 1323 703 1364 dixit
729 1323 974 1378 discipulis,

364 1420 385 1433 ‘⁴
397 1418 490 1451 Data
506 1425 559 1451 est
579 1419 668 1451 Mihi
686 1420 804 1452 omnis
822 1426 981 1461 potestas
998 1420 1032 1452 in
1051 1420 1150 1452 caelo
1166 1426 1202 1452 et
1218 1421 1253 1452 in
1271 1419 1392 1452 terra”
1408 1419 1551 1460 (Matth.
1565 1420 1687 1452 xxviii.
1703 1420 1757 1460 18)
1770 1444 1778 1459 ,

295 1520 374 1560 per
400 1507 520 1560 quod
547 1507 701 1549 docuit
729 1508 848 1562 quod
882 1508 1034 1562 Ipsum
1061 1507 1207 1549 solum
1233 1508 1426 1558 adirent,
1455 1508 1557 1562 quia
1585 1508 1688 1562 Ipse
1715 1520 1788 1548 so-

296 1569 541 1611 lusomnia
566 1577 747 1624 potest;
782 1577 829 1612 ut
855 1585 1032 1626 quoque
1058 1572 1175 1613 dixit
1201 1572 1321 1625 prius
1347 1571 1404 1612 ad
1429 1571 1546 1621 illos,

509 1669 624 1701 “Sine
644 1669 704 1702 Me
722 1680 795 1702 non
813 1671 962 1711 potestis
980 1670 1096 1702 faeere
1114 1669 1328 1712 quicquam”
1345 1669 1446 1712 (Joh.
1463 1679 1522 1702 xv,
1540 1669 1582 1710 5).

295 1757 408 1798 Inde
434 1764 618 1799 constat
645 1758 876 1812 quomodo
902 1755 1174 1812 intelligitur
1199 1758 1301 1808 hoc,

363 1854 577 1941 ‘'EgoCJulm
603 1854 824 1940 uia,6x)1eritas
849 1861 883 1886 et
906 1855 1002 1893 vita;
1031 1864 1138 1886 nemo
1161 1854 1260 1886 venit
1283 1854 1328 1886 ad
1354 1854 1497 1886 Patrem
1521 1854 1589 1886 nisi
1614 1863 1677 1895 per
1700 1853 1760 1886 Me
1770 1853 1789 1867 ”

517 1909 657 1931 02.x1v.
722 1909 729 1938 ;

295 2000 457 2040 nempe
480 1987 599 2040 quod
625 1987 758 2028 Pater
774 1986 964 2028 adeatur
986 2000 1088 2027 cum
1112 1986 1346 2027 Dominus
1409 1985 1543 2039 Quod
1567 1986 1788 2027 Dominus

294 2051 433 2091 toties
466 2051 766 2091 nominaverit
800 2050 995 2099 Patrem,
1030 2050 1145 2090 sicut
1178 2049 1328 2098 alium,
1362 2055 1459 2090 erat
1490 2049 1608 2092 inter
1638 2048 1787 2102 plures

293 2127 452 2155 causas
475 2115 613 2154 etiam
636 2114 764 2162 haec,
788 2114 891 2167 quia
913 2127 991 2167 per
1015 2114 1233 2154 “Patrem
1245 2113 1264 2129 ’'
1286 2114 1329 2154 in
1352 2127 1486 2154 sensu
1509 2114 1687 2154 interno
1710 2126 1788 2154 seu

294 2177 512 2230 spirituali
554 2177 823 2230 intelligitur
865 2177 1078 2217 Divinum
1120 2176 1310 2224 Bonum,
1351 2182 1397 2217 et
1438 2190 1517 2229 per
1556 2175 1789 2217 “Filium''

293 2239 506 2280 Divinum
531 2239 717 2288 Verum,
742 2246 980 2293 utrumque
1003 2241 1047 2280 in
1072 2239 1268 2279 Domino
1291 2246 1337 2280 et
1360 2253 1386 2279 a
1413 2239 1638 2290 Domino;
1671 2238 1788 2280 Ver-

292 2303 398 2344 bum
431 2304 550 2343 enim
578 2303 886 2356 conscriptum
919 2308 990 2343 est
1023 2316 1102 2355 per
1128 2302 1568 2355 correspondentiam,
1597 2303 1661 2343 ita
1693 2308 1788 2343 tam

292 2380 373 2419 pro
399 2365 655 2406 hominibus
678 2379 811 2419 quam
839 2379 920 2419 pro
946 2365 1147 2418 angelis;
1181 2366 1282 2406 ideo
1312 2365 1514 2406 “Pater”
1537 2366 1713 2414 dicitur,
1739 2371 1788 2406 ut

293 2429 506 2470 Divinum
535 2429 711 2469 Bonum
740 2428 923 2469 Domini
949 2428 1006 2469 ab
1031 2427 1207 2481 angelis
1233 2429 1306 2481 qui
1338 2428 1382 2468 in
1409 2441 1542 2468 sensu
1568 2427 1787 2481 spirituali

292 2493 434 2534 Verbi
466 2498 585 2540 sunt,
614 2492 911 2545 percipiatur;
951 2504 1002 2532 ac
1034 2492 1137 2532 ideo
1172 2491 1350 2531 “Filius
1383 2491 1497 2531 Dei‘’
1529 2497 1576 2531 et
1611 2490 1788 2530 “Filius

290 2554 489 2595 hominis
502 2553 522 2568 ”
547 2554 726 2600 dicitur,
754 2559 802 2593 ut
834 2553 1049 2593 Divinum
1081 2552 1268 2593 Verum.
1328 2563 1386 2601 (Ut
1401 2567 1545 2592 constare
1559 2566 1663 2605 potest
1677 2571 1715 2591 ex
1730 2562 1788 2596 his.

291 2622 374 2651 quae
394 2613 427 2641 in
443 2612 582 2641 Arcanis
600 2613 788 2641 Caelestibus
802 2617 928 2641 ostensa
941 2617 1024 2646 sunt,
1040 2621 1165 2649 nempe,
1183 2612 1281 2648 Quod
1295 2613 1312 2626 ‘⁸
1325 2611 1417 2640 Pater
1427 2611 1444 2620 ”
1460 2611 1492 2640 in
1507 2611 1616 2640 Verbo
1637 2610 1790 2648 significet

288 2659 422 2692 bonum,
435 2666 466 2687 n.
477 2666 568 2694 3703,
579 2664 667 2694 5902,
680 2658 769 2693 6050,
782 2659 871 2694 7833,
884 2659 974 2694 7834.
1005 2657 1102 2693 Quod
1113 2659 1129 2671 ¹¹
1143 2657 1234 2685 Pater
1244 2656 1260 2665 '¹
1272 2656 1425 2694 significet
1437 2656 1602 2685 ecclesiam
1614 2656 1721 2692 quoad
1732 2655 1790 2684 bo-

290 2711 378 2736 num,
394 2702 438 2731 ita
457 2702 579 2730 bonum
602 2702 762 2736 ecelesiae,
779 2707 808 2731 et
825 2701 1157 2731 ¹¹mater''ecc1esiam
1179 2701 1287 2738 quoad
1302 2709 1422 2735 verum,
1437 2701 1481 2730 ita
1497 2709 1607 2729 verum
1629 2700 1788 2733 eeclesiae,

289 2756 322 2776 n.
346 2747 435 2784 2691,
459 2755 547 2783 2717,
571 2755 660 2783 3703,
677 2745 799 2783 [¹15581,
823 2749 911 2784 8897.
955 2746 1053 2783 Quod
1079 2746 1239 2775 Dominus
1260 2746 1463 2783 appellaverit
1486 2745 1637 2774 Divinum
1661 2745 1787 2773 Bonum

289 2792 380 2829 quod
402 2791 434 2820 in
457 2791 498 2821 Se
519 2800 539 2820 a
561 2791 779 2828 conceptione,
800 2796 830 2820 et
850 2792 939 2828 quod
961 2795 1027 2820 erat
1049 2791 1126 2820 Esse
1145 2791 1227 2819 vitae
1250 2800 1269 2819 a
1289 2799 1353 2827 quo
1375 2791 1565 2819 Humanum
1584 2798 1687 2823 suum.
1701 2791 1718 2803 ‘⁴
1731 2789 1789 2818 Pa-

289 2836 401 2870 trem,''
412 2845 443 2865 n.
456 2838 544 2873 2803,
555 2845 644 2873 3704,
655 2845 744 2873 7499,
759 2838 846 2874 8328,
861 2839 949 2874 8897.
987 2836 1085 2872 Quod
1098 2836 1256 2864 Dominus
1267 2845 1326 2873 pro
1339 2835 1430 2864 Patre
1442 2838 1631 2872 agnoscatur
1642 2834 1673 2862 in
1689 2833 1787 2868 caelo,

293 2881 370 2918 quia
382 2890 481 2910 unum
498 2885 580 2915 sunt,
596 2889 626 2909 n.
639 2889 686 2917 15,
701 2890 789 2918 1729,
801 2881 890 2918 3690.
934 2881 1031 2917 Quod
1046 2881 1141 2909 etiam
1158 2881 1316 2909 Dominus
1331 2880 1453 2908 dicatur
1465 2883 1482 2894 ‘¹
1494 2878 1612 2908 Pater''
1625 2878 1657 2907 in
1668 2878 1787 2913 Verbo,

291 2934 322 2955 n.
334 2932 422 2962 2005.
466 2926 563 2962 Quod
575 2926 668 2954 etiam
683 2926 840 2954 Dominus
855 2926 893 2954 sit
907 2926 998 2954 Pater
1008 2926 1067 2954 illis
1082 2926 1135 2962 qui
1151 2930 1384 2962 regenerantur,
1398 2924 1550 2962 quoniam
1561 2932 1678 2952 novam
1690 2923 1785 2951 vitam
1845 2948 1847 2950 .

290 2970 331 2999 ab
347 2970 431 3007 Ipso,
447 2979 484 2999 ac
500 2970 595 2999 vitam
612 2970 724 3007 Ipsius,
741 2971 908 3008 accipiunt,
924 2980 956 3000 n.
973 2979 1061 3008 2293,
1074 2971 1164 3008 3690,
1180 2971 1269 3008 6492.
1313 2970 1411 3006 Quod
1422 2972 1439 2984 “
1452 2969 1548 2998 Filius
1563 2967 1650 2997 Dei''
1664 2972 1695 2996 et
1707 2969 1724 2982 ‘¹
1736 2968 1787 2996 Fi-

291 3014 349 3044 lius
363 3015 500 3044 hominis
510 3015 526 3023 ''
544 3015 582 3044 sit
597 3015 755 3044 Dominus
771 3016 878 3053 quoad
895 3015 1046 3044 Divinum
1065 3015 1254 3044 Humanum
1269 3019 1300 3044 et
1315 3015 1423 3052 quoad
1443 3014 1619 3052 procedens
1637 3012 1786 3042 Divinum
