2060 3476
614 326 720 359 CAP.
742 326 822 368 1v.,
846 325 987 358 VERS.
1009 324 1156 370 7.—N.
1181 314 1348 370 279[b].
1440 316 1446 322 ·
1643 323 1729 367 459

232 437 357 480 illam
371 445 574 492 gentem,
587 438 665 481 sed
679 437 930 492 disjunffio.
981 437 1135 480 Simile
1149 437 1343 479 involvit
1361 435 1556 478 “foedus
1570 434 1699 476 vituli
1710 435 1729 450 ”

234 514 337 542 cum
363 501 583 552 Abramo,
611 502 668 543 de
693 516 782 557 quo
807 502 852 543 in
877 501 1014 542 Libro
1042 501 1266 550 Geneseos,

298 590 462 634 Jehovah
475 592 564 628 dixit
576 591 622 623 ad
633 591 840 629 Abramum,
849 591 1007 632 “Accipe
1019 591 1098 623 tibi.
1112 615 1120 623 .
1134 615 1142 622 .
1156 590 1322 622 ‚vitulum
1334 590 1524 628 triennem,
1538 594 1574 620 et
1587 597 1730 629 capram

408 636 597 673 triennem,
613 641 649 667 et
671 635 819 667 arietem
836 635 1025 672 triennem,
1045 640 1082 666 et
1105 640 1278 666 turturem
1302 639 1338 665 et
1361 634 1519 674 pullum;
1545 638 1580 664 et
1596 632 1732 672 accepit

409 679 476 711 sibi
490 680 613 711 omnia
626 679 698 716 illa,
714 685 750 711 et
766 679 916 720 partitus
929 684 984 710 est
1001 678 1062 709 illa
1073 678 1110 709 in
1123 678 1293 715 medium,
1309 683 1345 709 et
1361 677 1458 708 dedit
1471 676 1634 718 quamvis
1651 685 1731 716 par-

408 729 481 754 tem
505 733 607 754 suam
630 723 775 754 obviam
799 722 913 760 alteri,
933 728 969 754 et
985 722 1166 754 volucrem
1187 731 1260 752 non
1286 721 1457 762 partitus:
1487 726 1522 751 et
1545 719 1731 751 descendit

408 766 555 798 volatile
578 776 685 807 super
700 776 862 806 corpora,
882 771 917 798 et
941 766 1061 806 abegit
1084 765 1145 797 illa
1161 765 1316 797 Abram:
1346 770 1382 796 et
1403 764 1469 796 fuit
1493 764 1548 795 sol
1572 763 1617 795 ad
1640 763 1731 794 occi-

408 810 576 848 dendum,
589 817 624 842 et
637 819 746 851 sopor
756 810 882 842 cecidit
893 819 1001 850 super
1011 809 1222 846 Abramum,
1235 815 1270 840 et
1283 818 1364 840 ecce
1377 814 1492 840 terror
1502 808 1729 839 tenebrarum

342 879 347 885 .
408 863 619 895 magnarum
637 854 768 885 cadens
792 863 899 894 super
918 853 1016 885 illum
1030 864 1055 885 ε.
1069 878 1077 885 .
1090 878 1098 885 .
1113 859 1164 885 ‚et
1187 853 1223 884 in
1248 853 1305 884 die
1330 852 1390 883 illo
1414 851 1550 892 pepigit
1567 850 1730 893 Jehovah

407 897 534 929 foedus
551 907 631 929 cum
647 897 836 929 Abramo”
853 898 925 938 (xv.
941 905 1039 938 9-12,
1058 897 1132 936 18);

236 986 420 1024 “terror
450 983 739 1024 tenebrarum
771 995 1038 1036 magnarum
1073 981 1242 1024 cadens
1280 995 1413 1036 super
1444 979 1729 1022 Abramum'’

233 1045 517 1099 significabat
540 1052 712 1088 statum
734 1046 886 1099 gentis
907 1046 1135 1099 Judaicae,
1156 1045 1276 1099 quod
1298 1046 1342 1086 in
1365 1045 1576 1085 maximis
1599 1051 1729 1085 tene-

234 1108 324 1149 bris
346 1115 501 1150 essent
522 1109 672 1163 quoad
689 1123 796 1150 vera
818 1115 865 1150 et
887 1109 1007 1150 bona
1029 1108 1251 1150 ecclesiae
1268 1122 1278 1159 ;
1310 1108 1382 1149 hic
1406 1114 1555 1149 status
1577 1109 1728 1161 gentis

233 1171 352 1212 illius
387 1178 458 1213 est
491 1173 564 1227 qui
600 1186 680 1226 per
713 1172 908 1213 “foedus
943 1171 1110 1220 vituli‚’'
1142 1185 1276 1226 quem
1312 1172 1647 1212 “conciderunt
1685 1172 1729 1212 in

233 1234 345 1275 duas
388 1242 554 1289 partes,
593 1237 711 1277 inter
747 1249 860 1290 quas
904 1235 1251 1284 transiverunt‚'’
1292 1235 1412 1289 apud
1453 1234 1729 1288 Prophetam

233 1297 487 1353 descriptus
519 1305 602 1340 est.

316 1359 400 1413 [ἰὴ]
444 1359 673 1413 Quoniam
699 1374 779 1414 per
802 1359 1034 1400 “vitulum
1047 1359 1068 1375 ”
1089 1359 1373 1412 significatur
1397 1359 1566 1399 bonum
1594 1365 1729 1400 natu·

231 1420 337 1462 ralis
356 1421 550 1462 hominis
567 1435 619 1463 ac
634 1435 788 1463 verum
806 1421 913 1475 ejus,
930 1421 1050 1476 quod
1068 1428 1138 1462 est
1158 1420 1470 1469 scientificum,
1487 1427 1533 1462 et
1552 1435 1730 1475 quoque

232 1484 449 1526 naturalis
466 1484 604 1526 homo
621 1491 668 1526 et
686 1484 779 1538 ejus
796 1484 1094 1526 scientificum
1112 1483 1390 1538 significatur
1408 1498 1487 1537 per
1504 1483 1728 1538 “Aegyp-

233 1547 370 1596 tum,'’
387 1547 490 1589 ideo
504 1547 749 1602 Aegyptus
766 1549 811 1588 in
828 1547 985 1589 Verbo
1000 1548 1162 1589 dicitur
1179 1551 1204 1568 ‘⁴
1217 1547 1360 1588 vitula
1371 1547 1390 1563 ”
1408 1554 1455 1588 et
1474 1550 1499 1567 “
1511 1547 1679 1588 vitulus
1696 1547 1730 1597 ;”

231 1625 369 1666 quare
391 1612 544 1661 etiam,
565 1619 807 1666 postquam
830 1612 1144 1666 applicuerunt
1162 1611 1410 1653 scientifica
1428 1611 1650 1653 eeclesiae
1672 1612 1728 1652 ad

233 1675 411 1728 magica
430 1681 477 1716 et
494 1675 796 1724 idololatrica,
815 1675 1258 1717 verterunt-vitulum
1276 1676 1320 1716 in
1338 1674 1508 1716 idolum
1527 1689 1538 1728 ;
1562 1675 1729 1717 exinde

222 1745 472 1780 >traxerunt
495 1737 572 1779 filii
598 1738 777 1780 Israelis
799 1739 918 1793 quod
945 1740 990 1780 in
1013 1739 1195 1780 deserto
1221 1739 1408 1780 fecerint
1431 1739 1514 1780 sibi
1535 1738 1726 1780 vitulum

230 1807 278 1842 et
315 1800 441 1843 illum
473 1800 710 1851 coluerint,
744 1808 791 1844 et
828 1802 995 1843 exinde
1027 1816 1204 1856 quoque
1241 1802 1322 1843 fuit
1359 1801 1446 1843 illis
1477 1802 1645 1843 vitulus
1683 1803 1727 1842 in

229 1862 446 1905 Samaria.
509 1863 644 1917 Quod
667 1864 913 1919 Aegyptus
936 1863 1080 1907 dic'tus
1103 1866 1161 1906 sit
1183 1864 1393 1906 “vitula”
1411 1871 1457 1906 et
1483 1864 1728 1913 “vitulus,”

228 1932 359 1980 patet
386 1926 506 1980 apud
531 1927 793 1977 Jeremz'am,

298 2021 320 2034 ‘¹
331 2020 452 2052 Vitula
470 2021 708 2061 pulcherrima
724 2021 912 2062 Aegyptus
927 2032 934 2060 ;
958 2022 1135 2054 excidium
1153 2032 1175 2054 a
1192 2022 1436 2063 septentrione
1454 2023 1564 2060 venit,
1585 2029 1620 2054 et
1637 2033 1728 2054 mer-

403 2065 536 2096 cenarii
553 2065 631 2106 ejus
649 2066 684 2096 in
703 2067 821 2097 medio
839 2066 916 2106 ejus
933 2066 1024 2098 sicut
1040 2067 1140 2098 vituli
1156 2065 1355 2107 saginarii'’
1371 2066 1469 2107 (xlvi.
1488 2075 1539 2104 20,
1557 2067 1622 2107 21).

231 2145 300 2186 De
325 2146 470 2187 vitulo
495 2161 628 2201 quem
654 2148 729 2189 filii
758 2150 934 2191 Israelis
961 2152 1043 2199 sibi
1075 2151 1278 2192 fecerunt
1305 2153 1348 2192 in
1376 2153 1573 2200 deserto,
1601 2153 1727 2194 vide-

229 2213 332 2249 atur
360 2207 504 2251 Exod.
537 2213 711 2253 xxxii:
749 2219 796 2253 et
828 2213 884 2254 de
918 2214 1099 2254 “vitulo
1131 2213 1390 2256 Samariae‘·‘
1425 2214 1464 2269 (1
1489 2216 1608 2269 *Reg
1643 2217 1720 2256 xii.

211 2271 406 2324 *28-32),
434 2273 491 2314 de
517 2287 606 2327 quo
631 2276 695 2316 ita
722 2276 843 2329 apud
869 2276 1130 2326 Hosclcmm,

301 2361 324 2375 ⁴‘
338 2360 472 2401 Regem
485 2361 645 2394 fecerunt
658 2370 693 2395 et
706 2374 778 2395 non
797 2375 817 2395 a
836 2365 906 2403 Me,
924 2366 1102 2406 principes
1119 2367 1279 2399 fecerunt
1293 2375 1327 2400 et
1341 2379 1414 2400 non
1429 2370 1524 2407 novi,
1542 2377 1729 2410 argentum

406 2411 442 2436 et
465 2415 589 2437 aurum
612 2417 716 2438 suum
740 2408 900 2440 fecerunt
924 2410 992 2441 sibi
1018 2411 1124 2447 idola,
1145 2418 1182 2442 ut
1199 2413 1400 2449 excidatur:
1425 2414 1582 2445 deseruit
1599 2415 1730 2446 vitulus

406 2455 500 2486 tuus,
520 2449 681 2482 Samaria
694 2461 717 2486 :.
732 2476 740 2484 .
754 2476 761 2483 .
776 2461 874 2483 .natn
892 2463 936 2484 ex
956 2453 1066 2485 Israel
1084 2455 1162 2487 ille:
1188 2455 1288 2487 faber
1305 2456 1387 2488 fecit
1404 2467 1497 2495 eum,
1519 2468 1590 2488 non
1611 2458 1727 2494 Deus;

405 2492 442 2523 in
459 2492 573 2524 frusta
590 2494 648 2525 fiet
665 2495 797 2526 vitulus
815 2495 996 2528 Samariae
1007 2497 1026 2508 ”
1043 2498 1128 2538 (viii.
1144 2499 1222 2539 4—6)
1237 2498 1251 2537 ς’

230 2577 381 2630 agitur
401 2577 461 2618 ibi
484 2578 540 2619 de
562 2592 700 2632 prava
721 2580 1032 2634 explicatione
1051 2582 1206 2633 Verbi,
1226 2584 1349 2638 cujus
1366 2600 1524 2628 sensus
1547 2587 1728 2629 litterae

230 2639 425 2681 trahitur
449 2641 506 2681 ad
537 2641 738 2683 savorem
765 2657 946 2685 suorum
972 2659 1176 2687 amorum
1203 2654 1249 2690 et
1279 2649 1597 2703 principiorum
1623 2650 1726 2691 reli-

228 2703 376 2756 gionis
397 2704 502 2745 inde
520 2706 665 2758 captis
683 2719 692 2756 ;
729 2709 921 2760 “regem
943 2708 1090 2750 facere
1107 2716 1154 2751 et
1172 2724 1263 2752 non
1281 2726 1307 2752 a
1326 2712 1415 2762 Me,
1435 2719 1482 2754 et
1501 2714 1724 2768 principes

227 2766 374 2808 facere
400 2773 446 2808 et
473 2781 564 2808 non
591 2768 736 2817 novi,”
757 2770 983 2823 significat
1005 2771 1271 2815 doctrinalia
1297 2789 1356 2816 ex
1383 2777 1561 2829 propria
1587 2776 1723 2818 intel-

227 2829 417 2883 ligentia
434 2844 547 2884 quae
570 2832 614 2872 in
636 2845 685 2873 se
703 2839 808 2874 sunt
830 2833 956 2884 falsa,
976 2836 1056 2877 sed
1078 2836 1248 2879 faciunt
1270 2845 1319 2880 ut
1342 2839 1432 2880 sint
1451 2840 1566 2881 sicut
1589 2854 1695 2881 vera
1713 2855 1722 2890 ;

230 2892 380 2933 “rex”
417 2894 536 2934 enim
573 2901 646 2936 est
683 2909 838 2937 verum
875 2903 922 2938 et
959 2898 1003 2939 in
1041 2901 1254 2953 opposito
1291 2915 1426 2943 sensu
1462 2902 1638 2951 falsum,
1673 2910 1721 2945 et

229 2956 523 3010 “principes''
557 2965 661 2999 sunt
698 2960 907 3013 primaria
939 2975 1045 3003 vera
1077 2970 1155 3005 aut
1192 2963 1317 3014 salsa,
1351 2979 1465 3019 quae
1503 2967 1717 3020 principia
