2060 3476
632 356 849 397 CAP.111.,
874 355 1013 388 VERs.
1042 354 1183 387 1.—N.
1212 346 1302 387 182.
1631 352 1712 398 245

399 474 451 517 [n.
473 471 572 515 199];
599 453 657 505 “ot
670 469 855 504 confitebor
869 478 991 502 nomen
1007 468 1084 511 esus
1100 476 1216 501 comm
1236 467 1339 500 Patro
1355 476 1439 504 meo,
1458 469 1496 500 et
1515 475 1631 500 coram
1654 476 1718 499 αη-

393 518 484 562 gelis
497 517 607 561 Ejus‚''
618 515 779 558 significat
791 515 881 557 quod
890 514 928 545 in
941 514 1077 545 Divino
1088 513 1186 544 Bono
1197 517 1229 543 et
1239 513 1317 544 inde
1329 513 1368 543 in
1380 512 1517 543 Divino
1527 511 1607 543 Vero
1618 515 1721 542 erunt

400 563 452 607 [n.
471 561 568 605 200].

263 626 294 659 6.
329 626 485 660 ‘Habeas
497 635 618 659 aurem
630 623 751 658 audiat
761 622 845 667 qm'd
859 621 1007 665 Spiritus
1021 621 1103 655 dicit
1114 620 1300 658 ecclesiis?
1313 619 1474 661 signifieat
1486 620 1578 662 quod
1589 619 1651 661 qui
1664 619 1717 650 in-

394 671 515 713 tellig-it
524 670 686 702 auscultet
695 669 781 711 quid
789 668 966 700 Divinum
983 667 1103 698 Verum
1110 667 1289 708 procedens
1301 676 1322 696 a
1334 665 1486 697 Domino
1497 665 1587 696 docet
1596 668 1628 695 et
1637 663 1721 695 dicit

395 717 465 748 illis
480 716 542 758 qui
554 715 596 746 ab
610 714 739 746 ecclesia
756 713 866 755 Ipsius
881 716 963 744 sunt
979 711 1031 755 [n.
1050 710 1147 754 201].

298 860 421 903 182.
462 869 628 908 [Vers.1.]
659 862 683 881 ‘¹
695 858 746 898 ft
769 856 921 910 Angelo
942 855 983 896 in
1012 855 1210 897 Sar-dibus
1238 854 1454 896 Ecclesiae
1482 853 1719 895 sot-ibo.''—

220 922 358 976 Quod
397 920 622 975 significet
658 920 762 961 illos
798 919 878 972 qui
912 918 1124 959 moralem
1163 917 1305 958 vitam
1336 923 1489 970 agunt,
1522 917 1605 957 sed
1635 929 1718 956 non

217 985 515 1038 spiritualem,
543 983 648 1037 quia
667 983 812 1036 parvi
823 982 1024 1035 pendunt
1043 981 1310 1034 cognitiones
1332 980 1654 1033 spiritualium,
1677 985 1720 1020 et

217 1049 320 1090 inde
342 1047 679 1101 intelligentiam
709 1053 752 1087 et
781 1045 1063 1099 sapientiam,
1088 1051 1271 1085 constat
1303 1058 1362 1085 ex
1394 1043 1482 1084 illis
1514 1057 1628 1097 quae
1660 1043 1717 1083 ad

218 1112 345 1166 hujus
371 1111 607 1152 Ecclesiae
633 1109 867 1162 Angelum
895 1109 1062 1162 scripta
1089 1114 1206 1157 sunt,
1235 1122 1293 1149 ex
1318 1108 1476 1161 quibus
1508 1108 1552 1147 in
1584 1120 1718 1147 sensu

218 1177 397 1217 interno
423 1189 501 1215 seu
527 1173 745 1228 spirituali
777 1172 979 1213 lustratis
1006 1178 1189 1213 constat
1215 1171 1335 1225 quod
1362 1177 1524 1224 agatur
1549 1171 1606 1211 de
1632 1170 1718 1210 illis

218 1240 291 1293 qui
317 1238 537 1289 moralem
564 1238 702 1278 vitam
732 1241 888 1289 agunt,
917 1235 996 1276 sed
1024 1248 1114 1276 non
1142 1234 1435 1288 spiritualem,
1464 1234 1567 1288 quia
1592 1233 1718 1287 parvi

217 1304 385 1344 faciunt
412 1302 699 1355 cognitiones
730 1299 1042 1353 spiritualium,
1070 1305 1116 1340 et
1149 1299 1253 1339 inde
1285 1298 1638 1351 intelligentiam
1671 1302 1718 1338 et

217 1366 497 1420 sapientiam.
559 1363 649 1405 Sed
675 1370 919 1416 antequam
947 1376 1000 1403 ea
1021 1375 1135 1416 quae
1159 1368 1418 1415 sequuntur,
1442 1361 1591 1415 quoad
1615 1373 1718 1401 sen·

217 1444 316 1470 sum
347 1428 624 1483 spiritualem
663 1427 948 1475 evolvuntur,
982 1425 1305 1479 explicandum
1343 1431 1389 1466 et
1426 1424 1729 1479 aperiendum·

182 1544 189 1551 .
217 1500 287 1534 est
313 1493 418 1547 quid
445 1493 502 1533 sit
527 1492 622 1532 vita
649 1490 845 1538 moralis,
874 1496 921 1530 et
948 1489 1054 1543 quid
1081 1490 1176 1530 vita
1202 1488 1458 1542 spiritualis,
1486 1494 1583 1529 tum
1611 1487 1717 1541 quid

218 1556 400 1598 moralis
422 1557 516 1596 vita
538 1569 597 1596 ex
621 1554 851 1608 spirituali,
876 1559 922 1594 et
945 1552 1050 1607 quid
1073 1552 1255 1593 moralis
1277 1553 1372 1592 vita
1393 1552 1564 1605 absque
1591 1551 1718 1604 spiri-

218 1620 343 1661 tuali.
411 1619 597 1659 Moralis
628 1619 723 1658 vita
754 1612 824 1658 lest
856 1617 986 1664 bene,
1020 1617 1192 1657 sincere
1224 1622 1270 1656 et
1297 1615 1417 1668 juste
1448 1629 1584 1668 agere
1616 1628 1717 1655 cum

219 1684 365 1731 sociis,
390 1690 486 1724 tam
509 1683 552 1723 in
575 1680 876 1722 sun&ionibus
899 1693 1033 1734 quam
1065 1681 1109 1720 in
1132 1680 1329 1732 negotiis
1352 1680 1717 1733 quibuscunque;

219 1748 360 1789 verbo
391 1754 462 1788 est
487 1747 581 1786 vita
612 1758 834 1799 apparens
867 1756 1019 1784 coram
1051 1743 1322 1791 hominibus,
1350 1743 1452 1796 quia
1483 1755 1585 1783 cum
1617 1741 1717 1782 illis.

219 1810 309 1852 Sed
335 1811 447 1865 haec
474 1810 568 1850 vita
594 1815 663 1849 est
696 1822 755 1849 ex
787 1807 952 1860 duplici
984 1807 1171 1859 origine,
1198 1806 1271 1847 vel
1303 1820 1361 1847 ex
1394 1819 1549 1846 amore
1575 1806 1640 1846 sui
1670 1812 1718 1846 et

218 1875 385 1922 mundi,
409 1873 481 1914 vel
509 1887 568 1914 ex
591 1885 744 1913 amore
768 1871 812 1911 in
837 1871 983 1911 Deum
1006 1877 1052 1911 et
1075 1883 1184 1923 erga
1205 1871 1475 1923 proximum.
1532 1868 1718 1910 Moralis

218 1936 312 1979 vita
326 1951 385 1978 ex
404 1950 558 1977 amore
575 1936 640 1975 sui
659 1941 705 1975 et
725 1934 878 1975 mundi
896 1934 1047 1974 nonin
1063 1947 1110 1974 se
1125 1939 1195 1974 est
1211 1933 1392 1973 moralis
1406 1934 1515 1981 vita,
1532 1932 1719 1974 tametsi

218 2008 266 2042 ut
281 2000 462 2042 moralis
478 2005 666 2053 apparet
685 2013 694 2049 3
719 2011 823 2038 nam
842 1997 980 2038 homo
1002 1997 1071 2038 cui
1089 1997 1178 2045 illa,
1196 1997 1326 2045 bene,
1346 1997 1518 2037 sincere
1536 2003 1582 2036 et
1596 1995 1718 2049 juste

217 2065 314 2118 agit
337 2063 482 2104 solum
505 2069 691 2116 propter
713 2075 760 2102 se
782 2067 828 2102 et
852 2060 1067 2101 mundum
1085 2074 1094 2110 ;
1128 2061 1197 2101 cui
1219 2061 1402 2108 bonum,
1427 2061 1648 2100 sincerum
1672 2064 1718 2099 et

213 2127 383 2181 justum
405 2127 652 2167 inserviunt
675 2139 756 2179 pro
778 2125 935 2166 mediis
962 2124 1019 2164 ad
1045 2123 1194 2173 finem,
1217 2125 1291 2177 qui
1316 2130 1421 2164 sunt
1443 2123 1515 2164 vel
1542 2129 1590 2164 ut
1614 2137 1718 2164 eve-

219 2192 352 2232 hatur
370 2204 502 2244 supra
523 2190 635 2231 alios
653 2203 704 2230 ac
728 2190 918 2242 imperet
936 2188 1047 2237 aliis,
1066 2187 1138 2228 vel
1157 2194 1206 2228 ut
1229 2188 1426 2228 lucretur
1442 2200 1552 2240 opes
1569 2200 1578 2226 :
1607 2187 1719 2239 haec

219 2255 394 2307 cogitat
421 2255 558 2295 etiam
583 2254 628 2293 in
654 2267 735 2293 suo
761 2253 931 2306 spiritu,
956 2265 1033 2292 seu
1055 2250 1238 2305 quando
1263 2264 1416 2291 secum
1442 2251 1486 2290 in
1509 2249 1719 2300 occulto;

219 2318 298 2359 sed
317 2317 552 2371 propalare
569 2316 646 2357 illa
658 2329 773 2371 quae
788 2316 964 2368 cogitat
979 2328 1069 2355 non
1085 2314 1236 2362 audet,
1251 2315 1352 2367 quia
1366 2313 1604 2354 destruunt
1624 2314 1719 2366 opi-

220 2382 401 2422 nionem
424 2381 610 2421 aliorum
633 2380 690 2421 de
715 2393 776 2427 se,
802 2386 848 2420 et
871 2379 932 2419 sic
956 2377 1177 2419 annihilat
1203 2377 1352 2418 media
1378 2391 1457 2430 per
1477 2391 1591 2430 quae
1618 2384 1720 2417 ten-

219 2445 326 2486 dere
352 2444 450 2485 vult
482 2444 539 2484 ad
565 2443 676 2484 fines
707 2456 823 2483 suos.
885 2442 959 2482 Ex
993 2442 1060 2482 his
1093 2447 1304 2481 constare
1336 2447 1492 2494 potest
1525 2440 1644 2493 quod
1676 2441 1720 2480 in

221 2507 378 2549 morali
411 2507 503 2560 ejus
534 2508 628 2547 vita
659 2506 768 2546 nihil
800 2505 919 2546 aliud
952 2505 1095 2546 lateat
1127 2517 1261 2557 quam
1294 2510 1342 2544 ut
1375 2504 1582 2544 obtineat
1614 2517 1722 2557 prae

220 2572 317 2612 aliis
344 2572 508 2620 omnia,
541 2572 606 2612 ita
636 2570 756 2624 quod
782 2569 892 2610 velit
924 2575 973 2609 ut
1000 2582 1158 2609 omnes
1184 2568 1258 2608 alii
1290 2568 1372 2608 sibi
1403 2568 1616 2615 serviant,
1644 2573 1721 2607 aut

220 2643 268 2678 ut
302 2635 534 2690 possideat
566 2647 720 2675 eorum
751 2634 898 2674 bona:
945 2646 1005 2673 ex
1042 2632 1200 2685 quibus
1231 2631 1372 2672 videri
1412 2637 1566 2684 potest
1599 2630 1720 2684 quod

220 2699 403 2741 moralis
426 2698 517 2751 ejus
540 2699 634 2738 vita
655 2711 747 2738 non
769 2697 827 2738 sit
853 2695 1035 2737 moralis
1058 2696 1152 2736 vita
1176 2695 1220 2735 in
1247 2708 1321 2745 se;
1355 2708 1459 2734 nam
1482 2695 1517 2734 si
1540 2694 1719 2734 obtine-

221 2771 291 2805 ret
318 2762 438 2817 quod
470 2761 682 2809 intendit,
710 2774 788 2801 seu
820 2773 901 2813 pro
926 2758 1014 2799 fine
1046 2758 1200 2806 habet,
1228 2758 1467 2811 subjiceret
1499 2757 1611 2797 alios
1637 2757 1720 2797 sibi

196 2822 270 2868 'ut
302 2840 470 2875 servos,
504 2838 556 2866 ac
593 2825 852 2878 deprivaret
889 2822 990 2863 illos
1023 2823 1111 2862 suis
1148 2822 1305 2872 bonis;
1347 2827 1393 2862 et
1431 2822 1534 2874 quia
1569 2820 1722 2861 omnia

221 2891 370 2932 media
396 2890 575 2943 sapiunt
603 2902 662 2929 ex
688 2886 792 2935 fine,
820 2893 867 2928 et
893 2887 937 2927 in
963 2886 1162 2927 essentia
1188 2899 1267 2925 sua
1293 2891 1398 2925 sunt
1424 2884 1533 2925 talia
1565 2883 1720 2937 quales

222 2960 326 2995 sunt
349 2953 474 3002 fines,
499 2966 635 3006 quare
661 2952 799 2992 etiam
821 2956 1042 2991 vocantur
1064 2948 1175 2990 fines
1197 2948 1468 2997 intermedii,
1492 2948 1594 2988 ideo
1616 2946 1720 2988 talis

222 3019 316 3059 vita
340 3018 384 3058 in
411 3031 459 3058 se
485 3014 692 3070 spectata
717 3021 787 3056 est
814 3013 952 3055 modo
978 3013 1147 3054 astutia
1172 3019 1219 3054 et
1250 3012 1395 3063 fraus;
1428 3011 1549 3065 quod
1582 3011 1718 3052 etiam
