2060 3476
284 359 367 401 324
694 354 1028 389 APOCALYPSIS
1058 354 1358 388 EXPLICATA.

455 469 628 510 templum
641 467 843 501 sanctitatis
859 474 952 501 tuae.
991 493 1087 502 .....
1095 467 1142 500 Et
1153 467 1252 500 venit
1269 467 1314 499 ad
1328 466 1379 499 Te
1396 464 1511 498 oraflo
1528 475 1608 498 mea
1623 465 1668 498 ad
1685 471 1771 499 tem-

455 514 552 554 plum
570 511 769 545 sanctitatis
786 512 895 545 tuae''
912 512 959 554 (ii.
978 519 1007 552 5,
1025 513 1043 544 8
1063 510 1123 554 [B.
1139 512 1185 544 A.
1201 520 1233 550 4,
1250 509 1320 552 7]):

282 589 401 643 apud
425 588 664 640 Habakuk‚

560 664 755 707 “Jehovah
773 664 809 696 in
826 664 960 705 templo
976 661 1178 696 sanctitatis
1193 660 1340 696 [¹]sme”
1357 661 1404 702 (ii.
1421 661 1495 702 2():

282 740 401 795 apud
425 739 720 789 Mattlzaeum‚

351 815 459 847 “Vae
476 815 590 854 vobis,
607 815 714 846 duces
732 815 838 852 caeci,
855 814 914 856 qui
931 814 1058 851 dicitis,
1079 813 1288 855 Quicunque
1304 812 1476 854 juraverit
1492 821 1554 853 per
1569 811 1770 853 Templum,

457 859 545 890 nihil
570 864 643 897 est;
669 858 867 899 quicunque
892 867 977 889 vero
1001 857 1172 898 juraverit
1196 867 1259 897 per
1281 865 1406 888 aurum
1423 856 1574 896 Templi,
1595 865 1675 887 reus
1699 861 1772 888 est:

456 903 553 934 stulti
578 908 614 934 et
630 903 736 940 caeci,
756 908 873 933 utrum
891 908 1009 933 autem
1034 900 1150 941 majus
1171 906 1235 939 est,
1255 910 1380 932 aurum
1397 906 1457 931 aut
1474 899 1663 940 Templum
1679 899 1775 940 quod

457 944 654 978 sanctificat
670 955 795 977 aurum
805 944 839 977 ?’'
856 944 966 985 (xxiii.
986 945 1036 983 16,
1055 952 1093 983 17
1106 945 1128 984 :)

284 1021 402 1075 apud
428 1020 697 1070 Jolzannem,

347 1097 453 1139 Jesus
470 1097 559 1129 dixit
575 1097 812 1129 vendentibus
830 1096 865 1127 in
883 1096 1045 1137 Templo,
1069 1095 1234 1127 “Tollite
1251 1095 1378 1127 exhinc
1395 1095 1465 1134 illa,
1486 1104 1551 1127 nec
1574 1094 1678 1126 facite
1704 1093 1775 1126 Do-

459 1151 555 1172 mum
576 1141 690 1172 Patris
708 1141 777 1172 mei
791 1141 936 1171 domum
954 1146 1191 1172 mercaturae:
1217 1140 1311 1171 unde
1329 1139 1502 1170 recordati
1518 1144 1602 1171 sunt
1613 1135 1776 1178 discipuli

457 1184 552 1226 quod
569 1185 738 1225 scriptum
756 1190 821 1222 est,
838 1183 944 1215 Zelus
962 1183 1099 1215 Domus
1117 1190 1198 1215 tuae
1215 1183 1436 1224 consumpsit
1454 1182 1542 1214 Me”
1559 1182 1608 1223 (ii.
1626 1182 1675 1220 16,
1693 1181 1756 1221 17).

373 1275 458 1331 [110]
504 1277 756 1325 Praeterea,
777 1275 930 1317 multis
951 1276 995 1316 in
1018 1275 1129 1316 locis
1152 1275 1256 1316 alibi
1278 1276 1322 1316 in
1340 1275 1495 1316 Verbo
1518 1274 1776 1315 nominatur

287 1344 313 1362 ‘¹
327 1339 588 1393 templum.’'
649 1339 715 1382 Ut
738 1340 906 1380 sciatur
927 1339 1047 1393 quod
1069 1353 1148 1393 per
1169 1339 1278 1380 illud
1301 1338 1583 1391 intelligatur
1600 1337 1775 1378 caelum

288 1409 336 1445 et
358 1402 565 1452 ecclesia,
589 1408 687 1444 tum
710 1402 921 1443 Divinum
945 1402 1115 1443 Verum
1138 1402 1388 1455 procedens
1410 1414 1437 1442 a
1462 1401 1674 1449 Domino,
1698 1414 1775 1441 ve-

287 1465 365 1507 lim
395 1465 473 1506 illa
504 1465 605 1506 loca
636 1465 707 1506 hic
740 1465 978 1514 adducere,
1012 1478 1068 1506 ne
1100 1464 1287 1506 haereat
1319 1477 1447 1504 mens
1476 1464 1521 1504 in
1553 1476 1622 1511 eo,
1656 1462 1776 1516 quod

288 1528 434 1569 solum
457 1527 698 1582 Templum
724 1527 1020 1581 intelligatur,
1040 1533 1086 1568 et
1110 1541 1201 1568 non
1223 1527 1390 1581 aliquid
1416 1524 1638 1577 sanctium
1671 1538 1775 1566 nam

286 1590 528 1645 Templum
551 1591 671 1645 quod
699 1590 1047 1643 Hierosolymae
1069 1588 1276 1632 sanctum
1301 1590 1381 1631 fuit
1403 1603 1462 1631 ex
1485 1603 1540 1630 eo
1561 1588 1681 1642 quod
1706 1602 1776 1630 re-

285 1654 646 1709 praesentaverit
668 1660 714 1695 et
737 1653 840 1694 inde
858 1653 1178 1706 significaverit
1196 1651 1415 1694 sanetum.
1467 1651 1602 1705 Quod
1619 1654 1774 1692 “tem-
1802 1652 1808 1658 '

284 1717 408 1772 plum
420 1717 438 1732 ”
475 1716 795 1770 significaverit
832 1716 1022 1766 caelum,
1059 1722 1190 1770 patet
1230 1716 1288 1757 ab
1328 1715 1397 1757 his
1438 1715 1549 1756 locis
1566 1713 1774 1768 :—-Apud

285 1780 525 1830 Davidem,

357 1870 376 1884 ‘⁴
388 1868 559 1900 Invoeavi
572 1867 759 1910 Jehovam‚
776 1874 811 1900 et
823 1868 868 1900 ad
883 1868 998 1900 Deum
1013 1877 1132 1899 meum
1145 1867 1296 1899 clamavi
1309 1877 1317 1906 ;
1342 1867 1534 1903 audivitde
1547 1866 1699 1908 Templo
1712 1876 1779 1899 suo

458 1922 583 1944 vocem
601 1921 718 1944 meam
730 1911 748 1924 ”
767 1911 913 1953 (Psalm.
930 1912 1026 1945 xviii.
1045 1919 1062 1951 7
1082 1910 1141 1954 [B.
1158 1913 1204 1944 A.
1221 1909 1292 1953 6]);

285 1989 404 2044 apud
430 1988 641 2039 eundem,

354 2065 376 2079 “
388 2064 511 2096 Bonus
524 2065 600 2096 dies
617 2065 653 2096 in
667 2064 766 2096 atriis
779 2064 849 2096 tuis
866 2074 950 2105 prae
964 2065 1118 2096 millibus
1133 2074 1140 2103 ;
1165 2064 1255 2105 elegi
1272 2065 1316 2096 ad
1333 2064 1479 2105 januam
1492 2070 1586 2096 stare
1604 2064 1640 2096 in
1658 2064 1778 2097 Domo

460 2107 527 2193 legi
539 2108 738 2193 ltinelibssrae
761 2108 921 2140 habitare
939 2108 975 2140 in
1000 2108 1163 2140 tentoriis
1187 2107 1409 2149 impietatis''
1426 2107 1571 2149 (Psalm.
1588 2108 1720 2141 lxxxiv.
1738 2116 1775 2140 11

690 2176 698 2190 ‚

288 2226 407 2282 apud
433 2227 641 2276 eundem,

354 2304 377 2318 ‘⁴
388 2302 511 2345 Justus
528 2303 619 2334 sicut
636 2303 755 2343 palma
772 2303 923 2342 florebit,
940 2303 1030 2335 sicut
1046 2303 1172 2335 cedrus
1189 2304 1226 2335 in
1244 2303 1380 2335 Libano
1397 2309 1551 2342 crescet;
1575 2304 1725 2345 plantati
1742 2305 1778 2336 in

461 2346 581 2432 {3311}
603 2346 776 2432 ilghlcffiae,
804 2347 841 2378 in
869 2347 969 2379 atriis
1002 2347 1069 2379 Dei
1097 2346 1375 2387 germinabunt''
1399 2348 1546 2388 (psalm.
1566 2348 1645 2380 xcii.
1667 2356 1717 2388 13,
1740 2357 1780 2388 14

515 2414 522 2422 ·
577 2414 584 2422 ·
647 2415 654 2428 ν
755 2415 762 2429 2

285 2465 405 2520 apud
431 2466 638 2515 eundern,

355 2540 511 2573 “Unum
536 2541 621 2581 petii
645 2550 668 2572 a
689 2540 852 2583 Jehovah
856 2566 948 2579 .....
954 2547 995 2573 ut
1018 2551 1184 2577 maneam
1208 2542 1244 2574 in
1271 2541 1390 2574 Domo
1413 2542 1572 2584 Jehovae
1576 2567 1668 2581 .....
1675 2548 1711 2575 et
1733 2542 1780 2575 ad

460 2584 678 2616 visitandum
697 2595 802 2617 mane
819 2585 1010 2626 Templum
1028 2585 1173 2627 Ipsius''
1190 2585 1335 2626 (Psalm.
1351 2587 1459 2618 xxvii.
1475 2586 1529 2627 4);

289 2659 408 2714 apud
434 2660 645 2710 eundem,

357 2736 381 2750 “
391 2734 539 2776 Quietus
551 2745 612 2766 ero
623 2735 659 2766 in
673 2735 791 2767 Domo
801 2735 960 2778 Jehovae
971 2736 1008 2767 in
1018 2736 1278 2777 longitudinem
1287 2736 1445 2768 dierum’'
1457 2737 1602 2778 (Psalm.
1614 2736 1710 2770 xxiii.
1723 2736 1757 2778 6)
1769 2746 1778 2777 3

289 2817 408 2872 apud
434 2817 700 2867 Johannem,

354 2893 459 2936 Jesus
476 2894 606 2932 dixit,“
619 2894 660 2926 In
680 2894 797 2926 Domo
816 2895 932 2927 Patris
949 2895 1020 2927 mei
1037 2896 1243 2928 mansiones
1260 2895 1392 2928 multae
1409 2895 1520 2928 sunt’'
1536 2893 1705 2937 (xiv.[²]2).

291 2985 426 3040 Quod
461 2987 506 3027 in
542 2986 628 3027 illis
666 2986 777 3028 locis
814 3001 892 3041 per
926 2987 1162 3029 “Domum
1197 2987 1428 3041 Jehovae''
1459 2994 1506 3030 et
1541 2987 1777 3029 “Domum
