2060 3476
632 404 739 438 CAP.
761 404 822 447 v.,
846 404 986 437 VERs.
1008 393 1157 437 6.-Ν,
1182 393 1348 449 314[b].
1661 403 1739 447 543

238 518 425 560 'Domini
465 518 730 560 describitur
765 517 838 559 hic
875 531 954 573 per
984 517 1273 559 innocentias
1309 516 1417 557 varii
1453 515 1647 570 generiS,
1689 528 1740 555 ac

243 595 322 636 per
343 582 518 623 illarum
541 582 751 636 opposita
771 595 798 622 a
814 581 973 635 quibus
990 580 1078 622 tuti
1095 586 1226 621 erunt
1244 594 1253 631 3
1283 583 1464 633 “agnus
1476 578 1496 594 ''
1518 585 1588 619 est
1611 579 1741 618 inno-

241 646 392 686 centia
409 646 555 687 intimi
573 645 754 699 gradus,
775 643 867 698 ejus
885 645 1144 698 oppositum
1163 650 1232 685 est
1257 643 1424 697 “lupus
1443 642 1476 694 ;‘’
1501 641 1711 683 “haedus
1723 640 1743 656 ’³

240 714 312 750 est
329 708 590 750 innocentia
600 707 785 749 secundi
799 708 981 761 gradus,
995 706 1116 761 cujus
1131 707 1390 761 oppositum
1402 712 1471 747 est
1489 709 1514 726 “
1527 706 1692 759 pardus
1709 704 1743 755 ;”

242 772 477 813 “vitulus”
499 778 570 813 est
592 772 851 813 innocentia
872 771 1017 812 ultimi
1039 771 1220 824 gradus,
1245 769 1368 823 cujus
1393 770 1652 823 oppositum
1672 774 1743 810 est

243 838 269 854 “
283 833 356 874 leO
377 832 596 886 juvenis„
654 843 768 882 (Quod
778 840 796 852 ‘⁸
807 842 941 881 agnus,''
958 839 976 851 “
987 843 1068 872 aries
1079 842 1096 852 ''
1112 851 1169 872 seu
1185 839 1203 851 ¹⁰
1214 842 1313 876 ovis,''
1330 846 1361 871 et
1377 838 1394 850 ‘⁴
1405 842 1523 870 vitulus
1535 841 1550 850 '¹
1567 841 1746 878 significent

241 902 304 926 πω
321 898 440 935 gradus
453 897 666 931 innocentiae,
681 897 828 926 videatur
845 906 877 926 n.
895 896 1019 935 10132.)
1088 885 1363 926 Innocentia
1394 884 1542 924 intimi
1573 883 1744 937 gradus
1787 915 1792 920 .

241 954 310 989 est
342 947 486 1002 qualis
520 954 590 989 est
627 947 715 988 illis
746 948 820 1001 qui
856 949 901 988 in
932 948 1070 989 tertio
1102 961 1180 988 seu
1211 947 1372 988 intimo
1403 945 1546 994 caelo,
1574 951 1620 986 et
1652 944 1745 998 ejus

240 1012 409 1052 bonum
432 1017 621 1052 vocatur
642 1011 812 1052 bonum
835 1010 1061 1062 caeleste;
1093 1010 1355 1051 innocentia
1376 1009 1560 1050 secundi
1578 1008 1746 1062 gradus

241 1081 310 1116 est
336 1074 479 1128 qualis
506 1081 576 1116 est
603 1074 691 1115 illis
717 1075 791 1128 qui
821 1075 866 1114 in
898 1074 1101 1115 secundo
1126 1087 1205 1114 seu
1230 1073 1379 1114 medio
1405 1072 1547 1121 caelo,
1575 1078 1621 1113 et
1653 1070 1746 1124 ejus

242 1138 410 1179 bonum
449 1144 643 1179 vocatur
686 1137 855 1178 bonum
897 1136 1156 1191 spirituale;
1208 1143 1254 1178 et
1299 1136 1561 1177 innocentia
1600 1134 1746 1175 ultimi

241 1202 408 1255 gradus
434 1207 504 1243 est
529 1201 673 1255 qualis
699 1207 769 1242 est
795 1200 882 1241 illis
903 1201 978 1254 qui
1003 1201 1047 1241 in
1071 1201 1216 1254 primo
1242 1214 1320 1241 seu
1347 1199 1507 1240 ultimo
1534 1197 1676 1247 caelo,
1700 1205 1746 1239 et

242 1263 336 1316 ejus
358 1264 530 1304 bonum
551 1268 746 1304 vocatur
767 1262 938 1303 bonum
962 1261 1175 1302 naturale
1197 1261 1449 1316 spirituale.
1508 1271 1621 1309 (Quod
1636 1279 1749 1300 omnes

241 1328 296 1366 qui
310 1328 343 1356 in
358 1328 452 1357 caelis
471 1332 554 1362 sunt,
567 1327 601 1356 in
616 1327 725 1364 aliquo
736 1327 825 1356 bono
838 1326 1040 1356 innocentiae
1053 1326 1124 1361 sint¹
1138 1326 1284 1355 videatur
1297 1335 1328 1355 n.
1344 1325 1450 1364 4797.)
1491 1314 1610 1368 Quia
1624 1314 1748 1354 bona

242 1380 532 1421 innocentiae
563 1394 642 1434 per
663 1379 741 1421 illa
765 1373 1129 1428 ¹>¹¹describuntu13
1157 1379 1259 1420 ideo
1291 1379 1430 1420 etiam
1458 1378 1634 1425 dicitur,
1662 1380 1748 1417 “et

243 1458 351 1498 puer
373 1445 538 1497 parvus
560 1444 696 1485 ducet
722 1443 840 1492 eos,”
862 1449 959 1484 tum
984 1443 1150 1484 “ludet
1173 1441 1348 1484 lactens
1373 1455 1507 1495 super
1531 1440 1748 1482 foramine

242 1508 437 1561 viperae,
471 1513 516 1548 et
556 1505 812 1548 abla&atus
849 1519 1032 1548 manum
1072 1505 1277 1560 impellet
1315 1519 1447 1559 super
1479 1499 1748 1558 'speluncam

481 1570 490 1586 9

243 1570 437 1611 basilisci
454 1570 477 1622 ;'
531 1584 610 1624 per
647 1570 914 1624 “puerum‚”
953 1568 1274 1612 “lactentem''
1311 1575 1358 1610 et
1397 1565 1748 1609 “ablactatum’‘

244 1631 453 1673 similiter
478 1631 544 1673 illi
574 1633 871 1673 innocentiae
895 1632 1066 1686 gradus
1092 1631 1422 1685 significantur.
1481 1640 1595 1679 (Quod
1608 1636 1625 1648 '⁴
1637 1638 1748 1678 puer,··

244 1694 387 1723 videatur
402 1702 433 1723 n.
449 1702 520 1731 430,
532 1694 627 1731 5236:
653 1694 742 1731 quod
757 1696 775 1707 ‘¹
785 1693 934 1722 ladtens”
950 1702 1007 1722 seu
1021 1693 1124 1722 infans
1138 1693 1259 1730 primae
1274 1692 1394 1726 aetatis,
1407 1693 1465 1720 et‘¹
1475 1689 1680 1720 ablaetatus''
1694 1698 1750 1718 seu

245 1743 347 1772 infans
358 1744 530 1778 secundae,
542 1752 574 1773 n.
587 1745 678 1781 3183,
693 1743 784 1781 4563,
797 1743 888 1780 5608,
901 1743 992 1780 6740,
1007 1743 1114 1781 6745.)
1155 1731 1275 1784 Quia
1292 1735 1318 1752 “
1330 1744 1478 1784 agnus
1489 1729 1509 1745 ”
1523 1728 1750 1783 Significat

244 1795 567 1843 innocentiam,
587 1808 666 1836 seu
691 1793 794 1835 illos
816 1795 890 1848 qui
916 1795 1184 1835 innocentes
1207 1799 1325 1842 sunt,
1350 1806 1402 1834 ac
1428 1793 1595 1846 “lupus
1607 1791 1626 1806 ''
1648 1790 1749 1831 illos

245 1859 319 1912 qui
357 1865 518 1899 contra
554 1859 879 1907 innocentiam,
912 1858 1016 1899 ideo
1054 1857 1260 1898 similiter
1296 1857 1459 1897 dicitur
1489 1855 1595 1896 alibi
1631 1854 1750 1908 apud

245 1922 439 1963 eundem
467 1922 760 1976 Prophetam,

315 2012 468 2053 “Lupus
486 2018 521 2044 et
537 2022 652 2052 agnus
670 2018 820 2052 pascent
836 2011 943 2044 simul
948 2036 1040 2050 .....
1049 2021 1123 2043 non
1148 2011 1283 2043 malum
1307 2010 1440 2042 facient
1464 2009 1500 2041 in
1527 2014 1602 2041 toto
1627 2013 1751 2040 monte

421 2054 624 2088 sanctitatis
637 2055 655 2067 ’'
672 2056 758 2096 (IXV.
779 2055 856 2096 25);

249 2138 418 2175 “mons
444 2132 735 2174 san&itatis’'
757 2140 828 2174 est
855 2133 1047 2182 caelum,
1071 2133 1116 2173 in
1138 2132 1288 2186 specie
1315 2131 1489 2173 caelum
1511 2130 1719 2171 intimum
1739 2142 1749 2170 ε

248 2204 295 2238 et
318 2197 420 2238 ideo
443 2197 664 2237 Dominus
687 2197 795 2237 dicit
818 2197 875 2237 ad
898 2196 1190 2250 septuaginta
1212 2209 1324 2250 quos
1346 2195 1510 2243 emisit,
1551 2196 1554 2200 ’

383 2289 406 2302 “
419 2287 497 2328 Ego
514 2287 618 2319 mitto
634 2298 700 2319 vos
717 2288 809 2319 sicut
825 2297 940 2328 agnos
957 2287 993 2319 in
1011 2287 1169 2319 medium
1187 2286 1354 2327 luporum
1365 2285 1383 2298 '’
1400 2285 1499 2326 (Luc.
1515 2295 1550 2317 x,
1567 2283 1621 2324 3);

251 2370 367 2425 Quia
411 2371 586 2424 “agni’'
624 2371 882 2424 significant
920 2371 1022 2412 illos
1056 2371 1129 2425 qui
1167 2371 1211 2411 in
1241 2383 1394 2411 amore
1427 2370 1471 2410 in
1506 2369 1752 2410 Dominum

252 2441 371 2484 sunt,
399 2435 473 2488 qui
498 2448 625 2475 amor
650 2448 786 2475 unum
819 2442 889 2475 est
921 2448 1022 2476 cum
1054 2434 1331 2482 innocentia,
1365 2440 1411 2474 et
1443 2433 1547 2486 quia
1575 2430 1753 2473 “oves”

251 2497 507 2552 significant
530 2498 631 2539 illos
653 2499 727 2552 qui
749 2499 793 2538 in
816 2512 970 2539 amore
991 2511 1100 2551 erga
1121 2498 1378 2551 proximum
1401 2503 1519 2546 sunt,
1535 2497 1610 2551 qui
1627 2508 1754 2536 amor

250 2568 320 2603 est
347 2561 556 2610 charitas,
580 2561 682 2602 ideo
711 2561 931 2602 Dominus
958 2562 1074 2602 dixit
1101 2561 1158 2602 ad
1185 2561 1382 2609 Petrum,

320 2653 342 2666 “
353 2651 478 2683 Simon
495 2651 600 2693 Jona,
610 2661 762 2682 amasne
777 2650 854 2683 Me.
869 2676 876 2683 .
890 2676 898 2683 .
914 2652 929 2684 ’.θ
968 2650 1064 2682 Dicit
1083 2650 1168 2691 Ipsi,
1184 2650 1302 2682 Immo
1320 2650 1487 2688 Domine,
1500 2650 1557 2682 Tu
1573 2650 1642 2682 scis
1660 2648 1754 2690 quod

426 2705 545 2726 amem
563 2695 634 2727 Te:
661 2695 745 2726 dicit
766 2695 830 2733 illi,
852 2694 964 2726 Pasce
981 2705 1096 2735 agnos
1114 2704 1216 2726 meos
1231 2694 1262 2733 ;”
1287 2701 1322 2726 et
1338 2700 1478 2735 postea,
1502 2695 1524 2708 ‘⁴
1538 2694 1649 2726 Pasce
1667 2701 1754 2724 oves

426 2738 554 2770 meas”
571 2738 672 2780 (Joh.
689 2738 760 2771 xxi.
780 2737 920 2777 15—17);

251 2815 372 2870 quod
397 2815 510 2856 haec
533 2815 591 2856 ad
618 2815 800 2856 Petrum
828 2813 950 2856 diCta
976 2816 1080 2864 sint,
1109 2822 1206 2857 erat
1233 2816 1336 2870 quia
1361 2829 1440 2869 per
1466 2814 1591 2856 illum
1617 2813 1752 2855 intel-

252 2879 477 2933 ligebatur
503 2892 658 2920 verum
685 2893 744 2920 ex
771 2879 907 2928 bono,
934 2893 1012 2920 seu
1038 2878 1149 2920 fides
1175 2893 1235 2920 ex
1259 2879 1496 2927 charitate,
1524 2891 1575 2918 ac
1598 2889 1752 2918 verum

251 2957 311 2984 ex
337 2942 459 2984 bono
485 2941 649 2993 docet;
684 2945 909 2996 “pascere
920 2942 940 2986 ’ἶ
966 2948 1036 2983 est
1063 2942 1240 2984 docere.
1301 2941 1440 2996 Apud
1465 2939 1763 3001 Ezechielem„

320 3031 491 3064 “Arabia
514 3037 550 3064 et
573 3041 701 3064 omnes
726 3032 905 3072 principes
931 3031 1064 3068 Kedar,
1083 3031 1121 3063 hi
1146 3031 1390 3073 negotiatores
1415 3040 1544 3063 manus
1569 3035 1662 3067 tuae,
1690 3015 1761 3070 per*

428 3085 555 3117 agnos,
575 3076 704 3107 arietes
722 3082 757 3108 et
773 3076 891 3108 hircos
903 3075 921 3087 '¹
939 3073 1096 3116 (mxxvii.
1113 3075 1168 3117 21)
1182 3085 1190 3115 ;
