2060 3476
649 355 755 388 CAP.
779 345 845 396 11„
870 355 1007 388 VERS.
1033 355 1207 399 27.—N.
1238 356 1326 400 177.
1466 398 1470 402 ῃ
1656 354 1736 399 235

241 468 508 514 describitur
538 483 617 523 per
641 469 762 524 quod
790 469 1031 510 “dicerent
1062 469 1333 517 videntibus,
1362 468 1432 509 Ne
1458 467 1663 517 videatis,
1692 474 1738 508 et

240 533 459 574 visionem
500 532 785 581 habentibus,
825 532 895 573 Ne
931 532 1124 573 videatis
1164 533 1292 572 nobis
1330 530 1468 580 recta,
1507 531 1740 585 loquimini

240 595 498 645 blanditias,
525 596 678 638 videte
709 595 952 644 illusiones,
981 595 1181 636 recedite
1212 609 1238 636 a
1263 594 1384 646 via;''
1415 595 1536 648 quod
1562 596 1623 635 ita
1656 593 1738 635 fal-

239 660 300 699 sis
331 673 379 699 se
410 660 709 701 immerserint
741 665 790 700 ut
822 658 930 699 nihil
956 659 1049 699 veri
1079 659 1342 706 interesset,
1362 658 1630 699 describitur
1661 671 1739 711 per

241 720 518 763 “fracturam
537 723 646 764 utris
663 722 915 776 figulorum,
934 728 982 762 ut
1007 735 1098 762 non
1120 722 1395 762 inveniretur
1412 722 1456 761 in
1478 721 1738 774 fragmento

239 791 362 826 testa
393 786 450 826 ad
475 786 786 840 accipiendum
818 786 970 839 ignem
1002 785 1060 826 de
1090 785 1205 833 foco,
1239 791 1316 825 aut
1349 784 1406 825 ad
1439 783 1737 825 hauriendum

236 862 378 902 aquas
404 863 429 889 e
460 848 628 897 fovea‚”
654 863 733 902 per
763 863 879 903 quae
905 848 1184 902 significatur
1210 848 1330 908 quood
1363 860 1454 888 non
1481 853 1738 901 superesset

239 918 419 953 tantum
436 913 528 953 veri
546 919 594 953 ut
611 914 901 966 appercipere
922 918 1108 966 possent
1126 910 1310 965 aliquod
1333 911 1502 951 bonurn
1520 917 1566 951 et
1583 923 1738 951 verum

239 989 298 1016 ex
321 975 477 1016 Verbo
495 975 528 1026 ;’'
562 978 587 996 “
606 976 722 1028 ignis
740 975 759 991 ’'
781 976 900 1016 enim
923 975 1147 1028 significat
1170 975 1336 1016 bonum
1360 980 1406 1014 et
1427 978 1451 994 ‘⁴
1465 973 1638 1027 aquae'’
1660 987 1737 1013 ve-

239 1052 349 1087 rum,
375 1039 537 1080 “focus
550 1039 569 1054 ”
592 1039 792 1080 Verbum
817 1039 964 1092 quoad
992 1040 1173 1087 bonum,
1199 1038 1366 1079 “fovea
1391 1044 1437 1078 et
1464 1036 1593 1077 fons'‘
1621 1036 1738 1077 Ver-

239 1104 344 1143 bum
371 1102 518 1156 quoad
545 1116 715 1143 verum.
778 1102 915 1156 Apud
942 1102 1205 1150 Jeremiam,

308 1195 330 1207 ‘¹
344 1190 490 1223 Factum
505 1198 559 1223 est
572 1193 720 1223 verbum
733 1192 778 1222 ad
789 1191 981 1233 Jererniam
997 1203 1020 1223 :.
1036 1217 1042 1222 .
1057 1216 1064 1222 .
1079 1216 1086 1222 .
1096 1191 1207 1230 Surge
1221 1196 1256 1221 et
1269 1189 1446 1221 descende
1460 1190 1607 1220 domum
1626 1189 1736 1229 figuli.

418 1261 426 1268 .
441 1261 448 1268 .
462 1261 470 1267 .
485 1235 681 1267 .Descendi
704 1236 823 1276 itaque
840 1235 986 1266 domum
1013 1235 1120 1275 figuli,
1141 1244 1220 1265 cum
1238 1243 1321 1265 ecce
1346 1233 1405 1264 ille
1423 1233 1507 1264 fecit
1524 1243 1614 1273 opus
1632 1242 1739 1273 super

415 1280 556 1315 tabula:
585 1279 648 1311 sed
672 1285 875 1319 corruptum
901 1285 956 1310 est
979 1288 1042 1309 vas
1067 1278 1160 1319 quod
1184 1277 1243 1308 ille
1268 1277 1440 1308 faciensz.
1457 1301 1463 1307 .
1478 1301 1484 1307 .
1501 1284 1550 1307 .et
1575 1286 1739 1307 reversus

413 1330 467 1354 est
491 1330 526 1354 et
550 1323 633 1354 fecit
657 1323 743 1354 illud
767 1333 831 1354 vas
855 1323 962 1359 aliud,
989 1321 1288 1363 quemadmodum
1316 1320 1449 1351 seclum
1476 1320 1541 1351 suit
1566 1321 1601 1350 in
1627 1321 1739 1351 oculis

414 1367 510 1407 figuli
527 1367 643 1398 facere
656 1366 673 1378 '¹
691 1367 802 1403 (xviii.
825 1368 899 1404 1-4)
914 1377 920 1401 ;

238 1464 315 1503 per
346 1450 458 1491 haec
490 1450 628 1491 etiam
665 1449 935 1503 intelligitur
966 1449 1087 1503 quod
1124 1449 1242 1502 apud
1280 1455 1468 1504 gentem
1503 1448 1738 1500 Judaicam

238 1527 328 1554 non
369 1519 489 1554 esset
530 1514 613 1554 nisi
653 1527 787 1567 quam
824 1513 1012 1563 falsum;
1062 1518 1180 1553 “vas
1222 1519 1482 1565 corruptum
1521 1512 1564 1551 in
1601 1511 1738 1551 domo

237 1576 361 1630 figuli
373 1576 392 1592 ”
414 1583 484 1618 est
506 1576 550 1617 id
573 1576 733 1617 falsum
752 1591 761 1627 ;
796 1577 996 1617 “domus
1021 1575 1176 1641 figulis
1199 1582 1268 1616 est
1296 1576 1367 1615 ubi
1386 1575 1449 1615 illi
1468 1589 1476 1624 ;
1510 1574 1630 1628 quod
1652 1574 1738 1615 illis

237 1641 484 1682 auferretur
510 1653 665 1681 verum
691 1640 924 1688 ecclesiae,
953 1646 999 1681 et
1022 1640 1206 1680 daretur
1228 1639 1339 1687 aliis,
1364 1638 1636 1692 intelligitur
1658 1652 1737 1692 per

171 1737 176 1742 .
237 1704 361 1758 quod
389 1708 630 1745 “reversus
656 1703 818 1757 figulus
850 1704 1004 1744 fecerit
1036 1703 1146 1744 illud
1173 1717 1253 1743 vas
1284 1702 1405 1743 aliud
1437 1702 1735 1756 quemadmo-

237 1768 345 1808 dum
371 1765 543 1808 rectum
568 1767 648 1808 fuit
675 1768 718 1808 in
746 1767 886 1808 oculis
913 1766 1043 1820 ejus.''
1103 1766 1243 1820 Apud
1270 1766 1481 1814 eundern,-

305 1858 328 1872 “
340 1857 438 1889 Dixit
453 1856 628 1899 Jehovah,
651 1857 777 1888 Eundo
794 1867 874 1888 eme
891 1857 1058 1897 lagenam
1076 1856 1173 1896 figuli
1191 1862 1305 1887 testae
1319 1856 1363 1887 de
1380 1855 1582 1886 senioribus
1600 1855 1734 1895 populi,

410 1907 446 1933 et
461 1901 506 1933 de
522 1901 724 1933 senioribus
741 1901 978 1938 sacerdotum,
998 1906 1033 1932 et
1049 1900 1106 1931 exi
1131 1900 1176 1931 ad
1193 1900 1322 1931 vallem
1342 1899 1405 1930 filii
1431 1899 1627 1930 Hinnomis
1641 1909 1664 1934 ;.
1679 1924 1686 1930 .
1700 1924 1708 1931 .
1723 1924 1731 1931 .

410 1951 494 1976 tunc
509 1945 655 1985 franges
671 1945 838 1985 lagenam
855 1954 976 1976 coram
993 1944 1106 1975 oculis
1123 1943 1284 1975 euntium
1301 1950 1430 1981 tecum,
1447 1949 1482 1974 et
1498 1943 1607 1980 dices,
1626 1942 1737 1974 Fran-

409 1998 492 2030 gam
517 1988 687 2030 populum
712 1989 817 2026 hunc,
837 1994 872 2020 et
895 1989 1020 2020 urbem
1043 1988 1147 2024 hanc,
1167 1987 1258 2019 sicut
1274 1987 1407 2027 frangit
1423 1997 1488 2018 vas
1512 1986 1620 2027 figuli,
1641 1987 1736 2028 quod

410 2042 484 2064 non
500 2038 618 2073 potest
635 2032 791 2073 reparari
815 2032 990 2072 amplius;
1014 2038 1051 2063 et
1074 2032 1110 2062 in
1128 2031 1294 2071 Topheth
1311 2030 1497 2071 sepelient,
1517 2040 1562 2062 ex
1578 2040 1621 2062 eo
1639 2031 1734 2071 quod

411 2086 484 2108 non
501 2076 600 2108 locus
617 2076 770 2117 amplius
786 2076 832 2108 ad
848 2076 1095 2117 sepeliendum
1106 2074 1124 2087 ''
1141 2075 1227 2115 (xix.
1247 2083 1275 2113 1,
1291 2083 1322 2113 2,
1339 2083 1390 2113 10,
1407 2074 1480 2114 11);

237 2166 472 2221 “lagena’'
510 2181 588 2208 seu
625 2181 704 2208 vas
742 2166 905 2220 “figuli
943 2172 1092 2207 testae
1129 2165 1186 2206 de
1223 2165 1471 2206 senioribus
1498 2156 1650 2219 populi
1689 2171 1735 2206 et

236 2230 563 2279 sacerdotum‚'’
586 2237 656 2271 est
678 2244 854 2284 quoque
877 2230 947 2270 hic
970 2229 1130 2270 falsum
1157 2230 1200 2269 in
1228 2243 1316 2282 quo
1343 2235 1471 2269 erant
1495 2242 1652 2269 omnes
1675 2242 1734 2269 ex

236 2293 314 2334 illa
338 2300 504 2347 gente3
537 2294 656 2348 quod
690 2293 734 2334 id
765 2293 926 2334 falsum
949 2300 1071 2334 esset
1104 2299 1284 2333 tantum
1318 2298 1366 2333 ut
1399 2305 1488 2332 non
1521 2305 1599 2344 per
1630 2305 1736 2332 vera

237 2362 392 2410 posset
414 2356 624 2410 dispergi,
648 2356 915 2397 describitur
937 2370 1015 2410 per
1037 2356 1158 2410 quod
1184 2355 1406 2408 “fregerit
1425 2369 1503 2395 vas
1522 2355 1631 2395 illud
1656 2369 1734 2395 co-

236 2433 331 2460 ram
355 2419 495 2468 oculis
527 2420 730 2460 euntium
752 2433 920 2467 secum,
944 2426 993 2460 ut
1025 2433 1116 2460 non
1149 2425 1304 2472 posset
1337 2419 1531 2472 reparari
1548 2418 1582 2468 ;''
1613 2418 1734 2472 quod

238 2482 520 2536 “sepelirent
538 2483 582 2522 in
601 2482 828 2536 Topheth‚
848 2483 950 2536 quia
967 2482 1072 2523 alibi
1091 2496 1180 2523 non
1199 2482 1324 2523 locus
1346 2481 1576 2535 ampliuS‚’'
1594 2482 1734 2535 signi-

236 2545 341 2586 ficat
364 2545 438 2586 ubi
470 2546 620 2586 omnia
641 2559 747 2587 vera
772 2552 818 2587 et
850 2546 970 2587 bona
1001 2552 1272 2599 consumpta
1294 2552 1412 2586 sunt.
1474 2545 1612 2599 Apud
1635 2545 1734 2586 Na-

236 2609 355 2658 lcum,

306 2699 462 2741 “Aquas
479 2699 609 2731 obsidii
625 2699 727 2731 hauri
744 2700 819 2737 tibi,
840 2699 1013 2731 confirma
1029 2700 1255 2732 munimenta
1272 2707 1343 2738 tua,
1365 2700 1460 2732 intra
1477 2701 1512 2732 in
1531 2711 1680 2732 caenum
1699 2706 1735 2732 et

411 2743 510 2775 calca
525 2743 649 2781 lutum,
669 2753 796 2784 repara
810 2743 994 2775 fornacem
1012 2744 1225 2783 lateritiam;
1251 2744 1299 2776 ibi
1316 2745 1480 2776 comedet
1498 2751 1531 2776 te
1550 2744 1654 2785 ignis,
1675 2755 1736 2776 ex-

411 2787 550 2819 scindet
566 2793 600 2819 te
617 2787 757 2828 gladius
767 2785 786 2799 ”
802 2787 864 2828 (iii.
883 2796 934 2827 14.
951 2788 1025 2828 15);

237 2873 450 2914 “haurire
472 2883 610 2927 aquas
636 2873 809 2922 obsidii,
833 2880 879 2914 et
906 2873 1170 2915 confirmare
1197 2874 1516 2923 munimenta,’'
1539 2881 1608 2916 est
1636 2888 1733 2915 mu-

236 2936 329 2977 nire
350 2936 462 2976 falsa
483 2937 616 2977 variis
639 2942 799 2977 contra
820 2951 951 2988 vera;
980 2938 1183 2979 “intrare
1206 2939 1249 2978 in
1273 2952 1462 2979 caenum
1484 2945 1531 2979 et
1557 2937 1733 2979 calcare

237 2998 420 3049 lutum,”
442 3006 511 3041 est
535 2999 799 3041 confirmare
820 3000 932 3041 falsa
954 3015 1032 3055 per
1050 3000 1270 3055 figmenta
1292 3008 1338 3043 et
1360 3000 1560 3042 fallacias
1579 3015 1588 3051 ;
1620 3000 1731 3042 doc-
