2060 3476
351 347 434 391 520
762 343 1093 379 APOCALYPSIS
1124 341 1424 376 EXPLICATA.

347 459 489 500 mabit
506 458 540 511 ;''
571 458 692 512 quod
718 471 808 499 non
835 464 982 499 terrae
1008 455 1246 498 columnae
1272 453 1518 500 firmentur,
1543 455 1698 504 patet:
1731 449 1834 502 quia

346 522 616 563 restauratio
652 520 870 562 ecclesiae
910 520 982 561 hic
1024 518 1304 566 describitur,
1343 516 1445 557 ideo
1481 514 1644 554 dicitur
1682 511 1834 553 “Cum

346 584 687 638 apprehendero
705 590 884 637 tempus
903 589 1090 631 statum,
1109 581 1212 634 Ego
1229 577 1572 621 reffitudinibus
1585 572 1835 629 judicab0.”

346 647 469 688 Vera
490 647 722 696 ecclesiae,
739 660 853 700 quae
871 646 942 687 hic
960 650 1183 686 vocantur
1199 646 1224 664 ‘⁴
1236 642 1476 684 columnae
1495 638 1681 687 terrae,’'
1695 638 1834 679 etiam

345 716 567 752 vocantur
601 710 771 751 “bases
812 708 1000 758 terrae,'’
1037 719 1052 748 1
1089 706 1210 748 Sam.
1242 706 1284 747 ii.
1319 706 1370 756 8;
1415 709 1462 745 et
1502 701 1836 743 “fundamenta

346 773 527 815 terrae''
553 773 671 827 apud
699 771 903 821 Esaiam,

413 871 436 885 ‘⁴
447 869 581 901 Annon
592 868 793 909 intelligitis
806 867 1039 899 fundamenta
1050 866 1187 898 terrae?
1218 864 1288 906 Qui
1301 863 1438 895 habitat
1448 871 1554 903 super
1563 860 1695 893 circulo
1706 842 1832 896 tdrrae,

524 937 532 945 .
545 937 554 946 .
567 937 576 946 .
589 912 663 954 .qui
677 913 737 943 dat
753 911 929 952 principes
943 911 979 942 in
994 910 1153 947 nihilum,
1170 913 1206 940 et
1221 907 1356 949 judices
1369 913 1485 939 terrae
1498 906 1588 938 sicut
1601 905 1707 937 inane
1720 903 1807 936 facit
1816 901 1836 915 ¹'

518 956 579 996 (xl.
594 964 645 994 21,
664 953 752 998 [22‚]
772 955 848 995 23);

345 1066 423 1106 per
451 1049 743 1105 “principes‘'
770 1050 842 1103 qui
874 1049 1103 1089 dabuntur
1133 1048 1177 1088 in
1210 1045 1411 1095 nihilum,
1445 1051 1491 1086 et
1524 1058 1602 1098 per
1629 1042 1836 1096 “judices

345 1122 492 1156 terrae
505 1114 524 1129 ”
552 1127 663 1167 quos
697 1114 812 1153 sicut
844 1113 976 1152 inane
1008 1111 1155 1158 faciet,
1184 1108 1494 1163 significantur
1523 1107 1601 1148 illa
1631 1119 1745 1160 quae
1777 1119 1836 1146 ex

345 1178 523 1231 propria
556 1175 862 1229 intelligentia
898 1180 945 1217 et
986 1188 1045 1215 ex
1086 1173 1268 1227 proprio
1302 1171 1469 1226 judicio
1492 1176 1623 1229 sunt.
1698 1168 1836 1222 Apud

345 1240 604 1289 Jeremiam,

414 1337 436 1351 ‘⁴
447 1335 555 1368 Venit
570 1335 742 1367 turnultus
756 1343 867 1374 usque
883 1333 928 1365 ad
944 1333 1052 1365 finem
1066 1339 1180 1364 terrae
1194 1342 1218 1364 :.
1233 1356 1240 1364 .
1254 1356 1262 1364 .
1275 1331 1341 1364 .sic
1354 1331 1442 1362 dixit
1454 1329 1616 1372 Jehovah
1631 1326 1834 1371 [Zebaoth],

520 1379 609 1411 Ecce
623 1378 754 1410 malum
768 1378 876 1409 exibit
889 1387 911 1408 a
922 1383 1028 1418 gente
1042 1375 1087 1408 ad
1098 1381 1254 1416 gentem,
1268 1380 1303 1406 et
1316 1374 1471 1415 procella
1484 1383 1615 1413 magna
1627 1372 1838 1404 excitabitur

517 1433 540 1454 a
555 1422 722 1454 lateribus
736 1427 860 1458 terrae,
877 1426 912 1452 et
928 1426 1031 1452 erunt
1047 1419 1206 1451 confossi
1223 1418 1381 1461 Jehovae
1398 1418 1434 1449 in
1448 1418 1504 1449 die
1521 1417 1582 1448 illo
1599 1426 1620 1448 a
1635 1416 1706 1448 fine
1720 1422 1837 1448 terrae

518 1475 630 1507 usque
648 1465 693 1497 ad
710 1465 817 1496 finem
834 1463 912 1505 ejus
923 1463 941 1476 ”
958 1463 1054 1504 (xxv.
1069 1463 1209 1503 31—33);

345 1579 423 1619 per
451 1563 623 1605 “finem
656 1562 835 1604 terrae‘’
861 1568 908 1604 et
940 1575 1018 1616 per
1046 1561 1229 1602 “latera
1257 1558 1435 1619 terrae.”
1461 1557 1740 1612 significatur
1765 1557 1839 1600 ubi

346 1627 506 1669 ultima
537 1626 758 1668 ecclesiae
791 1631 910 1674 sunt,
943 1638 995 1666 ac
1022 1624 1095 1665 ubi
1127 1623 1246 1665 mala
1277 1629 1323 1665 et
1360 1621 1472 1664 falsa
1503 1621 1748 1676 incipiunt;
1791 1626 1838 1662 et

345 1705 424 1745 per
466 1694 536 1731 “a
577 1689 663 1730 fine
705 1695 852 1729 terrae
892 1688 949 1729 ad
994 1687 1128 1728 finem
1170 1686 1262 1740 ejus
1280 1686 1300 1702 ''
1339 1684 1648 1740 significantur
1688 1685 1840 1726 omnia

345 1753 564 1795 ecclesiae
582 1767 592 1804 ;
624 1751 728 1793 inde
752 1751 852 1792 sciri
878 1757 1033 1805 potest
1055 1751 1160 1805 quid
1183 1749 1460 1804 significatur
1482 1762 1560 1802 per
1582 1747 1702 1802 quod
1727 1750 1838 1789 “tu-

347 1816 515 1858 multus
540 1816 694 1856 veniat
725 1814 782 1855 ad
813 1813 948 1855 finem
975 1813 1162 1862 terrae,'’
1188 1819 1235 1855 et
1261 1812 1381 1867 quod
1410 1810 1647 1866 “procella
1673 1823 1841 1864 magna

347 1879 624 1921 excitabitur
645 1892 671 1919 a
694 1876 910 1919 lateribus
933 1876 1120 1926 terrae‚”
1138 1883 1185 1918 et
1209 1890 1287 1930 per
1308 1875 1428 1930 quod
1449 1874 1680 1916 “confossi
1700 1873 1839 1928 Jeho-

346 1954 431 1981 vae
448 1941 493 1980 in
511 1940 583 1980 die
601 1939 681 1980 illo
703 1943 836 1980 erunt
860 1951 886 1978 a
903 1937 990 1979 fine
1012 1944 1161 1979 terrae
1183 1937 1241 1978 ad
1262 1936 1398 1978 finem
1420 1935 1513 1989 ejus
1531 1935 1566 1987 ;''
1591 1949 1671 1989 per
1690 1939 1839 1977 “con-

346 2003 493 2044 fossos
507 2002 526 2017 ”
549 2001 862 2055 significantur
886 2000 951 2041 illi
975 2000 1095 2054 apud
1128 2014 1241 2054 quos
1265 2013 1373 2040 vera
1398 2005 1445 2040 et
1470 1998 1591 2039 bona
1616 1997 1840 2039 ecclesiae

346 2064 580 2107 exstinsta
606 2071 711 2105 sunt
737 2075 897 2114 (videatur
911 2084 942 2105 n.
955 2074 1064 2113 4503).

433 2134 525 2189 [d.]
574 2135 713 2190 Apud
738 2135 942 2185 Esaiam,

415 2231 625 2263 “Viderunt
648 2231 797 2268 insulae,
822 2231 1026 2268 timuerunt,
1054 2229 1141 2261 fines
1166 2235 1280 2261 terrae
1304 2228 1534 2269 trepidarunt,
1558 2234 1784 2260 accesserunt
1807 2235 1843 2260 et

523 2280 942 2314 venerunt;....ponam
971 2274 1151 2305 desertum
1181 2273 1215 2304 in
1244 2278 1410 2313 stagnum
1438 2281 1620 2313 aquarum,
1649 2277 1684 2304 et
1711 2278 1842 2304 terram

522 2318 652 2350 siccam
670 2317 705 2349 in
723 2317 973 2358 scaturiginem
991 2326 1164 2358 aquarum
1176 2316 1193 2328 ''
1210 2316 1284 2357 (xli.
1302 2323 1331 2355 5,
1348 2315 1422 2356 18);

347 2416 617 2457 instauratio
632 2415 850 2456 ecclesiae
867 2415 986 2469 apud
1004 2420 1167 2468 gentes
1185 2415 1248 2455 ita
1263 2414 1531 2455 describitur
1547 2427 1556 2465 3
1583 2413 1687 2454 illae
1702 2413 1842 2467 signi·

347 2479 538 2520 ficantur
560 2492 638 2532 per
658 2477 863 2518 “insulas
877 2477 895 2492 ’'
919 2484 966 2519 et
989 2491 1067 2531 per
1087 2476 1235 2518 “fines
1257 2476 1445 2525 terrae,'’
1465 2475 1675 2518 “insulae
1687 2475 1706 2492 ’'
1723 2477 1841 2518 enim

347 2548 395 2583 et
436 2541 584 2582 “fines
625 2547 772 2582 terrae
785 2540 804 2556 ''
841 2541 884 2580 in
924 2540 1079 2580 Verbo
1119 2539 1376 2593 significant
1411 2539 1514 2580 illos
1551 2539 1624 2593 qui
1664 2538 1843 2592 longius

348 2605 524 2645 distant
547 2618 573 2644 a
597 2605 714 2644 veris
739 2610 785 2644 et
808 2603 937 2644 bonis
960 2602 1193 2651 ecclesiae,
1213 2603 1315 2656 quia
1337 2615 1427 2642 non
1449 2602 1620 2643 habent
1640 2601 1842 2644 Verbum

347 2674 393 2709 et
413 2667 517 2709 inde
535 2668 580 2708 in
602 2667 861 2720 ignorantia
880 2672 984 2707 sunt
1002 2679 1011 2716 ;
1039 2665 1158 2719 quod
1178 2664 1368 2706 ecclesia
1386 2664 1708 2705 instaurabitur
1723 2664 1843 2718 apud

347 2731 465 2779 illos,
480 2729 758 2783 significatur
772 2743 850 2782 per
864 2729 1064 2769 “Ponam
1079 2728 1308 2769 desertum
1323 2728 1367 2768 in
1382 2734 1596 2781 stagnum
1609 2740 1840 2781 aquarum,

347 2800 393 2835 et
420 2800 591 2834 terram
622 2792 787 2832 siccam
819 2792 862 2832 in
895 2791 1217 2844 scaturiginem
1243 2803 1457 2844 aquarum
1475 2790 1509 2841 ;”
1544 2789 1843 2831 “desertum”

347 2857 510 2898 dicitur
543 2856 617 2897 ubi
653 2855 853 2896 nondum
889 2855 1057 2895 bonum
1089 2854 1192 2907 quia
1227 2853 1428 2894 nondum
1458 2866 1628 2902 verum,
1662 2866 1722 2894 ex
1753 2866 1842 2909 quo

348 2920 485 2960 etiam
503 2924 692 2960 vocatur
712 2921 870 2958 “terra
891 2918 1009 2958 sicca
1027 2916 1061 2967 ;”
1096 2920 1348 2970 “stagnum
1370 2928 1585 2970 aquarum
1597 2915 1616 2931 ”
1634 2921 1680 2957 et
1702 2918 1840 2956 “sca-

351 2983 498 3036 turigo
520 2980 766 3036 aqua,rum‘’
784 2979 1042 3034 significant
1065 2979 1233 3021 bonum
1252 2979 1354 3034 quia
1375 2990 1543 3029 verum,
1564 2990 1697 3020 omne
1719 2977 1838 3019 enim
