2060 3476
323 340 401 395 368
732 349 1065 384 APOCALYPSIS
1096 351 1396 384 EXPLICATA.
1436 366 1438 369 >

319 477 345 504 a
375 468 503 517 parte
526 462 617 517 ejus
639 469 709 505 est
734 465 947 518 receptio,
971 470 1300 518 consequenter
1321 478 1403 506 nec
1430 462 1685 517 conjunctio
1707 477 1807 507 cum

320 525 530 566 Domino.
603 525 804 580 Quisque
834 527 919 568 scit
950 527 1069 580 quod
1110 527 1330 568 Dominus
1361 526 1528 579 jugiter
1558 527 1676 569 adsit
1706 541 1807 569 cum

319 587 440 627 bono
471 600 522 628 ac
549 587 659 628 velit
691 594 739 629 ut
770 589 1022 642 recipiatur,
1050 589 1130 630 sed
1162 589 1234 629 ubi
1263 589 1414 629 omnia
1443 588 1566 629 frena
1597 588 1809 631 laxantur

320 649 686 701 cogitationibus,
705 650 825 703 quod
843 664 933 691 non
952 651 1095 704 possit
1111 650 1291 691 influere
1307 664 1316 701 ;
1340 656 1387 691 at
1404 650 1462 691 ibi
1480 650 1623 691 solum
1642 652 1714 692 ubi
1731 665 1807 693 co-

320 711 565 763 gitationes
591 718 637 752 et
662 712 951 762 intentiones,
977 726 1090 766 quae
1116 719 1220 753 sunt
1245 713 1651 766 concupiscentiae,
1675 713 1806 755 refre-

321 779 484 814 nantur
515 787 594 827 per
623 788 728 815 vera
759 788 819 815 ex
851 774 1018 815 Verbo.
1082 773 1216 827 Quod
1249 774 1468 815 Dominus
1494 774 1660 828 jugiter
1690 775 1808 817 adsit

321 847 421 875 cum
453 835 574 876 bono
598 842 644 877 et
670 836 779 877 velit
812 837 961 890 recipi,
989 837 1126 877 docet
1159 837 1261 890 Ipse
1286 837 1330 877 in
1362 837 1650 890 sequentibus
1682 837 1808 890 hujus

321 897 494 950 capitis,
530 898 603 946 ubi
636 899 758 948 dicit,
796 899 955 939 “Ecce
989 905 1060 939 sto
1093 898 1149 939 ad
1183 899 1347 939 ostium
1381 905 1426 939 et
1453 898 1608 952 pulso;
1652 900 1687 940 si
1712 900 1809 953 quis

321 959 540 1000 audiverit
576 974 735 1001 vocem
777 974 938 1009 meam,
971 966 1017 1001 et
1058 961 1282 1014 aperuerit
1322 961 1500 1010 ostium,
1533 961 1711 1002 intrabo
1751 962 1808 1003 ad

321 1021 461 1070 illum,
482 1029 527 1063 et
551 1023 723 1063 cenabo
746 1036 846 1063 cum
869 1022 960 1071 illo,
980 1029 1025 1063 et
1047 1022 1122 1064 ille
1145 1023 1325 1063 Mecum
1338 1022 1357 1038 ”
1377 1021 1509 1076 (vers.
1528 1023 1601 1077 20)
1620 1037 1629 1074 ;
1664 1027 1807 1077 “ape-

324 1085 408 1125 rire
435 1081 629 1124 ostium''
655 1091 726 1126 est
758 1085 961 1137 receptio
991 1098 1016 1125 a
1038 1091 1166 1138 parte
1188 1084 1394 1134 hominis,
1414 1091 1462 1126 ut
1485 1085 1620 1126 modo
1642 1084 1808 1126 dictum

323 1152 406 1186 est.
479 1146 605 1186 Idem
641 1146 778 1187 etiam
829 1146 1050 1187 Dominus
1088 1146 1224 1189 docet
1268 1146 1372 1188 alibi
1415 1147 1459 1187 in
1501 1146 1655 1188 Verbo
1672 1147 1808 1189 :—Ut

323 1207 440 1261 apud
466 1207 747 1258 Jolzannem,

392 1298 414 1311 ⁴⁴
425 1296 494 1338 Qui
507 1303 604 1329 amat
622 1297 692 1334 Me,
709 1299 818 1330 verba
831 1308 911 1330 mea
926 1299 1056 1336 servat,
1072 1304 1107 1331 et
1125 1298 1231 1330 Pater
1243 1308 1344 1330 meus
1357 1299 1490 1330 amabit
1507 1308 1599 1337 eum,
1616 1304 1651 1330 et
1667 1299 1711 1330 ad
1727 1308 1807 1330 eum

497 1342 694 1380 veniemus,
714 1348 750 1374 et
773 1343 998 1374 mansionem
1016 1342 1109 1383 apud
1126 1352 1206 1374 eum
1224 1342 1416 1375 faciemus:
1443 1343 1501 1384 qui
1525 1352 1598 1374 non
1615 1348 1711 1374 amat
1736 1341 1806 1380 Me,

497 1386 606 1416 verba
622 1395 702 1416 mea
719 1395 791 1417 non
809 1385 956 1417 servat”
973 1385 1058 1426 (xiv.
1073 1394 1124 1425 23,
1140 1385 1214 1426 24):

323 1461 441 1515 apud
465 1461 757 1511 Matthaeum,

392 1535 413 1548 ‘⁴
426 1534 494 1576 Qui
512 1535 547 1566 in
565 1541 695 1566 terram
712 1535 844 1566 bonam
862 1535 1067 1566 seminatus·
1075 1541 1140 1573 est,
1156 1535 1212 1566 hic
1228 1540 1282 1566 est
1299 1535 1357 1576 qui
1370 1535 1526 1567 Verbum
1543 1535 1641 1566 audit
1657 1541 1692 1566 et
1709 1535 1796 1567 intel

497 1578 586 1619 ligit,
607 1579 665 1620 qui
682 1577 836 1610 fructum
853 1578 921 1610 fert
939 1585 973 1610 et
990 1578 1101 1610 facit’'
1118 1579 1203 1618 (xiii.
1219 1578 1273 1618 23)
1287 1589 1293 1610 :

322 1655 439 1708 apud
466 1654 686 1705 Marcum,

391 1730 412 1742 “
426 1727 474 1759 Hi
491 1735 575 1760 sunt
591 1729 650 1770 qui
667 1729 702 1760 in
721 1735 851 1761 terram
869 1730 1000 1760 bonam
1015 1729 1181 1760 seminati
1198 1734 1292 1767 sunt,
1306 1728 1363 1770 qui
1380 1728 1528 1760 audiunt
1538 1727 1694 1759 Verbum
1711 1733 1747 1759 et
1762 1738 1810 1758 re-

493 1772 638 1814 czpz'unt,
659 1779 693 1804 et
709 1771 865 1804 fructum
883 1772 1030 1804 ferunt''
1048 1772 1107 1812 (iv.
1124 1772 1188 1813 20).

322 1858 439 1912 Quia
474 1861 674 1914 receptio
711 1861 768 1902 ab
804 1861 984 1902 homine
1022 1867 1105 1909 est,
1133 1874 1247 1914 quae
1284 1859 1515 1913 conjungit
1552 1859 1676 1900 illum
1708 1872 1807 1900 cum

320 1921 532 1971 Domino,
556 1930 602 1963 et
634 1924 694 1964 sic
721 1923 826 1964 facit
858 1923 982 1964 illum
1009 1923 1299 1976 spiritualem,
1328 1923 1429 1963 ideo
1456 1935 1555 1963 cum
1588 1921 1808 1963 Dominus

320 1983 397 2026 illa
422 1985 552 2034 dixit,
580 1985 791 2026 clamavit
818 1986 986 2034 dicens,

390 2074 412 2087 ‘⁴
424 2050 741 2157 ΩΠῙίιᾷὒεῐηᾶ-υὲῗς
758 2074 803 2106 ad
827 2074 1041 2106 audiendum
1059 2074 1179 2106 audiat
1191 2073 1209 2086 ”
1227 2073 1369 2114 (Matth.
1384 2073 1455 2105 xiii.
1471 2083 1491 2114 9
1505 2082 1512 2111 ;
1543 2073 1656 2105 Marc.
1670 2070 1750 2105 [¹Jiv.
1767 2082 1787 2113 9
1801 2082 1808 2111 ;

527 2127 579 2149 uc.
593 2127 666 2149 vlu.
718 2143 725 2149 .
1031 2135 1033 2137 '

407 2203 491 2259 [b.]
537 2204 670 2258 Quod
705 2205 896 2246 “caeci''
927 2205 1181 2259 significent
1213 2205 1314 2246 illos
1346 2205 1418 2259 qui
1450 2206 1492 2246 in
1526 2204 1648 2246 nullo
1674 2204 1807 2245 intel-

320 2265 439 2308 lectu
475 2269 568 2308 veri
610 2274 729 2318 sunt,
770 2274 817 2310 et
854 2269 974 2322 quod
1013 2268 1189 2308 “nudi''
1226 2267 1479 2321 significent
1516 2267 1617 2308 illos
1658 2268 1730 2321 qui
1764 2267 1807 2307 in

306 2328 444 2371 'nullo
480 2329 715 2371 intellectu
755 2331 860 2371 boni
898 2337 1016 2380 sunt,
1050 2331 1151 2384 quia
1187 2331 1230 2370 in
1268 2330 1392 2370 nulla
1429 2329 1664 2371 voluntate
1701 2329 1806 2382 ejus,

318 2398 501 2433 constat
527 2406 586 2433 ex
609 2392 806 2446 pluribus
832 2392 942 2433 locis
969 2393 1012 2433 in
1035 2392 1203 2441 Verbo,
1227 2406 1341 2446 quae
1367 2393 1411 2432 in
1438 2392 1632 2433 medium
1655 2391 1807 2432 afferre

317 2453 435 2503 vo10‚
460 2455 597 2495 etiam
625 2455 682 2496 ob
708 2468 887 2495 causam
911 2461 958 2496 ut
984 2456 1149 2495 sciatur
1171 2454 1291 2508 quod
1314 2454 1516 2495 Verbum
1539 2455 1582 2494 in
1609 2458 1689 2494 suo
1710 2454 1808 2494 sinu

317 2518 375 2558 sit
407 2517 650 2570 spirituale,
678 2524 725 2558 at
756 2518 800 2558 in
834 2517 984 2559 littera
1015 2518 1247 2568 naturale;
1284 2517 1471 2571 proinde
1502 2517 1621 2571 quod
1653 2530 1807 2557 sensus

317 2580 496 2622 litterae
531 2580 685 2630 Verbi,
725 2582 798 2634 qui
836 2587 906 2622 est
945 2581 1173 2629 naturalis,
1206 2580 1426 2621 recondat
1462 2581 1505 2620 in
1544 2593 1591 2621 se
1628 2592 1806 2620 sensum

316 2643 607 2697 spiritualem.
684 2643 818 2696 Quod
852 2644 1045 2685 “caeci’'
1076 2643 1331 2697 significent
1363 2642 1463 2683 illos
1500 2643 1572 2696 qui
1608 2642 1652 2683 in
1685 2641 1806 2682 nullo

315 2705 551 2748 intellectu
576 2707 667 2747 veri
700 2713 818 2756 sunt,
847 2713 974 2760 patet
1001 2721 1027 2747 a
1053 2706 1342 2760 sequentibus
1374 2706 1441 2746 his
1473 2704 1806 2758 locisz——Apud

315 2769 518 2818 Esaiam,

384 2861 407 2874 “
419 2859 520 2891 Tunc
537 2859 683 2891 audient
701 2859 737 2890 in
761 2859 818 2890 die
835 2859 897 2890 illo
915 2859 1013 2890 surdi
1031 2859 1141 2890 verba
1157 2858 1247 2896 libri,
1268 2864 1303 2890 et
1326 2868 1346 2890 e
1370 2857 1521 2898 caligine
1538 2866 1626 2898 eque
1649 2856 1804 2888 tenebris

489 2903 581 2934 oculi
598 2912 782 2934 caecorum
802 2903 974 2934 videbunt
985 2902 1002 2914 ”
1020 2901 1129 2942 (xxix.
1146 2901 1218 2941 18);

315 2985 462 3038 agitur
488 2986 545 3026 ibi
576 2985 632 3026 de
663 2986 992 3027 restauratione
1018 2984 1260 3036 ecclesiae;
1294 2990 1339 3026 et
1371 2997 1449 3038 per
1476 2983 1670 3024 “surdos
1684 2982 1703 2998 ”
1729 2984 1803 3037 qui
