2060 3476
282 341 308 373 2
314 331 366 385 56
696 340 1031 375 APOCALYPSIS
1061 342 1361 375 EXPLICATA.

362 453 491 508 185.
530 452 665 494 “Novi
681 457 751 494 tua
771 453 1138 511 opera.†'—Quod
1160 454 1384 507 significet
1401 454 1486 497 illa
1501 468 1614 508 quae
1626 469 1775 497 eorum

283 515 402 556 vitae
422 521 538 565 sunt,
572 521 754 557 constat
785 530 844 556 ex
877 515 1206 569 significatione
1240 515 1503 569 “operum,'’
1533 516 1654 570 quod
1685 518 1775 558 sint

281 578 359 619 illa
381 592 495 632 quae
516 579 638 620 vitae
660 579 853 620 hominis
876 586 994 628 sunt,
1020 586 1114 620 tam
1137 580 1256 620 bona
1282 592 1414 632 quam
1438 579 1569 620 mala.
1630 579 1776 622 Causa

281 642 401 695 quod
427 645 603 695 “opera
614 642 633 658 '’
654 642 910 696 significent
933 642 1009 684 illa
1030 656 1144 696 quae
1166 643 1287 683 vitae
1309 648 1428 691 sunt,
1452 649 1523 683 est
1547 643 1648 696 quia
1670 649 1774 684 sunt

282 703 465 745 effe&us
488 706 624 754 vitae,
649 719 753 747 nam
776 720 802 747 a
823 707 917 747 vita
940 706 1131 759 cujusvis
1154 705 1419 758 procedunt.
1472 704 1517 746 Si
1539 706 1633 746 vita
1654 706 1774 747 bona

280 774 364 815 est,
393 775 497 810 sunt
524 783 662 823 opera
691 769 838 821 bona;
870 771 907 810 si
938 776 1090 811 autem
1115 770 1210 810 vita
1241 767 1361 809 mala
1386 774 1470 817 est,
1498 775 1603 810 sunt
1635 783 1772 822 opera

281 830 412 872 mala.
474 831 599 881 Vita,
623 846 737 886 quae
758 833 803 873 in
822 832 1044 886 operibus,
1069 838 1138 872 est
1163 832 1357 872 intentio
1379 845 1492 884 quae
1517 837 1587 872 est
1613 831 1772 873 volun·

280 895 388 935 tatis
414 901 460 936 et
482 895 586 936 inde
609 896 927 949 cogitationis;
959 902 1006 937 et
1032 895 1143 936 haec
1167 895 1260 936 vita
1281 901 1350 935 est
1373 895 1467 936 vita
1488 896 1668 948 spiritus
1690 896 1772 937 ho·

280 959 425 1007 minis,
454 973 558 1000 nam
585 960 766 1013 spiritus
798 960 841 1000 in
869 959 1050 1000 homine
1077 958 1273 999 intendit
1300 965 1346 999 et
1370 959 1571 1012 cogitat;
1603 959 1772 1013 absque

277 1021 361 1063 hac
388 1023 482 1064 vita
507 1023 550 1063 in
577 1023 783 1077 operibus
808 1023 955 1063 forent
978 1036 1115 1076 opera
1136 1021 1281 1062 solum
1308 1027 1458 1062 motus
1490 1020 1644 1074 quales
1667 1027 1771 1061 sunt

278 1091 576 1127 automatum.
644 1086 755 1127 Inde
796 1092 866 1127 est
908 1085 1029 1139 quod
1071 1085 1299 1139 sapientes
1337 1097 1426 1125 non
1465 1082 1673 1137 spectent
1714 1084 1771 1125 ad

278 1161 428 1201 opera,
456 1149 536 1189 sed
563 1149 619 1189 ad
647 1149 770 1190 illam
796 1149 938 1190 vitam
964 1149 1008 1189 in
1035 1148 1258 1202 operibus,
1283 1160 1445 1200 nempe
1469 1147 1526 1188 ad
1554 1147 1771 1188 intentio-

278 1224 408 1252 nem:
442 1211 527 1253 hoc
554 1212 769 1265 imprimis
795 1212 964 1253 faciunt
990 1210 1141 1265 angeli
1167 1211 1240 1265 qui
1265 1210 1384 1264 apud
1415 1210 1644 1251 hominem
1666 1224 1675 1262 ;
1709 1210 1772 1251 illi

278 1288 368 1315 non
400 1275 557 1316 vident
584 1289 720 1328 opera
752 1275 858 1328 ejus,
887 1275 967 1316 sed
999 1275 1135 1316 modo
1166 1275 1443 1315 intentiones
1468 1274 1632 1315 mentis
1663 1273 1769 1326 ejus,

277 1344 323 1378 et
355 1338 458 1379 inde
490 1338 768 1380 concludunt
800 1339 858 1380 ad
890 1338 1023 1393 quale
1055 1344 1204 1379 status
1234 1337 1443 1379 hominis.
1505 1337 1578 1378 Ex
1612 1338 1771 1391 quibus

277 1407 486 1443 constare
509 1408 663 1455 potest
689 1402 810 1456 quod
837 1416 915 1456 per
939 1406 1113 1455 “opera
1125 1401 1143 1416 '‘
1166 1402 1210 1442 in
1236 1414 1371 1442 sensu
1393 1400 1610 1454 spirituali
1635 1401 1769 1441 intel-

276 1464 442 1518 ligatur
481 1466 600 1516 vita;
647 1472 693 1506 et
734 1466 835 1519 quia
871 1466 966 1506 vita
1004 1465 1196 1506 hominis
1237 1471 1306 1505 est
1342 1465 1478 1512 varia,
1514 1470 1560 1505 et
1601 1464 1770 1517 pendet

276 1529 581 1582 principaliter
611 1530 668 1569 ab
704 1528 797 1582 ejus
833 1542 1000 1582 amore,
1034 1529 1136 1569 ideo
1168 1541 1294 1569 amor
1325 1527 1417 1580 ejus
1454 1541 1532 1581 per
1565 1527 1770 1581 “opera''

275 1592 582 1646 principaliter
604 1591 882 1645 significatur
907 1591 976 1646 (ut
998 1605 1144 1645 supra,
1169 1605 1210 1632 n.
1233 1592 1301 1644 98,
1331 1590 1444 1644 116).
1501 1590 1628 1632 Haec
1652 1604 1768 1632 nunc

275 1668 410 1696 causa
441 1662 526 1704 est,
561 1655 682 1709 quod
715 1656 772 1696 ad
805 1655 1038 1709 Angelum
1071 1654 1262 1708 cujusvis
1294 1654 1528 1695 Ecclesiae
1549 1654 1612 1700 ‚in
1649 1654 1769 1708 prin-

275 1719 390 1772 cipio
417 1719 604 1767 dicatur,
632 1718 789 1760 “Novi
816 1726 892 1759 tua
918 1732 1054 1772 opera
1071 1718 1104 1769 ;’'
1130 1732 1209 1772 per
1231 1718 1350 1771 quod
1376 1718 1478 1758 ideo
1504 1717 1772 1771 intelligitur

274 1783 394 1837 quod
419 1783 640 1824 Dominus
663 1784 839 1825 noverit
862 1796 1044 1824 omnem
1067 1783 1209 1824 vitam
1234 1782 1443 1833 hominis,
1465 1788 1512 1824 et
1533 1781 1677 1836 qualis
1698 1789 1769 1824 est

274 1847 423 1900 quoad
450 1859 664 1888 amorem.

355 1914 569 1969 186[a].
602 1914 746 1960 “Quod
761 1927 904 1956 nomen
923 1914 1080 1956 habeas
1100 1914 1207 1967 quod
1226 1913 1346 1961 vivas,
1363 1917 1408 1954 ot
1422 1917 1607 1955 mortuus
1627 1914 1770 1954 0³3¹-

274 1975 408 2030 Quod
434 1976 658 2030 significet
676 1976 806 2030 quale
824 1976 1116 2029 cogitationis,
1140 1976 1260 2029 quod
1269 1981 1428 2028 putent
1447 1989 1495 2016 se
1514 1975 1639 2016 vivos
1660 1989 1766 2025 esse,

273 2040 378 2093 quia
404 2040 616 2081 moralem
641 2047 782 2093 agunt
803 2040 957 2088 vitam,
980 2053 1075 2080 cum
1100 2045 1246 2080 tamen
1267 2037 1434 2079 mortui
1450 2046 1566 2087 sunt,
1585 2045 1768 2099 constat

273 2116 332 2144 ex
355 2102 683 2156 significatione
710 2102 980 2151 “nominis,”
1002 2102 1122 2156 quod
1153 2103 1211 2142 sit
1243 2101 1375 2155 quale
1397 2107 1544 2142 status
1574 2100 1650 2155 (de
1681 2116 1769 2156 qua

272 2179 419 2219 supra,
448 2179 489 2206 n.
522 2164 647 2219 148);
690 2179 750 2206 ex
781 2164 1112 2218 significatione
1141 2164 1369 2213 “vivere,''
1393 2165 1514 2218 quod
1545 2166 1603 2206 sit
1627 2165 1768 2207 vitam

272 2228 551 2284 spiritualem
576 2228 742 2269 habere
772 2227 848 2281 (de
879 2242 967 2282 qua
992 2227 1241 2282 sequitur);
1274 2234 1320 2269 et
1351 2241 1411 2268 ex
1438 2227 1768 2281 significatione

274 2296 516 2333 “mortuus
534 2291 671 2340 esse‚'’
693 2292 814 2344 quod
833 2292 890 2332 sit
914 2305 1004 2332 non
1027 2291 1150 2332 illam
1168 2292 1308 2332 vitam
1329 2291 1509 2340 habere,
1534 2291 1613 2332 sed
1632 2291 1769 2332 modo

272 2355 490 2397 moralem
517 2355 687 2408 absque
713 2354 813 2395 illa:
848 2355 968 2408 quod
1000 2354 1086 2395 hoc
1114 2355 1171 2395 sit
1194 2360 1397 2395 mortuus
1424 2368 1537 2403 esse,
1565 2360 1635 2395 est
1667 2355 1769 2408 quia

275 2418 437 2460 “vita’'
473 2418 518 2459 in
559 2418 715 2459 Verbo
755 2417 980 2471 significat
1016 2418 1157 2459 vitam
1203 2417 1316 2458 caeli
1360 2417 1478 2471 apud
1523 2417 1767 2467 hominem,

271 2495 385 2536 quae
417 2482 555 2522 etiam
586 2481 646 2521 ibi
677 2488 867 2522 vocatur
899 2481 1032 2522 “vita
1069 2481 1294 2530 aeterna,”
1324 2487 1372 2522 et
1405 2480 1596 2522 “mors’'
1627 2482 1768 2522 vitam

270 2545 443 2594 inferni,
477 2558 593 2598 quae
624 2545 718 2585 vita
748 2545 792 2585 in
820 2544 976 2585 Verbo
998 2550 1187 2585 vocatur
1220 2543 1413 2585 “mors’'
1444 2544 1547 2598 quia
1577 2550 1647 2585 est
1678 2545 1767 2598 pri-

270 2610 394 2651 vatio
418 2610 540 2650 vitae
566 2608 706 2659 caeli;
738 2608 810 2649 hic
842 2609 995 2661 itaque
1028 2622 1106 2661 per
1133 2611 1338 2649 “nomen
1362 2607 1529 2649 habere
1555 2608 1682 2661 quod⁴
1701 2609 1767 2649 vi-

245 2715 249 2722 ,
269 2687 349 2714 vas
371 2679 416 2714 et
440 2678 643 2713 mortuus
665 2671 752 2721 es‚'’
774 2671 1052 2725 significatur
1074 2678 1233 2725 putare
1259 2685 1307 2712 se
1325 2671 1466 2712 vitam
1489 2670 1766 2724 spiritualem

271 2736 437 2777 habere
469 2741 516 2776 et
549 2735 612 2775 sic
639 2734 814 2783 salvari,
843 2735 945 2788 quia
966 2735 1107 2776 vitam
1140 2734 1357 2775 moralem
1384 2740 1541 2787 agunt,
1568 2747 1670 2775 cum
1696 2740 1765 2775 ta-

270 2812 374 2839 men
406 2797 699 2852 spiritualiter
724 2799 888 2839 mortui
921 2804 1041 2839 sunt.
1102 2797 1192 2839 Sed
1225 2798 1454 2851 quomodo
1485 2798 1571 2838 hoc
1597 2797 1764 2839 intelli-

270 2862 470 2914 gendum
497 2867 580 2911 est,
605 2867 814 2902 constare
837 2867 990 2914 potest
1017 2875 1077 2902 ex
1102 2861 1189 2902 illis
1220 2875 1335 2914 quae
1360 2861 1416 2902 de
1443 2867 1636 2914 utraque,
1656 2861 1765 2909 vita.

271 2924 488 2978 spirituali
510 2927 557 2966 et
579 2924 750 2974 morali,
778 2934 911 2978 supra
935 2923 997 2979 (n.
1027 2924 1124 2978 182)
1149 2923 1270 2965 dicta
1295 2930 1427 2975 sunt;
1459 2924 1579 2978 quod
1602 2937 1765 2977 nempe

270 2988 363 3029 vita
395 2987 575 3029 moralis
607 2988 776 3042 absque
807 2989 900 3029 vita
937 2987 1155 3042 spirituali
1196 2988 1252 3029 sit
1284 2988 1377 3029 vita
1408 2988 1573 3045 amoris
1614 2987 1680 3028 sui
1719 2994 1766 3029 et
