2060 3476
307 333 386 390 378
720 340 1052 373 APOCALYPSIS
1083 339 1380 373 EXPLICATA.

305 454 362 496 de
390 453 710 506 Hierosolyma
735 467 848 507 quae
870 458 1060 494 vocatur
1084 450 1358 500 “Oholiba‚’'
1380 456 1427 492 et
1454 464 1532 504 per
1554 456 1788 503 utramque

306 516 583 570 significatur
604 516 821 567 ecclesia;
854 530 932 570 per
952 515 1237 557 “Samariam
1249 514 1268 530 ’'
1290 514 1364 554 ubi
1389 513 1465 554 filii
1487 512 1679 562 Israelis,
1699 514 1790 566 sig-

306 579 511 620 nificatur
542 571 735 620 ecclesia
766 580 810 620 in
841 593 929 633 qua
960 592 1050 620 non
1076 592 1181 619 vera
1207 577 1287 618 sed
1312 576 1438 624 falsa,
1463 582 1510 617 et
1536 589 1614 629 per
1640 575 1791 616 “Hie-

306 641 617 694 rosolymam'’
649 641 842 683 ecclesia
878 643 922 683 in
959 656 1047 696 qua
1082 654 1173 681 non
1204 641 1324 681 bona
1364 639 1443 680 sed
1480 638 1611 682 mala.
1673 637 1792 690 Quid

307 704 587 757 significatur
612 718 691 758 per
718 706 947 746 “scortari
974 717 1075 746 cum
1102 703 1348 756 Aegyptiis
1378 708 1424 743 et
1450 714 1550 743 cum
1577 700 1676 754 filiis
1701 699 1792 741 As—

308 767 495 815 churis,”
521 773 568 809 et
594 767 698 821 quid
735 782 813 821 per
841 767 1086 808 “occidere
1111 766 1224 807 filias
1258 771 1305 807 et
1342 764 1456 806 filios
1483 764 1575 817 ejus
1601 763 1794 817 gladio‚”

307 843 440 883 supra
463 830 742 884 explicatum
765 837 848 872 est.
901 830 1085 871 Exinde
1107 836 1236 883 patet
1259 828 1379 882 quod
1403 841 1481 881 per
1505 827 1794 880 “relinquere

308 891 432 933 illam
474 893 640 934 nudam
677 900 723 934 et
760 892 1067 935 denudatam’'
1098 891 1374 946 significetur
1404 890 1573 944 absque
1604 903 1711 931 vero
1747 896 1794 931 et

307 954 441 996 bono.
503 955 642 1010 Apud
667 955 872 1005 Esaiam,

376 1052 587 1085 “Dominus
603 1053 804 1085 decalvabit
820 1053 990 1084 verticem
1008 1052 1159 1084 filiarum
1177 1051 1310 1088 Zionis,
1330 1057 1366 1082 et
1381 1050 1544 1092 Jehovah
1561 1044 1723 1090 podicem
1739 1058 1797 1081 ea-

482 1106 560 1128 rum
574 1097 721 1128 nudabit
731 1095 749 1109 ’'
767 1096 829 1136 (iii.
851 1096 925 1136 17):

311 1190 464 1232 “filiae
497 1191 677 1232 Zionis'’
704 1190 960 1244 significant
987 1190 1227 1232 ecclesiam
1253 1189 1501 1231 caelestem
1528 1194 1574 1229 et
1604 1201 1718 1242 quae
1743 1187 1796 1228 il-

309 1253 393 1294 lius
420 1254 640 1295 ecclesiae
667 1260 786 1303 sunt,
811 1253 883 1294 hie
915 1259 1068 1295 autem
1097 1252 1220 1294 illam
1247 1265 1530 1306 perversam;
1565 1250 1797 1292 “vertex‘’

307 1316 483 1358 illarum
516 1317 589 1370 qui
621 1316 947 1365 decalvabitur,
975 1316 1201 1370 significat
1226 1314 1579 1368 intelligentiam
1605 1327 1691 1368 qua
1717 1314 1795 1354 de-

308 1380 579 1433 privabitur;
622 1386 668 1421 et
708 1379 930 1433 “podex'’
962 1380 1036 1433 qui
1067 1379 1308 1420 nudabitur
1339 1377 1563 1431 significat
1595 1389 1795 1418 amorem

308 1441 414 1483 mali
441 1448 487 1484 et
513 1442 624 1484 falsi.
686 1442 824 1497 Apud
850 1441 1047 1491 Nahum,

376 1538 483 1570 “Vae
500 1538 576 1569 urbi
594 1539 821 1578 sanguinum,
842 1544 918 1570 tota
934 1538 1119 1570 mendacio
1137 1544 1171 1569 et
1189 1538 1313 1577 rapina
1330 1537 1436 1578 plena
1439 1561 1531 1574 .....
1539 1546 1623 1577 prae
1641 1535 1796 1567 multitu-

481 1582 564 1613 dine
581 1582 837 1613 scortationum
855 1581 932 1622 ejus
937 1606 1028 1619 .....
1037 1588 1194 1621 retegam
1219 1581 1377 1612 fimbrias
1402 1590 1510 1621 super
1525 1579 1634 1611 facies
1652 1585 1743 1618 tuas,
1763 1585 1796 1610 et

482 1625 670 1709 oste)ndam
687 1625 853 1666 gentibus
871 1625 1066 1656 nuditatem
1084 1631 1194 1661 tuam.
1214 1631 1249 1656 et
1266 1625 1386 1665 regnis
1404 1623 1638 1665 ignominiam
1648 1622 1666 1635 ”
1683 1622 1746 1663 (iii.
1766 1630 1794 1659 Ι,

482 1677 514 1708 4,
533 1676 549 1708 5
577 1678 584 1708 ἱ

310 1756 452 1797 “urbs
484 1756 785 1810 sanguinum’'
811 1755 1036 1810 significat
1068 1754 1318 1797 doctrinam
1350 1754 1448 1796 falsi
1479 1768 1592 1809 quae
1623 1753 1796 1796 violen-

307 1819 419 1860 tiam
445 1819 577 1861 infert
603 1819 724 1883 bono
750 1819 999 1861 charitatis.
1061 1819 1199 1873 Apud
1223 1817 1458 1868 Habakuk,

377 1915 486 1948 “Vae
509 1915 654 1948 facienti
681 1916 817 1948 socium
842 1916 964 1948 bibere
968 1940 1061 1953 .....
1069 1916 1247 1956 etiamque
1272 1914 1493 1952 inebriando,
1520 1917 1559 1946 ut
1583 1913 1797 1954 introspicas
1831 1900 1835 1902 ,

480 1959 659 2043 tliuditbajtes
683 1969 845 1998 eorum;.
859 1984 866 1992 .
880 1984 888 1992 .
902 1960 997 1992 ,bibe
1022 1960 1128 1991 etiarn
1153 1966 1191 1990 tu
1214 1964 1252 1990 ut
1277 1958 1499 2000 praeputium
1524 1956 1727 1989 reveletur'’
1745 1955 1793 1997 (ii.

505 2010 534 2041 5,
554 2011 568 2034 1
621 2012 628 2042 ;

309 2100 493 2141 “facere
525 2101 696 2141 socium
727 2100 882 2141 bibere
914 2099 1178 2141 inebriando
1190 2099 1208 2114 '’
1235 2097 1458 2152 significat
1490 2098 1687 2139 imbuere
1712 2096 1794 2138 fal-

305 2163 366 2203 sis
397 2177 536 2217 usque
569 2169 617 2204 ut
650 2176 740 2203 non
772 2163 926 2203 videat
958 2175 1112 2212 verum
1130 2176 1139 2212 ;
1175 2161 1506 2214 “introspicere
1534 2158 1796 2201 nuditates'’

306 2235 377 2268 est
403 2232 452 2267 ut
483 2232 733 2279 appareant
765 2225 877 2266 falsa
908 2239 1021 2279 quae
1053 2223 1310 2266 intellectus
1341 2230 1388 2265 et
1420 2223 1539 2264 mala
1570 2237 1684 2277 quae
1715 2236 1795 2264 vo-

256 2288 259 2292 '
308 2289 525 2339 luntatis;
561 2293 648 2329 “ut
675 2289 958 2342 praeputium
985 2287 1239 2329 reveletur''
1261 2294 1332 2328 est
1358 2293 1406 2328 ut
1433 2300 1610 2328 amores
1636 2287 1795 2340 spurci.

307 2351 419 2390 (Quod
435 2350 595 2380 “bibere''
612 2351 651 2380 sit
672 2351 781 2380 instrui
803 2351 835 2379 in
857 2351 945 2385 veris,
961 2351 1106 2380 videatur
1126 2359 1157 2380 n.
1173 2350 1262 2388 3069,
1278 2359 1367 2387 3772,
1383 2358 1473 2387 4017¹
1489 2351 1579 2387 4018,
1595 2350 1684 2387 8562,
1700 2358 1796 2387 9412:

305 2397 381 2426 inde
392 2396 423 2425 in
436 2396 583 2434 opposito
595 2405 689 2425 sensu
701 2400 747 2425 est
758 2396 889 2425 inbuere
900 2396 993 2425 falsa:
1017 2396 1105 2432 quod
1116 2398 1132 2410 ‘⁸
1143 2395 1289 2424 inebriari
1300 2395 1316 2404 '’
1328 2395 1366 2423 sit
1377 2395 1512 2424 insanire
1524 2404 1563 2424 ex
1575 2394 1666 2429 falsis,
1678 2395 1722 2423 ita
1732 2402 1798 2423 non

306 2442 412 2471 videre
426 2451 509 2475 vera,
525 2450 556 2471 n.
575 2450 668 2477 1072:
692 2442 780 2478 quod
796 2441 1050 2479 “praeputium''
1067 2440 1220 2478 significet
1241 2449 1365 2469 amores
1386 2449 1555 2478 corporeos
1577 2444 1608 2468 et
1628 2444 1796 2474 terrestres,

306 2491 564 2530 n.4462,7045.)
622 2480 736 2524 Inde
762 2486 976 2521 constare
1002 2485 1158 2533 potest
1184 2479 1290 2533 quid
1315 2478 1597 2532 significatur
1621 2492 1701 2532 per

374 2576 478 2618 Quod
490 2575 657 2607 Noachus
668 2576 797 2607 biberit
806 2575 928 2607 vinum
940 2581 975 2607 et
986 2575 1179 2606 inebriatus
1190 2575 1245 2612 sit,
1257 2574 1307 2606 ita
1316 2580 1355 2605 ut
1365 2573 1497 2614 jaceret
1505 2572 1621 2604 nudus
1632 2572 1668 2604 in
1679 2572 1797 2604 medio

482 2619 624 2650 tentorii
639 2619 693 2650 sui
706 2630 712 2651 :
731 2625 766 2650 et
780 2619 873 2659 quo-d
887 2618 1044 2650 Chamus
1058 2618 1175 2650 riserit
1188 2618 1383 2650 nuditatem
1399 2617 1509 2657 patris
1523 2616 1577 2648 sui
1591 2625 1614 2655 ;.
1630 2641 1637 2648 .
1651 2641 1658 2648 .
1668 2613 1794 2658 [quod]

482 2662 653 2694 Schemus
670 2668 789 2694 autem
807 2669 841 2694 et
857 2662 1030 2704 Japhetus
1042 2661 1196 2693 texerint
1209 2661 1406 2692 nuditatem
1420 2660 1509 2700 ejus,
1525 2665 1561 2691 et
1577 2660 1671 2700 quod
1687 2659 1796 2690 facies

481 2716 564 2738 suas
578 2706 772 2738 averterint
785 2712 823 2738 ut
835 2716 907 2737 non
919 2706 1081 2737 viderent
1094 2705 1204 2746 patris
1215 2705 1270 2737 sui
1283 2704 1480 2736 nuditatem
1494 2703 1590 2743 (Gen.
1602 2703 1648 2735 ix.
1662 2702 1792 2741 21—23).

310 2797 390 2836 (Sed
416 2797 497 2827 haec
519 2797 687 2826 videantur
711 2797 743 2826 in
766 2780 904 2827 Arcanis
930 2797 1113 2827 Caelestibus
1140 2796 1305 2834 explicata,
1328 2795 1383 2825 ubi
1408 2796 1449 2825 de
1474 2795 1533 2824 illis
1557 2793 1684 2833 agitur.)
1742 2783 1794 2823 In

321 2845 523 2894 Threnis,

381 2940 403 2954 ‘⁴
416 2939 531 3017 Etiam
545 2939 590 2970 ad
601 2938 678 3016 {ess'
695 2938 766 2970 filia
784 2938 922 2977 Edomi,
946 2939 1142 2971 “transibit
1155 2938 1256 2976 calix,
1273 2937 1503 2969 inebriaberis
1520 2942 1555 2969 et
1572 2935 1762 2968 nudaberis
1777 2934 1795 2947 ”

498 2992 543 3015 ιν.
559 2990 598 3013 21
627 2991 634 3015 :
