2060 3476
345 327 424 380 388
757 336 1088 371 APOCALvPs1s
1119 338 1418 372 EXPLICATA.

342 445 449 487 ficat
475 446 774 487 scientificum
800 447 921 501 quod
947 447 1166 489 naturalis
1191 448 1388 489 hominis
1414 459 1592 501 (n.9688);
1625 450 1825 504 “imagi-

342 521 422 548 nes
434 507 454 522 ’¹
480 520 579 548 cum
607 508 765 561 quibus
791 515 1080 564 scortaretur,
1105 515 1209 550 sunt
1234 509 1438 550 fallaciae
1464 523 1688 560 sensuum,
1712 525 1824 565 quae

341 576 562 623 apparent
584 569 672 611 illis
689 571 762 624 qui
784 572 828 612 in
850 571 971 612 falsis
989 578 1094 612 sunt
1116 578 1164 612 ut
1182 586 1288 613 vera
1306 586 1314 622 ;
1341 572 1599 613 “scortari’'
1616 585 1717 614 cum
1739 573 1826 614 illis

341 638 411 673 est
444 646 522 686 per
552 631 652 673 illas
683 633 795 674 falsa
826 633 1096 675 concludere
1136 633 1275 688 (quod
1311 634 1568 675 “scortari”
1601 634 1825 688 significet

342 695 540 736 imbuere
571 695 696 744 salsa,
724 696 930 737 videatur
955 710 1101 750 supra,
1130 710 1171 737 n.
1204 695 1329 750 141):
1363 711 1423 738 ex
1450 696 1519 737 his
1550 703 1679 750 patet
1706 698 1826 752 quod

341 770 420 810 per
445 756 521 798 illa
547 758 591 798 in
617 771 671 799 eo
697 759 845 812 capite
871 758 1151 800 describatur
1176 758 1367 800 ecclesia
1389 758 1531 813 qualis
1557 759 1699 801 fuerat
1725 773 1827 801 cum

313 820 531 873 'primurn
563 822 814 862 instaurata
846 835 871 862 a
904 821 1114 868 Domino.
1148 828 1195 862 et
1227 821 1369 876 qualis
1402 828 1562 876 postea
1594 820 1710 864 facta
1741 830 1825 864 est.

342 882 479 936 Apud
505 882 706 931 Esaiam,

405 972 427 987 ‘¹
441 971 531 1004 Ecce
550 972 626 1013 Ego
641 973 801 1004 excitans
815 979 941 1004 contra
953 983 1015 1004 eos
1034 972 1193 1012 Medum,
1210 974 1268 1015 qui
1286 981 1474 1015 argentum
1489 985 1561 1006 non
1575 974 1826 1012 aestimabunt,

511 1022 547 1048 et
564 1026 651 1048 auro
667 1027 739 1048 non
754 1015 1036 1054 deleciabuntun
1054 1026 1203 1058 quorum
1217 1027 1319 1050 arcus
1332 1018 1481 1060 juvenes
1495 1019 1643 1051 allident
1647 1042 1739 1056 .....
1747 1017 1829 1050 filiis

511 1069 585 1091 non
603 1066 723 1099 parcet
739 1060 864 1091 oculus
881 1070 1005 1092 eorum
1017 1059 1035 1072 ''
1052 1061 1138 1100 (xiii.
1157 1068 1207 1100 17,
1227 1061 1299 1100 18);

342 1159 420 1199 per
453 1145 679 1186 “Medum
694 1144 714 1160 ”
744 1145 1059 1198 intelliguntur
1090 1146 1162 1200 qui
1199 1152 1359 1187 contra
1390 1146 1608 1188 ecclesiae
1638 1160 1744 1187 vera
1780 1153 1827 1188 et

342 1209 461 1249 bona
483 1214 614 1259 sunt3
648 1222 782 1262 quare
801 1208 962 1249 dicitur
983 1209 1039 1249 de
1061 1208 1162 1257 illis,
1184 1210 1294 1263 “qui
1317 1215 1555 1262 argentum
1578 1223 1668 1250 non
1691 1210 1826 1250 aesti-

343 1271 531 1312 mabunt
563 1284 645 1312 nec
678 1285 785 1311 auro
817 1269 1192 1312 dele&abuntur”
1222 1271 1553 1326 (“argentum”
1579 1278 1649 1313 est
1675 1284 1826 1313 verum

342 1333 574 1382 ecclesiae,
609 1339 655 1375 et
690 1333 919 1374 “aurum’'
950 1340 1020 1375 est
1052 1334 1220 1375 bonum
1252 1334 1396 1388 ejus);
1441 1338 1609 1375 “arcus
1624 1334 1643 1350 ”
1675 1347 1827 1376 eorum

342 1396 598 1450 significant
625 1395 890 1438 dofflinalia
915 1397 1012 1438 falsi
1044 1398 1288 1451 pugnantis
1315 1404 1474 1438 contra
1499 1411 1605 1438 vera
1631 1403 1676 1439 et
1708 1397 1828 1438 bona

343 1472 389 1510 (n.
402 1471 491 1506 2686,
505 1471 617 1512 2709);
651 1460 906 1514 “juvenes'’
922 1474 1035 1514 quos
1053 1448 1261 1510 allident,
1281 1460 1541 1514 significant
1562 1460 1828 1514 intelligen-

343 1529 414 1565 tes
439 1537 499 1564 ex
520 1523 638 1564 veris
660 1533 705 1573 (n.
721 1534 814 1573 7668)
832 1537 841 1574 ;
875 1523 990 1564 “filii
1001 1522 1021 1538 ”
1043 1523 1203 1578 quibus
1227 1536 1318 1570 non
1341 1529 1546 1577 parcent,
1569 1522 1829 1576 significant

342 1588 439 1642 ipsa
464 1602 582 1629 vera.
644 1587 782 1642 Apud
808 1588 1017 1637 eundem,

411 1684 579 1717 “Turma
601 1683 817 1716 camelorum
842 1684 1012 1724 obtegent
1036 1689 1070 1715 te
1074 1708 1166 1722 .....
1174 1693 1300 1716 omnes
1324 1693 1343 1715 e
1368 1683 1504 1715 Scheba
1524 1684 1680 1720 venient,
1706 1693 1830 1726 aurum

516 1734 552 1760 et
568 1728 649 1759 thus
667 1728 867 1768 portabunt,
888 1733 923 1758 et
945 1727 1067 1758 laudes
1084 1726 1241 1769 Jehovae
1258 1727 1520 1758 annuntiabunt
1532 1737 1538 1759 ε
1549 1751 1556 1759 .
1571 1751 1578 1759 .
1592 1751 1599 1759 .
1614 1726 1720 1759 ‚Mihi
1737 1726 1831 1758 insu-

516 1771 572 1803 lae
588 1771 777 1808 confident,
797 1780 977 1811 navesque
995 1770 1232 1802 Tharschisch
1254 1771 1299 1802 ad
1323 1770 1567 1802 adducendum
1593 1770 1684 1802 filios
1707 1776 1787 1802 tuos
1811 1779 1831 1802 ο

515 1815 711 1856 longinquo
725 1823 732 1854 ;
756 1820 943 1855 argentum
960 1824 1083 1846 eorum
1101 1819 1136 1846 et
1152 1823 1278 1858 aururn
1296 1823 1418 1846 eorum
1436 1823 1514 1845 cum
1538 1813 1606 1845 illis
1617 1812 1635 1825 ’¹
1652 1813 1712 1854 (lx.
1728 1813 1759 1851 6,
1775 1813 1830 1854 9);

342 1913 491 1967 agitur
512 1913 571 1954 ibi
593 1912 649 1954 de
671 1912 870 1953 adventu
893 1911 1090 1961 Domini,
1109 1917 1155 1953 et
1174 1925 1252 1965 per
1272 1914 1505 1952 “turmam
1524 1909 1798 1951 camelorum
1810 1909 1830 1927 ''

342 1975 660 2030 intelliguntur
685 1988 843 2016 omnes
869 1975 943 2028 qui
974 1974 1018 2015 in
1044 1974 1379 2028 cognitionibus
1404 1974 1496 2014 veri
1522 1979 1568 2014 et
1593 1973 1699 2014 boni
1724 1978 1830 2015 sunt

344 2046 840 2086 (n·304813071.3143.3145);
872 2049 952 2088 per
978 2034 1278 2076 “Schebam’'
1303 2047 1327 2075 e
1352 2047 1440 2087 qua
1463 2033 1665 2082 venient,
1692 2033 1829 2074 intel-

343 2100 547 2153 liguntur
564 2099 638 2139 ubi
659 2099 784 2151 ipsae
802 2097 908 2138 illae
926 2097 1216 2150 cognitiones
1235 2106 1281 2145 (n.
1299 2115 1385 2143 1171,
1398 2106 1511 2146 3240);
1536 2108 1616 2148 per
1635 2098 1827 2136 “aurum

343 2167 390 2203 et
427 2160 564 2202 thus'‘
595 2173 709 2213 quae
745 2158 1007 2212 portabunt,
1040 2156 1356 2210 intelliguntur
1391 2157 1510 2197 bona
1546 2169 1597 2197 ac
1629 2169 1734 2196 vera
1770 2169 1830 2196 ex

342 2225 464 2265 bono
494 2236 608 2277 quae
638 2222 743 2263 inde
773 2227 919 2275 grata,
953 2234 1031 2274 per
1065 2219 1289 2261 “aurum'’
1320 2220 1440 2260 bona
1470 2225 1517 2260 et
1548 2233 1627 2272 per
1654 2217 1798 2260 “thus
1811 2218 1830 2234 ''

343 2284 423 2326 illa
442 2298 550 2326 vera
572 2293 998 2333 (n.9993,10177,10296);
1030 2294 1110 2334 per
1129 2280 1370 2321 “insulas’'
1387 2293 1502 2334 quae
1527 2278 1797 2320 “confident
1810 2278 1830 2294 ’'

343 2345 659 2399 intelliguntur
689 2350 852 2398 gentes
878 2357 991 2397 quae
1022 2344 1065 2383 in
1093 2341 1217 2383 cultu
1249 2341 1414 2382 Divino
1440 2347 1544 2382 sunt
1571 2341 1650 2381 sed
1681 2354 1829 2395 remp-

344 2408 460 2448 tiore
481 2420 507 2447 a
527 2406 645 2446 veris
666 2405 889 2446 ecclesiae
912 2414 957 2453 (n.
972 2414 1063 2452 1158)
1082 2417 1090 2454 ;
1123 2416 1202 2456 per
1226 2406 1405 2443 “naves
1426 2401 1740 2443 Tharschish’'
1762 2401 1829 2441 in-

343 2468 612 2521 telliguntur
626 2467 910 2519 cognitiones
928 2473 1190 2506 communes
1204 2464 1296 2504 veri
1315 2470 1360 2504 et
1378 2463 1484 2504 boni
1502 2463 1659 2517 quibus
1677 2463 1830 2510 insunt

343 2529 495 2582 plures
516 2529 561 2568 in
583 2526 846 2581 particulari
868 2536 915 2575 (n.
932 2545 1019 2574 1977,
1033 2535 1126 2574 6385)
1144 2539 1153 2576 ;
1185 2538 1265 2578 per
1288 2523 1442 2565 “filios
1463 2536 1576 2577 quos
1598 2522 1829 2563 adducent

344 2604 369 2632 e
383 2589 667 2644 longinquo”
682 2589 1003 2642 intelliguntur
1019 2602 1127 2629 vera
1143 2588 1407 2636 remotiora,
1426 2590 1451 2607 “
1464 2586 1541 2627 filii
1554 2586 1574 2602 '’
1595 2591 1701 2627 sunt
1722 2599 1831 2626 vera

348 2653 417 2706 (ut
434 2652 607 2706 supra),
629 2655 690 2692 “e
713 2649 997 2704 longinquo”
1014 2656 1120 2690 sunt
1145 2655 1261 2703 quae
1278 2648 1526 2690 remotiora
1547 2658 1800 2697 (11-1613·9487)
1818 2661 1828 2698 ;

344 2731 424 2771 per
450 2720 729 2769 “argentum
756 2728 909 2756 eorum
935 2720 981 2755 et
1007 2727 1162 2755 aurum
1188 2726 1342 2754 eorum
1369 2725 1470 2754 cum
1506 2711 1633 2762 illis‚”
1659 2710 1828 2766 signifi-

345 2785 505 2821 cantur
526 2778 811 2831 cognitiones
837 2777 929 2817 veri
956 2782 1002 2817 et
1028 2776 1135 2817 boni
1160 2775 1279 2829 apud
1305 2774 1420 2816 illos.

432 2840 514 2895 [60]
558 2839 711 2882 Simile
739 2839 1016 2893 significatur
1041 2852 1119 2892 per

410 2930 514 2972 Quod
538 2929 718 2969 sapientes
735 2928 793 2969 qui
816 2933 991 2960 venerunt
1015 2928 1060 2959 ab
1083 2927 1220 2959 oriente
1243 2927 1288 2959 ad
1312 2927 1428 2958 locum
1446 2926 1505 2958 ubi
1529 2926 1691 2958 Christus
1708 2931 1825 2963 natuS.

518 2973 712 3004 obtulerint
728 2972 833 3009 dona,
854 2981 989 3023 aurum,
1009 2971 1090 3002 thus
1108 2978 1142 3002 et
1159 2971 1340 3012 myrrham
1359 2969 1501 3010 (Mami.
1518 2970 1553 3002 ii.
1573 2969 1646 3010 11);
