2060 3476
270 370 285 399 Ι
298 370 312 399 1
321 359 349 400 6
680 368 1014 402 APOCALYPSIS
1045 368 1345 402 EXPLICATA.

346 490 446 532 99.
486 479 565 520 “Et
590 480 698 533 quod
721 493 799 520 non
826 480 964 533 possis
993 480 1108 521 fem-e
1135 479 1504 533 malos.''—Quod
1534 479 1756 533 significet

263 541 383 593 quod
411 541 613 596 rejiciant
643 541 776 591 mala,
805 548 986 583 constat
1018 556 1078 583 ex
1109 541 1436 596 significatione
1465 544 1593 582 “non
1624 555 1756 595 posse

262 603 414 653 ferre,”
438 604 559 658 quod
583 605 640 645 sit
662 605 867 657 rejicere3
901 618 1004 646 nam
1027 605 1146 659 quod
1174 605 1310 646 homo
1333 618 1423 645 non
1450 610 1603 658 potest
1629 604 1755 654 ferre,

262 667 348 708 hoc
376 666 530 720 rejicit.
594 666 727 720 Quod
756 667 929 708 “mali'’
951 667 1205 722 significent
1231 667 1363 716 mala,
1387 674 1456 708 est
1479 668 1581 720 quia
1606 668 1756 721 angeli

263 731 471 783 cogitant
494 729 721 771 abstracte
743 744 769 771 a
795 731 1008 784 personis,
1032 738 1077 772 et
1100 731 1204 772 inde
1227 744 1327 772 cum
1353 731 1397 770 in
1419 744 1551 771 sensu
1578 729 1757 772 litterae

263 793 404 834 Verbi
431 795 639 834 dicuntur
667 794 849 843 “mali‚”
876 796 1080 847 cogitant
1108 794 1251 845 mala3
1294 807 1371 847 per
1399 793 1612 834 “malos’'
1638 795 1756 835 enim

232 845 578 910 'intelliguntur
613 857 818 898 homines
850 859 922 911 qui
958 857 1078 907 mali,
1111 858 1174 898 ita
1210 870 1453 910 personae:
1497 856 1616 910 quod
1653 857 1756 899 talis

264 920 485 972 cogitatio
507 919 771 973 angelorum
797 921 868 969 sit,
893 926 962 962 est
984 921 1086 974 quia
1111 921 1154 961 in
1181 920 1400 973 sapientia
1425 920 1610 961 caelesti
1635 927 1754 969 sunt,

263 990 309 1023 et
339 996 392 1023 ea
424 983 644 1036 sapientia
675 984 991 1023 extensionem
1023 983 1161 1024 habet
1192 984 1236 1023 in
1268 983 1522 1023 universum
1555 982 1754 1034 caelum;

263 1059 399 1099 quare
431 1046 466 1086 si
502 1047 758 1098 cogitarent
790 1045 1089 1087 determinate
1126 1046 1183 1086 ad
1220 1059 1447 1099 personaS,
1481 1047 1643 1100 periret
1680 1046 1757 1088 illa

264 1110 488 1157 extensio,
509 1115 555 1149 et
578 1122 677 1149 cum
700 1123 752 1149 ea
774 1122 950 1162 quoque
972 1110 1192 1162 sapientia
1214 1122 1366 1150 eorum
1385 1123 1393 1159 ;
1426 1109 1470 1149 in
1502 1109 1586 1150 hoc
1610 1109 1756 1151 differt

263 1171 490 1224 spirituale
527 1185 553 1212 a
590 1171 807 1212 naturali:
851 1172 954 1212 inde
992 1186 1107 1213 nunc
1146 1178 1229 1221 est,
1268 1172 1387 1226 quod
1428 1185 1506 1225 per
1544 1171 1756 1213 “malos’'

263 1232 576 1285 significentur
594 1232 728 1273 mala.
770 1243 835 1281 (De
848 1244 1009 1282 Sapientia
1021 1244 1217 1282 Angelorum
1231 1245 1319 1282 quod
1334 1249 1463 1273 extensa
1477 1244 1515 1273 sit
1529 1244 1561 1273 in
1574 1245 1755 1274 universum

262 1294 385 1322 caelum
398 1303 455 1331 per
466 1294 498 1322 id
510 1295 597 1330 quod
610 1294 749 1331 cogitent
761 1294 918 1323 abstracfte
929 1303 948 1323 a
962 1295 1072 1332 spatio,
1087 1300 1229 1333 tempore
1241 1299 1271 1324 et
1283 1294 1445 1329 materiali,
1458 1295 1602 1324 videatur
1613 1296 1644 1324 in
1659 1305 1756 1333 opere

263 1341 314 1370 De
332 1342 422 1370 Caelo
436 1345 468 1370 et
481 1342 617 1380 Inferna,
630 1351 661 1371 n.
676 1341 743 1379 169,
756 1350 903 1379 191—199‚
917 1342 1071 1379 265—275;
1095 1347 1126 1371 et
1140 1343 1229 1380 quod
1243 1343 1400 1371 abstracte
1415 1351 1434 1371 a
1447 1343 1598 1380 personis,
1611 1343 1643 1372 in
1653 1343 1757 1373 Arca-

263 1389 351 1417 canis
369 1389 564 1423 Caelestibus,
581 1398 611 1418 n.
628 1390 717 1426 8343,
734 1390 821 1426 8985,
837 1389 942 1427 9007.)

343 1445 479 1476 100.
519 1435 606 1474 “ft
631 1434 909 1487 exploraret-is·
937 1435 1124 1475 dicentes
1151 1447 1198 1475 se
1227 1447 1324 1476 esso
1354 1435 1571 1488 apostolos,
1604 1439 1650 1476 et
1678 1448 1756 1476 non

263 1498 370 1542 sant,
388 1508 440 1535 ae
458 1494 661 1535 inveneris
676 1507 749 1535 eos
763 1494 1220 1547 mendaces.”—Quod
1238 1495 1462 1548 significet
1478 1495 1614 1536 etiam
1619 1496 1755 1548 falsa

264 1563 477 1609 quantum
502 1563 696 1609 possunt
725 1557 934 1605 scrutari,
967 1563 1150 1597 constat
1182 1570 1240 1597 ex
1273 1556 1600 1610 significatione
1634 1561 1753 1599 “ex-

264 1618 481 1672 plorare,”
513 1620 633 1673 quod
670 1621 727 1660 sit
759 1620 975 1673 indagare
1007 1626 1052 1661 et
1085 1620 1298 1670 scrutari;
1331 1634 1389 1673 ex
1422 1619 1754 1673 significatione

266 1682 652 1740 “apostolorum,''
670 1683 788 1736 quod
811 1684 899 1724 sint
923 1684 995 1737 qui
1018 1683 1184 1724 docent
1202 1697 1307 1723 vera
1329 1683 1559 1733 ecclesiae,
1579 1690 1626 1724 et
1652 1684 1753 1725 abs-

262 1744 407 1787 tracte
439 1760 465 1786 a
497 1747 698 1799 personis
729 1747 825 1799 ipsa
854 1760 960 1787 vera
990 1759 1103 1800 quae
1135 1746 1354 1787 docentur
1382 1745 1458 1799 (de
1489 1760 1576 1800 qua
1606 1748 1752 1801 sequi-

263 1808 353 1862 tur)
375 1823 383 1859 ;
411 1815 455 1850 et
472 1823 530 1850 ex
545 1809 872 1862 significatione
888 1813 1008 1850 “non
1023 1809 1160 1858 esse‚”
1175 1815 1220 1850 et
1238 1810 1459 1850 “inveniri
1474 1810 1754 1860 mendaces‚”

266 1873 384 1926 quod
434 1873 522 1914 sint
569 1887 658 1914 non
703 1887 810 1914 vera
854 1873 932 1914 sed
977 1873 1100 1922 salsa,
1146 1873 1467 1914 “mendacium
1480 1872 1499 1888 '’
1540 1874 1657 1914 enim
1706 1880 1753 1916 et

269 1936 504 1976 “mendax
518 1935 536 1951 ”
562 1935 784 1990 significat
810 1936 968 1977 falsum
996 1946 1040 1985 (n.
1058 1946 1280 1985 8908‚9248):
1314 1949 1372 1976 ex
1399 1935 1466 1976 his
1492 1942 1538 1976 et
1569 1949 1751 1988 praece-

264 1999 473 2040 dentibus
503 2006 711 2040 constare
743 2006 896 2053 potest
923 1988 1047 2053 ’quod
1079 2013 1156 2053 per
1180 2000 1322 2040 “novi
1348 1999 1467 2053 quod
1493 2012 1583 2040 non
1610 2001 1752 2053 possis

263 2062 374 2103 serre
404 2061 561 2111 malos,
589 2068 635 2103 et
667 2062 973 2116 exploraveris
1000 2063 1202 2103 dicentes
1234 2076 1281 2103 se
1313 2071 1417 2103 esse
1442 2062 1674 2116 apostolos
1705 2068 1752 2104 et

264 2139 354 2166 non
377 2132 496 2173 sunt,
513 2139 563 2166 ac
581 2126 802 2166 inveneris
820 2140 897 2166 eos
915 2125 1196 2174 mendaces‚’‘
1212 2125 1489 2178 significetur
1510 2125 1630 2179 quod
1653 2124 1750 2178 reji-

265 2189 386 2229 ciant
404 2188 523 2228 mala
540 2194 586 2229 et
604 2202 779 2241 quoque
798 2188 908 2228 salsa
921 2195 1137 2242 quantum
1158 2195 1346 2242 possunt
1364 2189 1550 2229 scrutari
1568 2202 1577 2239 ;
1605 2189 1753 2241 agitur

265 2251 384 2292 enim
407 2251 450 2291 in
477 2251 527 2291 iis
554 2263 667 2304 quae
689 2252 856 2304 scripta
878 2257 981 2292 sunt
1007 2251 1063 2292 ad
1087 2252 1201 2292 hanc
1225 2251 1461 2292 ecclesiam
1488 2251 1544 2292 de
1566 2251 1651 2291 illis
1678 2252 1751 2306 qui

264 2316 309 2354 in
336 2314 669 2367 cognitionibus
695 2315 787 2354 veri
813 2321 859 2355 et
885 2315 990 2355 boni
1017 2321 1135 2363 sunt,
1163 2315 1226 2355 ita
1251 2315 1295 2354 in
1322 2315 1655 2367 cognitionibus
1681 2321 1750 2355 ta-

265 2377 372 2417 lium
403 2390 516 2430 quae
543 2376 654 2417 caeli
686 2383 731 2417 et
763 2377 980 2417 ecclesiae
1015 2375 1238 2430 (videatur
1269 2391 1414 2430 supra,
1443 2391 1484 2417 n.
1515 2376 1618 2431 93);
1651 2378 1762 2419 ideo'

265 2441 321 2480 de
343 2439 430 2480 illis
452 2440 521 2480 hic
545 2440 733 2492 primum
756 2440 917 2480 dicitur
938 2440 1057 2493 quod
1081 2439 1280 2493 rejiciant
1307 2440 1439 2489 mala,
1463 2446 1509 2482 et
1535 2447 1752 2494 quantum

236 2503 452 2543 -scrutari
483 2508 671 2555 possunt
703 2503 839 2543 etiam
872 2502 1008 2553 falsa;
1041 2517 1145 2543 nam
1177 2504 1365 2544 interest
1397 2503 1572 2551 illorum
1604 2505 1677 2558 qui
1707 2505 1752 2545 in

266 2565 599 2618 cognitionibus
626 2564 882 2606 sanctorum
910 2566 1126 2607 ecclesiae
1153 2573 1257 2607 sunt
1289 2567 1478 2619 primum
1510 2567 1554 2607 in
1585 2580 1752 2620 genere

264 2629 376 2668 scire
400 2628 505 2681 quid
531 2628 697 2668 bonum
724 2635 769 2669 et
796 2642 962 2678 verum,
991 2636 1036 2670 et
1068 2643 1243 2683 quoque
1269 2630 1374 2683 quid
1401 2629 1567 2670 malum
1593 2636 1639 2670 et
1670 2629 1751 2670 fal-

264 2705 376 2740 sum,
397 2704 500 2731 narn
519 2705 649 2744 super
661 2692 919 2744 cognitione
937 2692 1112 2733 illorum
1130 2692 1370 2733 fundantur
1384 2706 1541 2733 omnes
1559 2693 1752 2746 cogniti-

264 2766 373 2793 ones
390 2753 599 2806 reliquae.
660 2763 798 2800 (Idcirco
810 2764 904 2792 etiam
916 2764 948 2793 in
960 2765 1119 2793 Dolln'na
1129 2766 1238 2794 Novae
1249 2765 1486 2802 Hierosolymae
1497 2764 1639 2793 omnium
1650 2764 1753 2802 primo

263 2814 371 2843 ad'tum
386 2819 433 2843 est
449 2815 498 2843 De
513 2816 605 2844 Bono
620 2820 651 2844 et
665 2816 761 2850 Vero,
777 2825 807 2846 n.
823 2825 929 2852 11—27,
945 2825 984 2845 ex
1006 2817 1120 2853 quibus
1135 2816 1229 2845 etiam
1243 2821 1329 2854 patet
1340 2817 1418 2854 quid
1433 2817 1552 2845 malum
1567 2820 1598 2845 et
1612 2815 1750 2854 falsum.)

265 2861 398 2914 Quod
413 2876 490 2916 per
506 2866 530 2882 ‘⁴
544 2863 776 2916 apostolos
790 2863 808 2878 ''
823 2863 1129 2917 significentur
1143 2863 1205 2904 illi
1219 2865 1292 2917 qui
1306 2864 1472 2905 docent
1487 2877 1591 2904 vera
1605 2862 1750 2904 eccle-

264 2926 369 2974 siae,
388 2932 457 2966 est
475 2927 576 2979 quia
594 2925 807 2979 Apostoli
825 2926 930 2968 diffi
949 2934 1052 2967 sunt
1070 2928 1127 2967 ab
1143 2941 1197 2967 eo
1214 2927 1332 2981 quod
1351 2928 1471 2967 missi
1488 2928 1576 2967 sint
1594 2926 1650 2967 ad
1668 2926 1749 2968 do-

264 2988 454 3028 cendum
478 2994 523 3029 et
550 2989 605 3029 ad
628 2989 1030 3042 evangelizandum
1055 2990 1110 3030 de
1134 2990 1329 3031 Domino
1355 2996 1400 3031 et
1427 2990 1482 3030 de
1509 2990 1749 3043 appropin-
