2060 3476
269 323 351 354 202
682 322 1015 356 APOCALYPSIS
1046 323 1346 358 EXPLICATA.

267 447 394 474 amor
415 434 459 474 in
483 434 726 475 Dominum
749 442 819 476 est
841 436 914 489 qui
936 442 1124 478 vocatur
1145 450 1271 478 amor
1293 436 1502 478 caelestis
1520 451 1529 488 3
1562 443 1608 478 et
1630 451 1748 479 arnor

267 510 376 550 erga
398 498 668 550 proximum,
693 499 766 552 qui
791 505 862 539 est
884 499 1096 549 charitas,
1120 506 1190 541 est
1213 501 1286 553 qui
1308 505 1497 541 vocatur
1518 513 1644 541 amor
1665 501 1752 553 spi-

267 560 452 600 ritualis.
516 559 649 613 Quod
681 562 745 602 ita
771 561 991 609 dicantur,
1020 569 1089 603 est
1122 577 1180 603 ex
1212 577 1279 612 eo,
1309 562 1428 616 quod
1461 562 1636 604 caelum
1664 563 1754 603 dis-

267 619 458 663 tinctum
490 624 547 663 sit
584 624 628 663 in
661 623 750 664 duo
780 638 934 677 regna,
962 638 1149 678 quorum
1181 638 1316 665 unum
1348 631 1537 666 vocatur
1567 638 1755 678 regnum

267 684 480 733 caeleste,
509 685 700 726 alterum
732 700 919 739 regnum
951 687 1208 740 spirituale;
1242 687 1345 728 inde
1371 701 1548 741 quoque
1579 700 1756 727 amores

267 746 341 798 qui
366 745 426 786 lbi
450 752 648 798 regnant
673 747 738 787 ita
762 753 999 788 vocantur.
1059 759 1227 795 (Videatur
1241 767 1322 796 opus
1342 759 1392 788 De
1414 759 1504 788 Caelo
1523 762 1553 787 et
1569 759 1705 797 Inferna,
1725 767 1756 788 n.

269 813 375 843 13—19,
389 811 419 835 et
435 809 542 841 20-28,
559 816 595 836 ac
612 808 770 837 Doctrina
784 809 893 837 Novae
908 809 1155 846 Hierosolymae,
1168 818 1199 838 n.
1212 809 1311 846 54—62
1327 814 1357 837 et
1373 811 1507 846 84-1oo;
1530 809 1584 837 ubi
1600 809 1693 838 etiam
1708 817 1758 837 os-

266 855 391 879 tensum
413 855 459 880 est
481 851 558 888 quid
579 861 669 881 amor
683 853 823 881 caelestis
839 858 869 881 et
884 853 961 889 quid
981 854 1072 881 a‘mor
1085 853 1261 890 spiritualis,
1277 854 1364 890 quod
1385 862 1499 891 nempe
1514 862 1604 882 amor
1618 853 1758 882 caelestis

266 894 305 922 sit
319 904 357 923 ex
372 895 541 924 affectione
555 897 725 926 voluntatis
745 897 847 926 facere
868 902 1037 935 praecepta
1059 897 1198 931 Domini,
1215 902 1245 926 et
1260 899 1348 934 quod
1369 907 1460 927 amor
1479 898 1646 935 spiritualis
1667 898 1705 927 s'it
1719 907 1758 927 ex

266 937 434 974 affectione
453 946 631 975 intellecfms
650 947 752 989 facere
770 952 940 984 praecepta
960 947 1115 984 Domini.)
1172 936 1288 977 sunt
1325 937 1414 977 duo
1451 937 1570 990 apud
1607 936 1754 977 homi·

267 1007 385 1043 nem,
410 1009 523 1049 quae
545 996 712 1037 faciunt
731 996 906 1037 caelum
929 1003 1005 1038 aut
1028 997 1267 1038 ecclesiam
1290 998 1407 1051 apud
1430 997 1757 1047 illum,—amor

267 1064 313 1098 et
350 1057 473 1099 fides.
536 1059 682 1100 Amor
711 1060 879 1100 residet
911 1061 956 1100 in
987 1060 1226 1101 voluntate
1258 1060 1466 1110 hominis,
1500 1073 1604 1101 nam
1636 1061 1755 1115 quod

267 1120 404 1162 homo
427 1129 550 1163 amat
577 1122 662 1163 hoc
686 1137 862 1176 quoque
884 1123 1008 1174 vult;
1041 1122 1151 1164 fides
1177 1130 1329 1164 autem
1357 1124 1524 1164 residet
1551 1124 1594 1164 in
1620 1123 1755 1164 intel-

207 1196 213 1201 ·
267 1182 386 1224 lectu
409 1184 616 1234 hominis,
642 1199 745 1226 nam
768 1186 888 1239 quod
915 1186 1052 1227 homo
1075 1186 1231 1234 credit,
1257 1186 1341 1226 hoc
1366 1200 1541 1240 quoque
1565 1186 1754 1239 cogitat,

267 1252 313 1286 et
337 1247 560 1299 cogitatio
578 1254 647 1288 est
670 1247 928 1289 intelle&us
947 1263 955 1299 ;
988 1249 1215 1290 internum
1237 1249 1389 1302 itaque
1412 1248 1631 1289 ecclesiae
1653 1262 1755 1289 cae-

267 1308 394 1350 lestis
437 1317 507 1351 est
535 1325 593 1352 ex
621 1309 856 1353 affectione
882 1311 1145 1361 voluntatis,
1174 1312 1360 1365 proinde
1387 1326 1447 1352 ex
1473 1325 1625 1352 amore
1650 1311 1756 1353 boni

265 1371 411 1413 facere
439 1380 682 1427 praecepta
709 1374 918 1425 Domini;
951 1375 1178 1415 internum
1204 1381 1356 1415 autem
1383 1374 1601 1415 ecclesiae
1628 1375 1755 1428 spiri-

266 1435 400 1476 tualis
427 1443 496 1477 est
523 1451 582 1477 ex
609 1435 844 1478 affeEtione
875 1436 1148 1487 intelleftus,
1176 1438 1362 1491 proinde
1396 1452 1454 1479 ex
1486 1451 1638 1478 amore
1664 1438 1756 1478 veri

266 1498 411 1539 facere
435 1506 678 1554 praecepta
705 1500 913 1551 Domini;
947 1513 1052 1541 nam
1075 1501 1194 1554 quod
1220 1500 1364 1541 facere
1391 1506 1635 1554 praecepta
1662 1499 1755 1540 Do-

267 1563 373 1603 mini
397 1564 454 1603 sit
474 1576 626 1604 amare
650 1563 816 1617 Ipsum,
837 1564 973 1604 docet
998 1564 1100 1617 Ipse
1117 1563 1235 1617 apud
1254 1563 1506 1611 Johannem
1527 1562 1645 1617 (cap.
1664 1563 1755 1603 xiv.

267 1637 333 1675 21,
358 1626 458 1680 23):
492 1628 719 1668 internum
745 1627 964 1668 ecclesiae
995 1627 1206 1668 caelestis
1239 1634 1308 1668 est
1336 1627 1455 1681 quod
1487 1626 1757 1679 intelligitur

266 1704 345 1744 per
384 1690 597 1743 “opera,”
634 1704 685 1731 ac
727 1691 953 1731 internum
995 1690 1214 1731 ecclesiae
1251 1689 1493 1744 spiritualis
1530 1696 1600 1730 est
1637 1689 1757 1743 quod

265 1751 540 1804 intelligitur
556 1765 636 1804 per
655 1755 680 1772 ‘¹
693 1751 1008 1792 charitatem.”
1067 1762 1145 1800 (Sed
1157 1762 1233 1799 quia
1246 1762 1335 1796 haec,
1349 1766 1383 1790 ut
1398 1762 1481 1790 clare
1493 1761 1757 1799 appercipiantur,

265 1820 330 1841 non
346 1813 454 1850 paucis
469 1812 585 1850 exponi
606 1817 748 1850 possunt,
764 1812 930 1841 videantur
944 1821 1027 1849 quae
1042 1813 1082 1841 de
1104 1812 1162 1841 illis
1177 1812 1209 1840 in
1225 1812 1384 1841 Doc'trina
1398 1812 1508 1840 Novae
1523 1811 1760 1849 Hierosolymae

265 1857 352 1886 dieta
372 1862 461 1887 sunt:
484 1866 609 1894 nempe,
628 1857 677 1886 De
699 1857 871 1886 Voluntate
893 1862 924 1886 et
947 1857 1124 1892 Intellecstu,
1147 1866 1178 1886 n.
1202 1857 1316 1894 28-36;
1341 1857 1391 1885 De
1414 1857 1542 1885 Interno
1564 1860 1595 1885 et
1617 1856 1758 1885 Externo

268 1902 419 1936 Homine,
434 1911 465 1931 n.
481 1902 596 1939 36-53;
621 1902 671 1931 De
685 1902 805 1931 Amore
820 1901 852 1930 in
868 1902 1001 1936 Genere,
1018 1911 1048 1931 n.
1062 1902 1176 1939 54—64;
1202 1902 1251 1930 De
1265 1902 1385 1930 Amore
1407 1910 1481 1938 erga
1504 1901 1687 1929 Proximum
1702 1909 1759 1929 seu

266 1946 435 1981 Charitate,
451 1955 482 1976 n.
499 1949 633 1984 84—107;
657 1951 687 1975 et
710 1947 760 1975 De
782 1947 869 1980 Fide,
885 1956 916 1976 n.
934 1948 1088 1975 108—122:
1111 1951 1142 1975 et
1163 1946 1196 1974 in
1217 1955 1312 1984 opere
1328 1947 1379 1975 De
1398 1946 1488 1975 Caelo
1503 1948 1534 1974 et
1552 1945 1688 1984 lnferno,
1704 1945 1758 1974 ubi

265 1991 367 2028 agitur
383 1991 432 2020 De
446 1992 566 2020 Amore
582 1991 716 2021 Caelesti
731 1996 762 2020 et
778 1992 827 2020 De
841 1992 961 2020 Amore
976 1991 1144 2028 Spirituali,
1160 2000 1191 2020 n.
1209 1993 1331 2029 13—19.)

344 2054 471 2098 155.
511 2045 597 2084 “Et
615 2044 880 2085 ministerium
906 2049 951 2084 ot
975 2043 1325 2096 fldem.”——Quod
1351 2043 1575 2096 significet
1601 2042 1756 2083 bonum

264 2111 308 2145 et
336 2119 489 2146 verum
519 2105 593 2154 ibi,
624 2112 807 2146 constat
839 2120 898 2146 ex
930 2105 1260 2158 significatione
1295 2103 1610 2153 “ministerii,''
1636 2104 1756 2157 quod

265 2168 324 2208 sit
355 2167 523 2208 bonum
558 2166 633 2221 (de
661 2182 748 2222 qua
779 2167 1014 2221 sequitur),
1043 2174 1088 2208 et
1120 2181 1179 2207 ex
1211 2165 1541 2219 significatione
1577 2165 1756 2214 “fidei,”

266 2229 385 2283 quod
417 2230 475 2270 sit
504 2243 670 2270 verum.
733 2229 879 2270 Causa
905 2229 1024 2283 quod
1052 2228 1231 2270 “fides''
1254 2228 1478 2282 significet
1504 2241 1658 2269 verum
1685 2233 1755 2268 est

265 2293 367 2345 quia
384 2305 537 2332 verum
561 2298 630 2332 est
652 2291 755 2332 fidei
777 2299 823 2333 et
845 2291 954 2332 fides
977 2298 1047 2332 est
1065 2292 1170 2332 veri.
1233 2290 1367 2344 Quod
1392 2291 1725 2331 “ministerium
1737 2289 1756 2304 ’¹

265 2353 488 2407 significet
515 2354 696 2403 bonum,
724 2361 794 2395 est
820 2355 922 2408 quia
950 2354 1284 2394 “ministerium
1297 2353 1317 2368 ''
1341 2353 1386 2393 in
1413 2352 1568 2393 Verbo
1594 2352 1757 2392 dicitur

265 2417 322 2457 de
347 2416 493 2457 bono:
527 2416 631 2457 inde
658 2422 728 2457 est
754 2417 874 2470 quod
899 2414 1067 2457 funffio
1092 2415 1337 2463 Aharonis,
1360 2414 1550 2455 filiorum
1577 2413 1684 2466 ejus,
1709 2420 1755 2454 et

266 2478 542 2527 Levitarum,
567 2477 687 2519 dieta
708 2478 838 2519 fuerit
864 2482 888 2498 “
903 2477 1238 2526 ministerium‚”
1261 2483 1307 2518 et
1329 2477 1374 2518 in
1400 2490 1566 2530 genere
1587 2474 1755 2518 funfflo

265 2541 580 2591 sacerdotum3
623 2547 669 2582 et
701 2541 820 2594 quod
852 2555 931 2594 per
964 2539 1288 2580 “ministrare”
1317 2539 1518 2592 Jehovae
1550 2552 1628 2579 seu
1659 2538 1754 2578 Do-

265 2604 402 2651 mino,
440 2603 722 2656 intelligatur
758 2603 907 2644 colere
945 2603 1098 2656 Ipsum
1135 2617 1194 2643 ex
1231 2603 1351 2643 bono
1388 2601 1566 2642 amoris.
1642 2600 1754 2644 Inde

265 2671 394 2719 patet
416 2665 536 2718 quod
557 2665 889 2706 “ministerium
902 2665 921 2680 ”
943 2679 991 2706 se
1013 2665 1176 2706 referat
1198 2664 1255 2705 ad
1276 2662 1490 2717 “opera,”
1508 2669 1553 2704 et
1569 2661 1754 2702 ·“fides''

264 2728 322 2768 ad
356 2727 704 2776 “charitatem,”
736 2727 792 2768 de
829 2727 987 2781 quibus
1025 2740 1133 2767 mox
1171 2740 1317 2780 supra,
1350 2726 1424 2766 ubi
1462 2723 1630 2766 dietum
1667 2729 1751 2771 est,

267 2790 426 2831 “Novi
463 2804 600 2843 opera
630 2796 708 2831 tua
744 2797 791 2831 et
829 2789 1151 2831 charitatem:”
1193 2803 1298 2830 narn
1334 2788 1444 2830 fides
1477 2795 1523 2829 et
1555 2787 1753 2828 charitas

264 2864 402 2892 unum
426 2851 625 2902 faciunt;
656 2851 731 2892 ubi
756 2852 876 2892 enim
902 2864 993 2892 non
1019 2851 1219 2891 charitas
1247 2850 1307 2891 ibi
1338 2863 1420 2890 nec
1452 2849 1563 2890 fides
1597 2858 1755 2896 (videatur

263 2912 296 2941 in
311 2913 470 2942 Doc‘trina
484 2914 594 2942 Novae
607 2913 852 2950 Hierosolymae,
868 2922 899 2942 n.
917 2914 1070 2947 108—122;
1094 2916 1124 2940 et
1139 2912 1170 2940 in
1185 2911 1340 2949 opusculo
1356 2912 1407 2940 De
1428 2911 1545 2940 Ultimo
1563 2910 1705 2949 Judicio,
1721 2918 1753 2940 n.

263 2966 388 3006 33-40)·
446 2955 581 3009 Quod
610 2956 946 2997 “ministerium
959 2955 978 2971 ’'
1003 2961 1050 2996 et
1079 2954 1406 2995 “ministrare‘'
1430 2955 1474 2994 in
1500 2953 1657 2994 Verbo
1682 2952 1750 2993 di·
1797 2954 1807 2958 ‘
