2060 3476
276 354 359 407 316
691 363 1023 398 APOCALYPSIS
1054 365 1353 398 EXPLICATA.

272 475 358 518 fert
376 483 527 530 caput,
553 476 750 517 medium
773 491 851 518 seu
869 478 1115 519 secundum
1138 479 1272 520 refert
1288 492 1462 532 corpuS‚
1487 492 1538 521 ac
1557 479 1764 522 ultimum

273 553 352 580 seu
377 540 569 594 primum
595 539 729 581 refert
756 540 921 594 pedes;
955 555 1091 595 quare
1120 542 1215 582 “ad
1242 541 1413 595 pedes”
1431 547 1552 583 stare
1578 548 1625 583 et
1651 543 1764 584 ado-

272 616 384 651 rare,
423 608 493 643 est
530 609 665 644 extra
701 602 877 644 caelum
914 610 961 645 et
997 603 1116 645 velle
1153 604 1334 644 admitti
1372 604 1451 645 sed
1489 618 1579 645 non
1616 619 1762 659 posse.

273 664 387 703 (Quod
403 665 492 695 Caeli
510 665 542 693 in
557 674 623 694 uno
638 666 809 704 complexu
823 666 957 695 referant
971 675 1072 695 unum
1089 666 1275 701 Hominem,
1291 666 1436 695 videatur
1449 666 1481 696 in
1496 676 1592 704 opere
1607 668 1659 696 De
1676 668 1767 698 Caelo

270 715 303 741 et
314 713 452 751 Inferno,
465 721 495 742 n.
509 713 618 750 59—67,
631 722 696 750 seq.
740 713 838 750 Quod
852 717 914 742 tres
929 713 1018 743 Caeli
1033 714 1103 748 sint,
1119 723 1150 743 n.
1166 722 1267 750 29-40
1281 713 1339 749 ibi;
1362 718 1393 742 et
1407 715 1495 751 quod
1510 714 1644 744 Caelum
1658 723 1766 752 supre-

271 770 360 791 mum
376 762 489 791 formet
504 762 619 800 Caput,
635 763 777 792 medium
791 763 925 800 Corpus,
942 763 1089 792 ultimum
1107 763 1217 797 Pedes,
1231 772 1262 792 n.
1277 763 1316 800 65
1332 762 1399 801 ibi.)
1443 752 1519 793 EX
1541 753 1610 794 hiS
1632 759 1763 807 patet

271 825 348 854 cur
378 813 542 854 dicitur
576 813 670 854 “ad
702 813 872 867 pedes”
904 819 1039 862 stare,
1068 827 1169 854 cum
1200 819 1334 854 extra
1365 814 1553 855 caelum.
1629 814 1763 869 Quod

269 889 360 916 non
387 875 568 917 admitti
594 877 784 930 possint,
813 883 883 917 est
910 877 1012 930 quia
1039 877 1295 917 universum
1321 876 1495 917 caelum
1520 877 1762 920 formatum

269 944 341 980 est
367 939 614 980 secundum
641 937 900 980 affeffi’ciones
926 939 1033 979 boni
1055 946 1102 980 et
1129 940 1236 988 veri,
1260 952 1311 980 ac
1339 938 1603 981 distinctum
1626 947 1695 982 est
1718 943 1763 982 in

270 1003 517 1043 societates
554 1002 801 1043 secundum
838 1015 996 1043 omnes
1033 1001 1309 1043 differentias
1346 1001 1632 1044 affectionum
1662 1004 1762 1045 illa-

267 1079 392 1117 rum3
425 1066 499 1120 qui
521 1066 674 1119 itaque
697 1079 787 1106 non
810 1066 854 1106 in
876 1065 1102 1106 charitate
1129 1071 1248 1115 sunt,
1273 1079 1365 1106 non
1387 1066 1431 1106 in
1454 1066 1602 1121 aliqua
1628 1067 1761 1109 affec-

269 1129 408 1178 tione,
436 1130 482 1170 in
515 1143 602 1183 qua
634 1128 825 1178 caelum,
854 1134 986 1179 sunt;
1020 1142 1125 1169 nam
1158 1128 1357 1170 charitas
1389 1143 1467 1170 seu
1498 1143 1624 1171 amor
1654 1143 1763 1184 erga

267 1193 526 1247 proximum
563 1198 633 1233 est
675 1190 877 1233 affeffitio:
929 1198 1204 1246 quapropter
1241 1206 1331 1233 non
1367 1193 1411 1233 in
1448 1193 1576 1234 caelo
1613 1193 1761 1234 locum

268 1254 454 1304 habent,
483 1255 562 1296 sed
589 1261 724 1296 extra
750 1255 888 1307 illud;
921 1262 967 1296 et
991 1256 1064 1310 qui
1087 1269 1146 1296 ex
1169 1255 1256 1296 illis
1279 1257 1323 1296 in
1347 1256 1477 1297 malis
1500 1262 1546 1298 et
1572 1257 1616 1298 in
1639 1256 1762 1298 falsis

266 1317 458 1367 fuerunt,
497 1317 560 1359 illi
598 1318 846 1359 secundum
884 1331 1062 1360 amores
1099 1332 1204 1359 suos
1241 1333 1320 1360 seu
1357 1318 1619 1361 affectiones
1651 1333 1760 1361 con-

268 1379 512 1434 junguntur
548 1380 635 1422 illis
672 1381 745 1435 qui
782 1381 826 1422 in
859 1378 1075 1422 [¹¹infernis
1113 1388 1233 1431 sunt,
1262 1387 1308 1423 et
1341 1381 1445 1423 illuc
1479 1382 1758 1436 dejiciuntur.

268 1442 402 1496 Quod
434 1444 539 1485 talis
571 1458 668 1485 sors
701 1451 884 1486 maneat
915 1444 1018 1486 illos
1049 1446 1123 1499 qui
1155 1446 1200 1486 in
1232 1445 1330 1486 sola
1361 1445 1448 1487 fide
1481 1451 1528 1487 et
1560 1447 1605 1487 in
1636 1446 1762 1487 nulla

267 1507 505 1556 charitate,
534 1506 814 1561 praedi&um
837 1514 907 1549 est
930 1522 956 1549 a
979 1508 1177 1550 Domino
1199 1508 1397 1563 pluribus
1423 1510 1467 1550 in
1494 1509 1604 1550 locis
1621 1509 1760 1551 :—Ut

265 1570 384 1624 apud
409 1569 704 1620 Mattlcaemn,
1722 1576 1725 1577 ’

335 1675 357 1688 “
369 1673 497 1706 Omnis
513 1674 620 1705 arbor
636 1683 708 1705 non
728 1673 862 1706 faciens
879 1673 1032 1707 fructum
1051 1676 1185 1707 bonum
1203 1675 1421 1708 exscinditur
1437 1681 1472 1708 et
1485 1676 1521 1708 in
1539 1675 1658 1717 ignem
1676 1686 1759 1707 con-

439 1717 568 1758 jicitur,
590 1727 672 1748 nam
691 1727 735 1749 ex
758 1717 932 1750 fructibus
949 1729 1072 1750 eorum
1091 1719 1316 1760 cognoscetis
1333 1729 1407 1751 eos.
1458 1719 1540 1751 Non
1565 1720 1685 1752 omnis
1709 1720 1760 1751 di-

439 1771 525 1793 cens
552 1761 653 1798 Mihi,
682 1761 849 1798 Domine.
879 1762 1046 1801 Domine,
1067 1763 1214 1795 intrabit
1238 1764 1273 1795 in
1299 1772 1449 1804 regnum
1474 1763 1667 1801 caelorum,
1694 1764 1759 1796 sed

439 1805 575 1836 faciens
593 1805 815 1836 voluntatem
836 1806 951 1837 Patris
970 1807 1039 1838 mei
1057 1807 1115 1848 qui
1133 1807 1168 1838 in
1186 1807 1304 1839 caelis.
1356 1806 1461 1839 Multi
1478 1807 1596 1839 dicent
1614 1807 1704 1839 Mihi
1722 1807 1758 1839 in

438 1849 500 1880 illo
517 1849 585 1886 die,
607 1848 773 1887 Domine,
793 1849 959 1887 Domine,
977 1860 1098 1882 nonne
1113 1860 1176 1891 per
1189 1860 1320 1882 nomen
1338 1855 1437 1882 tuum
1453 1850 1744 1891 prophetavimus

439 1898 475 1924 et
499 1902 562 1933 per
579 1902 711 1924 nomen
730 1899 828 1924 tuum
848 1893 1039 1925 daemonia
1055 1893 1236 1934 ejecimus,
1258 1900 1292 1926 et
1318 1895 1352 1925 in
1379 1895 1525 1926 nomine
1550 1901 1610 1926 tuo
1628 1894 1758 1926 multas

438 1936 588 1968 virtutes
601 1936 774 1969 fecimus?
820 1937 863 1968 Et
874 1943 957 1968 tunc
970 1938 1166 1969 confitebor
1180 1938 1258 1975 illis,
1274 1938 1368 1979 quod
1379 1948 1559 1979 nunquam
1573 1938 1657 1969 novi
1670 1947 1735 1970 vos
1749 1947 1757 1977 ς

438 1980 609 2012 discedite
626 1990 647 2011 a
673 1979 733 2011 Me
750 1990 876 2012 omnes
894 1981 1047 2021 operarii
1065 1981 1271 2022 iniquitatis.
1322 1981 1449 2012 Omnis
1475 1982 1532 2022 qui
1556 1981 1654 2013 audit
1678 1991 1759 2012 mea

437 2025 558 2061 verba,
579 2030 613 2055 et
630 2023 714 2055 facit
730 2034 784 2060 ea,
804 2025 1010 2056 assimilabo
1027 2025 1105 2056 viro
1124 2025 1299 2065 prudenti,
1320 2025 1378 2066 qui
1395 2024 1594 2056 aedificavit
1610 2025 1755 2056 domum

438 2077 545 2107 super
562 2074 662 2108 petra
675 2077 698 2106 ;.
714 2092 721 2099 .
735 2092 742 2099 .
758 2074 809 2099 .at
833 2068 951 2099 omnis
975 2068 1124 2100 audiens
1141 2069 1251 2099 verba
1267 2078 1347 2099 mea
1363 2073 1399 2100 et
1423 2078 1495 2099 non
1521 2068 1656 2099 faciens
1680 2068 1752 2106 illa,

437 2111 693 2195 assim31abitur
709 2111 787 2142 viro
805 2111 925 2150 stulto,
947 2112 1005 2153 qui
1022 2111 1220 2143 aedificavit
1237 2112 1382 2143 domum
1399 2121 1506 2165 super
1522 2121 1632 2143 arena
1642 2111 1660 2124 '²
1677 2111 1753 2153 (vii.

440 2162 546 2195 19—27
574 2165 581 2187 :

265 2231 337 2263 mc
360 2228 675 2263 describuntur
696 2226 760 2263 illi
782 2226 855 2276 qui
878 2226 922 2264 in
948 2225 1036 2264 fide
1063 2237 1121 2264 ex
1146 2224 1372 2264 charitate
1399 2227 1519 2272 sunt,
1543 2227 1590 2264 et
1615 2220 1689 2276 qui
1714 2221 1759 2263 in

264 2283 351 2326 fide
383 2291 429 2326 et
455 2285 499 2326 in
526 2284 650 2326 nulla
676 2285 928 2337 charitate;
962 2285 1026 2327 illi
1052 2285 1127 2339 qui
1158 2286 1202 2326 in
1229 2285 1316 2327 fide
1343 2299 1402 2326 ex
1429 2285 1655 2326 charitate
1681 2298 1760 2338 per

267 2348 512 2389 “arborem
537 2348 780 2390 facientem
806 2347 972 2390 fruetus
998 2348 1185 2397 bonos‚”
1209 2355 1256 2390 et
1283 2362 1361 2402 per
1390 2348 1613 2389 “domum
1645 2361 1759 2401 quae

263 2409 527 2451 aedificatur
558 2424 690 2465 super
721 2417 850 2465 petra
868 2411 903 2463 ;’'
951 2410 1111 2465 (etiam
1146 2409 1387 2452 “fruetus”
1418 2410 1678 2464 significant
1714 2410 1759 2451 in

264 2471 421 2515 Verbo
451 2487 590 2527 opera
621 2474 874 2523 charitatis,
907 2480 955 2515 et
989 2478 1162 2528 “petra
1175 2473 1195 2490 ’²
1220 2473 1356 2515 fidem
1388 2488 1448 2515 ex
1481 2474 1707 2515 charitate
1724 2471 1757 2527 ;)

263 2542 312 2577 at
343 2536 407 2577 illi
438 2537 512 2590 qui
543 2537 588 2578 in
620 2536 707 2578 fide
731 2543 943 2591 separata
974 2551 1001 2578 a
1033 2537 1260 2578 charitate
1292 2542 1414 2586 sunt,
1441 2537 1760 2590 intelliguntur

263 2612 343 2653 per
367 2599 611 2640 “arborem
635 2613 725 2640 non
753 2599 994 2640 facientem
1022 2598 1189 2641 fructus
1214 2599 1400 2648 bonos‚”
1423 2606 1468 2641 et
1495 2613 1574 2653 per
1598 2599 1758 2640 “aedi-

263 2661 454 2703 ficantes
485 2662 668 2702 domum
703 2676 836 2716 super
866 2676 1004 2703 arena
1024 2662 1058 2714 ;”
1102 2661 1261 2716 (etiam
1296 2661 1504 2703 “fru&us
1540 2661 1647 2703 mali
1664 2661 1683 2677 ”
1713 2662 1757 2702 in

263 2724 420 2766 Verbo
441 2724 699 2777 significant
726 2739 864 2778 opera
885 2725 1019 2775 mala,
1043 2731 1090 2766 et
1116 2724 1321 2766 “arena'’
1339 2724 1473 2766 fidem
1500 2730 1757 2779 separatam

263 2802 289 2829 a
315 2787 538 2845 charitate
555 2786 586 2841 3)
615 2787 682 2828 'de
706 2787 786 2828 xhis
817 2788 981 2829 dicitur
1011 2788 1133 2842 quod
1165 2786 1340 2837 dicturi,
1377 2788 1627 2837 “Domine,
1662 2787 1756 2828 Do-

263 2851 397 2900 mine,
421 2850 543 2904 aperi
565 2850 734 2899 nobis,’‘
757 2851 837 2892 sed
863 2851 984 2904 quod
1007 2864 1275 2905 responsum
1298 2850 1447 2900 laturi,
1474 2851 1757 2904 “Nunquam

263 2914 369 2955 novi
394 2927 505 2964 vos3
538 2913 761 2955 discedite
787 2927 814 2955 a
840 2913 915 2956 Me
941 2927 1101 2956 omnes
1123 2912 1313 2969 operarii
1340 2912 1628 2969 iniquitatis.’'
1687 2912 1756 2955 Si-

264 2976 431 3018 militer
457 2976 575 3030 apud
602 2975 780 3026 Lucam,
