2060 3476
328 343 413 396 486
743 350 1074 385 APOCALYPSIS
1106 351 1402 384 EXPLICATA.

328 466 486 520 recipit
527 471 573 507 et
614 465 835 519 agnoscit,
868 470 938 506 est
979 465 1097 506 enim
1129 465 1353 519 proprium
1387 464 1579 506 hominis
1611 477 1700 505 non
1732 465 1814 506 nisi

328 543 462 583 quam
480 528 661 576 malum,
680 534 726 569 et
749 528 916 568 malum
934 528 1075 581 rejicit
1093 541 1226 568 omne
1249 528 1418 568 bonum
1437 533 1482 567 et
1506 540 1640 568 omne
1658 540 1812 568 verum

298 592 440 651 vcaeli
466 598 512 633 et
543 590 786 632 ecclesiae.
818 591 921 632 inde
947 597 1157 632 constare
1189 596 1341 644 potest
1374 603 1449 630 cur
1480 589 1741 638 humiliatio,
1767 595 1813 631 et

327 654 446 695 unde
491 660 560 695 est
605 654 724 708 quod
769 668 847 708 per
888 654 1160 729 “procidere
1197 659 1243 695 et
1283 652 1501 694 adorare”
1541 651 1815 705 significetur

327 717 577 759 humiliatio
603 723 649 759 et
675 724 782 758 tunc
809 705 981 770 agnitio
1008 717 1155 758 corde.

406 788 532 831 292.
570 778 649 819 “ft
673 778 916 832 abjmiebant
942 790 1118 818 cor-onas
1145 790 1246 818 suas
1275 789 1414 817 comm
1438 776 1608 816 throno!
1610 775 1814 828 '—Qu0d

328 839 550 893 significet
575 839 920 881 humzlz'atz'onem
944 846 985 880 et
1009 845 1108 879 tunc
1131 838 1396 891 agnzfltzonem
1420 838 1546 879 corde
1565 837 1684 891 quod
1703 837 1819 878 ni'lczl

328 902 430 944 bom·
445 917 501 943 ex
520 903 626 952 illis,
650 903 733 944 sed
748 903 866 956 quod
885 915 1008 943 omne
1030 916 1059 942 a
1083 901 1282 950 Domum,
1307 907 1487 942 constat
1509 915 1568 942 ex
1591 900 1814 954 significa-

328 966 485 1007 tione‘
493 965 735 1014 ‘sscoronae
739 965 888 1019 ‘quod
915 966 972 1006 sit
998 965 1166 1005 bonum
1192 970 1238 1005 et
1263 964 1367 1004 inde
1389 965 1607 1017 sapientia
1631 963 1707 1017 (de
1729 977 1816 1017 qua

327 1042 472 1082 supra,
492 1042 533 1069 n.
551 1028 681 1082 272);
714 1034 760 1069 et
777 1041 835 1068 ex
854 1026 1209 1089 significatione‘
1217 1026 1426 1079 abjicere
1444 1040 1593 1068 coram
1612 1026 1816 1074 throno,”

328 1105 407 1132 seu
432 1092 490 1132 ibi
517 1091 769 1139 demittere,
793 1090 912 1151 quod
936 1091 992 1131 sit
1009 1104 1074 1131 ex
1097 1080 1406 1131 humiliatione
1427 1103 1674 1142 agnoscere
1697 1089 1815 1143 quod

328 1154 371 1194 id
395 1167 484 1194 non
510 1168 536 1194 a
560 1160 704 1194 semet
726 1153 806 1194 sed
828 1167 854 1194 a
878 1152 977 1194 solo
999 1153 1209 1201 Domino,
1234 1165 1337 1192 nam
1362 1152 1621 1205 “abjicere''
1644 1159 1712 1193 est
1735 1152 1816 1192 sibi

328 1217 549 1265 abdicare,
575 1220 654 1257 et‘
661 1216 923 1270 ‘demittere
946 1228 1097 1256 coram
1119 1215 1313 1256 throno'’
1335 1221 1404 1256 est
1427 1228 1674 1268 agnoscere
1695 1214 1815 1268 quod

326 1280 371 1321 id
402 1293 428 1320 a
453 1279 550 1321 solo
576 1279 784 1320 Domino.
846 1279 1021 1320 Bonum
1047 1278 1166 1332 quod
1197 1278 1267 1319 hic
1294 1291 1372 1331 per
1396 1281 1624 1319 “coronas
1637 1277 1656 1292 '’
1677 1278 1815 1330 signi-

327 1342 499 1392 ficatur,
526 1348 597 1383 est
627 1342 795 1383 bonum
820 1342 982 1382 amoris
1009 1347 1054 1382 et
1081 1341 1338 1392 charitatis;
1371 1341 1456 1382 hoc
1482 1341 1648 1382 bonum
1674 1340 1815 1381 influit

327 1420 354 1446 a
375 1405 473 1447 solo
496 1406 706 1454 Domino,
726 1419 776 1446 ac
795 1405 1004 1458 recipitur
1020 1405 1077 1445 ab
1093 1403 1266 1458 angelis
1284 1403 1395 1445 caeli
1417 1410 1464 1445 et
1486 1403 1543 1444 ab
1564 1403 1816 1448 hominibus

327 1468 545 1510 ecclesiae
575 1469 620 1509 in
651 1469 766 1509 veris
797 1482 909 1521 quae
941 1481 1001 1508 ex
1034 1467 1200 1508 Verbo.
1272 1466 1394 1508 Vera
1425 1479 1538 1520 quae
1569 1479 1629 1506 ex
1660 1465 1815 1506 Verbo

327 1532 445 1585 apud
476 1531 687 1584 angelum
711 1537 757 1572 et
783 1531 900 1584 apud
932 1530 1159 1571 hominem
1190 1530 1234 1570 in
1265 1542 1418 1570 eorum
1445 1529 1660 1570 memoria
1685 1534 1815 1578 sunt;

327 1594 493 1635 exinde
531 1594 750 1634 Dominus
787 1599 948 1634 evocat
985 1592 1060 1634 illa
1099 1599 1144 1634 et
1182 1592 1412 1645 conjungit
1449 1592 1569 1632 bono
1600 1597 1816 1644 quantum

327 1656 516 1710 angelus
541 1663 618 1697 aut
650 1656 786 1697 homo
817 1657 861 1696 in
893 1654 1127 1696 affectione
1153 1656 1244 1696 veri
1276 1654 1491 1708 spirituali
1522 1660 1605 1702 est,
1634 1667 1746 1707 quae
1777 1654 1817 1694 ei

327 1726 396 1761 est
422 1720 602 1773 quando
627 1719 736 1760 vivit
762 1719 1007 1760 secundum
1032 1732 1138 1759 vera
1163 1732 1222 1758 ex
1249 1717 1416 1759 Verbo.
1477 1715 1742 1770 Conjuntstio
1767 1716 1816 1757 fit

326 1783 371 1823 in
393 1783 590 1823 interiori
613 1796 690 1823 seu
708 1781 923 1836 spirituali
946 1781 1142 1830 homine,
1161 1787 1207 1821 et
1229 1780 1332 1822 inde
1355 1779 1403 1821 fit
1428 1781 1472 1820 in
1491 1779 1716 1821 exteriore
1738 1792 1816 1819 seu

327 1845 519 1886 naturali
536 1845 729 1886 homine.
790 1842 1055 1897 Conjunfflo
1071 1843 1147 1884 illa
1164 1844 1269 1884 facit
1283 1843 1520 1884 ecclesiam
1536 1842 1652 1896 apud
1670 1841 1813 1882 homi-

328 1922 431 1950 nem
454 1909 559 1949 dum
581 1909 625 1948 in
648 1908 776 1949 terris
798 1908 921 1956 vivit,
946 1914 992 1948 et
1018 1913 1177 1960 postea
1197 1907 1302 1947 facit
1325 1906 1498 1947 caelum
1520 1905 1636 1959 apud
1663 1904 1813 1945 illurn:

326 1972 429 2012 inde
447 1978 574 2025 patet
590 1971 707 2025 quod
725 1971 892 2024 absque
909 1970 984 2010 illa
1001 1968 1314 2022 conjunCtione
1332 1982 1465 2010 nemo
1482 1969 1623 2022 possit
1638 1967 1812 2015 salvari,

326 2041 424 2076 tum
455 2035 575 2088 quod
611 2033 734 2074 nulla
764 2032 1020 2086 conjunctio
1052 2033 1157 2074 boni
1195 2039 1241 2074 et
1271 2033 1364 2073 veri
1400 2032 1529 2073 detur
1561 2031 1642 2071 nisi
1678 2030 1815 2071 homo

326 2098 450 2138 vivat
465 2098 605 2138 vitam
620 2097 783 2138 amoris
799 2109 808 2137 :
839 2097 986 2137 vivere
1001 2097 1140 2136 vitam
1155 2096 1318 2136 amoris
1333 2101 1402 2135 est
1416 2094 1560 2135 facere
1575 2100 1816 2147 praecepta

327 2160 523 2209 Domini,
548 2172 652 2200 nam
674 2172 824 2200 amare
847 2165 916 2199 est
938 2159 1108 2209 facere;
1140 2158 1260 2212 quod
1286 2158 1404 2198 enim
1426 2157 1562 2198 homo
1584 2162 1706 2197 amat
1729 2156 1814 2197 hoc

326 2223 423 2264 vult
454 2230 500 2264 et
531 2223 616 2264 hoc
642 2222 772 2273 facit3
805 2222 924 2275 quod
950 2228 1100 2262 autem
1133 2235 1222 2262 non
1253 2227 1375 2262 amat
1406 2220 1492 2261 hoc
1525 2233 1615 2260 non
1641 2218 1737 2266 vult
1768 2226 1815 2260 et

328 2286 431 2327 ideo
457 2299 547 2327 non
573 2285 692 2326 facit.
1270 2319 1276 2325 ,

406 2366 538 2410 293.
567 2355 831 2403 “Dicentos,¹'
845 2365 951 2404 [Vers.
967 2365 1030 2404 11.]
1049 2354 1229 2408 “Dignus
1248 2367 1310 2402 os,
1328 2354 1504 2401 Domine,
1521 2353 1712 2406 accipet-o
1728 2353 1818 2407 qlo-

327 2416 433 2457 m'am
456 2421 498 2457 oi
519 2416 711 2456 honorem
735 2419 779 2456 et
794 2413 1276 2468 potestatem.”—Quod
1301 2413 1525 2467 significet
1549 2414 1756 2454 meritum
1769 2419 1818 2466 >et

326 2478 558 2534 justitiam
580 2491 691 2530 quae
709 2477 876 2517 Divino
895 2476 1104 2517 Humano
1124 2475 1316 2524 Domini,
1332 2475 1451 2528 quod
1469 2489 1524 2515 ex
1547 2489 1591 2515 eo
1612 2474 1673 2515 sit
1696 2487 1818 2515 omne

326 2541 540 2582 Divinum
581 2540 740 2581 Verum
775 2546 817 2580 et
847 2539 1061 2580 Divinum
1096 2539 1279 2588 Bonum,
1312 2552 1362 2579 ac
1397 2537 1602 2586 salvatio,
1635 2543 1816 2578 constat

328 2619 387 2646 ex
420 2603 749 2657 significatione
774 2603 987 2656 “Dignus
1018 2616 1079 2652 eS,
1105 2602 1337 2651 Domine,”
1369 2601 1487 2655 quod
1519 2601 1576 2641 sit
1608 2601 1816 2641 meritum

327 2675 374 2710 et
395 2667 570 2721 justitia
594 2680 707 2720 quae
730 2666 895 2707 Divino
920 2666 1133 2707 Humano
1157 2666 1338 2706 Domini
1364 2665 1440 2718 (de
1458 2678 1545 2718 qua
1566 2664 1785 2717 sequitur)
1806 2678 1814 2713 ;

298 2743 387 2772 rex
419 2729 747 2784 significatione
781 2729 988 2783 “gloriae
1020 2735 1066 2770 et
1109 2728 1330 2777 honoris,'’
1362 2741 1461 2769 cum
1505 2728 1560 2768 de
1604 2727 1814 2774 Domino,

328 2794 448 2848 quod
471 2795 559 2834 sint
583 2793 793 2834 Divinum
811 2793 981 2833 Verum
1004 2798 1049 2833 et
1073 2792 1283 2832 Divinum
1299 2792 1474 2832 Bonum
1497 2804 1610 2844 quae
1632 2790 1689 2830 ab
1711 2790 1816 2843 Ipso

332 2856 408 2910 (de
440 2870 528 2910 qua
558 2869 703 2910 supra,
731 2869 772 2896 n.
799 2855 928 2909 288);
966 2861 1012 2896 et
1044 2869 1103 2896 ex
1135 2854 1463 2908 significatione
1497 2853 1817 2907 “potestatis‚'’

327 2920 447 2973 quod
480 2920 536 2960 sit
558 2919 762 2960 salvatio.
809 2917 942 2971 Quod
966 2917 1237 2972 “potestas'’
1259 2918 1329 2958 hic
1355 2917 1652 2958 salvationem
1676 2916 1813 2969 signi—

327 2981 444 3031 ficet,
464 2988 533 3023 est
551 2982 652 3036 quia
668 2981 813 3022 omnis
835 2987 1040 3034 potestas
1059 2980 1220 3021 Divina
1243 2980 1364 3021 illam
1387 2978 1563 3033 speetat
1582 2985 1630 3020 ut
1653 2978 1785 3019 finem
1803 2993 1812 3030 ς
