2060 3476
649 370 755 404 CAP.
778 370 837 411 v.,
861 370 1002 403 VERS.
1023 360 1173 403 6.—N.
1199 359 1356 416 314[c].
1676 370 1754 415 545

259 485 536 536 Humanum,
556 498 660 527 nam
683 484 905 526 Dominus
926 484 1075 539 quoad
1096 484 1207 526 illud
1224 491 1322 526 erat
1344 485 1440 539 ipsa
1462 484 1758 535 Innocentia;

257 556 305 591 ut
331 549 376 590 in
402 549 694 604 sequentibus
720 549 832 590 locis
849 548 1059 602 z-—Apud
1084 547 1290 597 Esaiam,

327 638 598 672 “Exactionem
624 640 805 678 sustinuit,
832 645 868 671 et
895 637 1048 671 afflictus
1072 645 1138 677 est.
1166 649 1239 671 non
1266 646 1386 671 tamen
1411 639 1551 681 aperuit
1574 649 1616 671 os
1640 649 1757 678 suum,

433 684 525 716 sicut
542 694 658 725 agnus
674 684 719 716 ad
737 681 992 716 mad’tationem
1011 683 1151 715 ducitur
1162 683 1180 695 '’
1197 681 1306 724 (mliii.
1325 685 1376 723 7):

257 757 379 811 apud
405 758 618 807 eundem,

326 835 350 848 ‘⁸
361 833 494 866 Mittite
510 844 644 874 agnum
663 834 911 866 Dominatoris
928 839 1044 866 terrae
1061 834 1106 866 de
1123 840 1225 876 petra
1241 843 1368 866 versus
1384 834 1577 872 desertum,
1597 833 1642 867 ad
1658 843 1762 866 mon·

432 883 505 909 tem
522 877 616 909 filiae
633 878 788 910 Zionis''
805 877 889 918 (xvi.
908 878 958 919 1):

257 951 378 1005 apud
403 951 677 1002 Jokannem,

326 1025 546 1069 “Johannes
570 1027 659 1059 vidit
674 1026 799 1069 Jesum
816 1028 1022 1060 venientem
1047 1028 1093 1060 ad
1117 1028 1229 1066 illum,
1249 1033 1285 1060 et
1308 1028 1404 1066 dicit,
1426 1027 1516 1059 Ecce
1540 1027 1667 1068 Agnus
1694 1026 1761 1058 Dei

433 1070 492 1111 qui
516 1071 610 1102 tollit
633 1077 817 1111 peccatum
842 1072 988 1104 mundi:
994 1071 1013 1083 ’¹
1038 1078 1073 1103 et
1097 1078 1224 1113 postea
1239 1071 1330 1103 vidit
1351 1071 1475 1114 Jesum
1501 1071 1758 1108 ambulantem,

432 1114 558 1152 dixitst
565 1114 676 1146 ‘Ecce
693 1114 820 1156 Agnus
839 1114 936 1147 Dei”
952 1115 988 1155 (i.
1007 1113 1096 1156 [²129,
1115 1116 1189 1156 36).

258 1186 302 1226 in
327 1185 622 1238 Apocalypsi,

328 1264 350 1277 ‘⁴
361 1262 493 1347 Agrzus·
501 1263 538 1294 in
552 1263 670 1347 medio
684 1263 805 1295 throni
820 1269 942 1304 pascet
959 1273 1034 1301 eos,
1049 1270 1084 1295 et
1094 1264 1244 1296 deducet
1257 1263 1302 1296 ad
1314 1264 1416 1295 vivos
1428 1263 1548 1295 fontes
1560 1272 1731 1304 aquarum
1743 1261 1762 1273 ’⁹

447 1317 506 1339 vu.
525 1314 564 1346 17
591 1318 598 1339 :

258 1386 306 1422 et
332 1380 455 1430 alibi,

371 1450 576 1482 “Vicerunt
592 1460 655 1492 per
671 1451 886 1492 sanguinem
905 1451 1003 1492 Agni
1021 1457 1056 1483 et
1074 1452 1222 1483 verbum
1241 1451 1439 1483 testimonii
1452 1450 1469 1462 '’
1494 1450 1568 1491 (xii.
1588 1450 1661 1491 11);

258 1538 441 1586 praeter
465 1532 606 1574 etiam
632 1532 742 1574 alibi
766 1532 811 1573 in
836 1533 877 1574 A
879 1532 1118 1586 pocahtpsz'

325 1607 392 1649 (Ut
407 1618 485 1650 cap.
501 1609 573 1642 xiii.
590 1610 609 1640 8
623 1619 630 1648 ;
662 1619 739 1651 cap.
756 1610 827 1643 xiv.
846 1619 874 1648 1,
889 1619 931 1649 4;
960 1620 1036 1651 cap.
1051 1610 1135 1642 xvii.
1153 1618 1213 1649 14:
1242 1620 1318 1651 cap.
1335 1610 1406 1643 xix.
1421 1618 1450 1649 7.
1464 1620 1505 1651 9:
1529 1620 1606 1651 cap.
1620 1610 1692 1642 xxi.
1707 1618 1761 1647 22,

436 1661 500 1692 23:
525 1663 602 1694 cap.
619 1654 704 1686 xxii.
722 1661 752 1692 1,
766 1654 810 1694 3).

261 1739 488 1793 Quoniam
509 1741 846 1782 “holocausta”
868 1748 915 1783 et
940 1741 1224 1783 “sacrificia‘’
1247 1741 1562 1796 significabant
1581 1756 1763 1783 omnem

259 1802 431 1844 cultum
457 1805 895 1858 repraesentativum
922 1818 981 1846 ex
1007 1805 1129 1846 bono
1155 1806 1320 1846 amoris
1342 1812 1389 1847 et
1415 1820 1475 1847 ex
1500 1807 1616 1847 veris
1642 1806 1761 1854 inde,

262 1866 599 1908 “holocausta''
626 1881 686 1908 ex
718 1868 840 1909 bono
866 1869 1030 1909 amoris
1056 1875 1102 1910 et
1132 1868 1420 1910 “sacrificia’'
1446 1870 1489 1910 in
1522 1869 1672 1923 specie
1703 1883 1762 1909 ex

260 1930 377 1971 veris
402 1930 521 1980 inde,
549 1931 652 1972 ideo

325 2019 462 2062 Quovis
479 2021 547 2057 die,
567 2031 717 2062 vespere
734 2027 770 2053 et
794 2031 912 2059 mane,
934 2021 1041 2054 fiebat
1058 2021 1307 2054 holocaustum
1333 2032 1378 2054 ex
1401 2022 1506 2063 agnis
1523 2022 1648 2062 (Exod.
1665 2022 1762 2054 xxix.

436 2065 568 2104 38-43;
591 2066 704 2097 Num.
721 2066 844 2097 xxviii.
864 2067 959 2106 1-9):

326 2107 464 2149 Quovis
482 2108 664 2160 Sanbatho
681 2119 726 2141 ex
742 2109 836 2141 binis
849 2110 965 2150 agnis,
982 2115 1124 2151 praeter
1135 2110 1385 2142 holocaustum
1399 2109 1484 2151 juge
1498 2120 1542 2142 ex
1553 2109 1623 2142 illis
1636 2109 1761 2150 (Num.

327 2194 370 2227 In
387 2153 695 2228 ini'tti'iglrlrlxe‘iisiffgri
711 2206 756 2228 ex
773 2203 911 2237 septem
928 2197 1032 2238 agnis
1050 2197 1175 2236 (Num.
1189 2197 1311 2229 xxviii.
1332 2197 1471 2238 11-15),
1464 2207 1471 2213 ·

326 2239 496 2271 Similiter
511 2240 568 2271 die
585 2241 820 2281 primitiarum
837 2240 964 2280 (Num.
980 2242 1103 2274 xxviii.
1121 2242 1163 2273 26
1179 2241 1224 2273 ad
1241 2242 1300 2273 fin.
1306 2242 1338 2281 );

326 2283 496 2315 Similiter
513 2293 637 2316 mense
654 2285 819 2325 septimo,
840 2285 983 2326 quando
1000 2286 1212 2317 convocatio
1229 2284 1355 2317 santsta
1371 2285 1497 2325 (Num.
1511 2285 1608 2318 xxix.
1627 2285 1723 2325 1-7),

327 2326 508 2364 Similiter,
529 2337 659 2368 nempe
676 2338 721 2360 ex
737 2335 875 2369 septem
895 2329 1011 2370 agnis,
1031 2322 1184 2370 singulis
1204 2329 1328 2361 diebus
1348 2329 1547 2367 Paschafis,
1564 2335 1706 2370 praeter
1721 2339 1766 2360 ex

435 2371 573 2403 duobus
589 2372 721 2410 vitulis,
741 2372 851 2404 ariete
867 2382 951 2410 uno,
971 2379 1007 2404 et
1024 2373 1123 2404 hirco
1139 2383 1213 2404 uno
1229 2373 1355 2413 (qum.
1373 2373 1494 2406 xxviii.
1515 2373 1575 2404 16-
1559 2373 1653 2413 -:24)

261 2461 382 2515 quod
415 2464 515 2502 “ex
551 2468 728 2516 septem
760 2462 932 2516 agnis‚”
962 2469 1059 2504 erat
1092 2476 1227 2504 causa
1265 2464 1367 2517 quia
1404 2477 1482 2517 per
1516 2467 1731 2517 “septem
1745 2463 1764 2478 ’'

261 2523 539 2578 significatur
565 2538 700 2566 omne
726 2532 773 2566 et
800 2525 997 2579 plenum,
1021 2539 1073 2567 ac
1106 2526 1392 2580 praedicatur
1414 2527 1470 2567 de
1496 2525 1681 2577 san&o;
1713 2534 1760 2568 et

262 2588 366 2641 quia
402 2601 480 2641 per
514 2587 854 2630 “holocausta'’
886 2589 930 2629 in
967 2590 1196 2630 communi
1236 2588 1576 2642 significabatur
1613 2590 1761 2631 cultus

262 2649 447 2691 Domini
473 2664 532 2691 ex
560 2651 683 2692 bono
714 2652 894 2700 amoris,
922 2658 968 2693 et
1000 2652 1169 2693 bonum
1201 2653 1365 2693 amoris
1396 2653 1439 2693 in
1468 2652 1711 2693 Dominum
1738 2667 1764 2693 a

262 2713 460 2754 Domino
491 2720 562 2755 est
593 2714 738 2768 ipsum
769 2714 939 2756 bonum
973 2715 1289 2764 innocentiae„
1311 2729 1363 2756 ac
1396 2729 1475 2769 per
1503 2715 1763 2768 “Agnum’'

261 2775 306 2814 in
337 2787 551 2828 supremo
576 2789 713 2816 sensu
741 2774 1085 2829 significabatur
1110 2775 1335 2817 Dominus
1361 2777 1513 2830 quoad
1545 2777 1762 2818 Divinum

263 2833 543 2875 Humanum.
591 2846 705 2883 (Quod
717 2843 735 2854 “
745 2846 934 2876 holocausta
944 2846 961 2856 '’
976 2846 1222 2884 significaverint
1236 2856 1367 2876 omnem
1382 2848 1505 2876 cultum
1521 2856 1560 2876 ex
1573 2848 1661 2876 bono
1673 2856 1764 2876 amo-

260 2897 302 2926 ris
316 2906 336 2927 a
351 2897 515 2927 Domino
508 2907 540 2927 in
556 2898 744 2934 Dominum,
757 2899 902 2929 videatur
916 2909 947 2930 n.
963 2909 1033 2938 923,
1049 2900 1139 2938 6905,
1155 2901 1245 2935 8680,
1262 2901 1351 2938 8936,
1370 2901 1493 2939 10042.)
1537 2888 1611 2930 Ob
1633 2889 1760 2931 illam

260 2943 725 2996 repraesentationem
751 2945 889 2985 etiam
915 2945 1128 2985 instituta
1152 2951 1223 2986 est

481 3032 581 3066 Cena
600 3033 782 3067 Paschalis
795 3044 839 3067 ex
855 3035 960 3076 agnis
979 3041 1040 3067 aut
1056 3035 1178 3067 haedis
1196 3035 1320 3076 (Exod.
1337 3035 1397 3068 xii.
1417 3035 1535 3076 1-29):

776 3155 797 3162 s
