2060 3476
311 343 398 398 456
727 355 1061 389 APOCALYPSIS
1092 357 1392 390 EXPLICATA.

311 465 425 507 salsa
450 472 497 508 et
530 466 663 515 mala,
691 467 794 508 ideo
820 467 1095 520 juxtaduas
1127 482 1287 510 manus
1319 469 1472 510 throni
1503 483 1530 510 a
1561 469 1805 512 Salamone

311 528 536 570 aedificati
563 535 692 571 erant
718 530 807 571 duo
834 530 1002 580 leones,
1031 538 1077 572 et
1109 532 1348 573 duodecim
1381 531 1535 573 leones
1562 546 1695 586 super
1719 547 1803 574 sex

310 592 523 645 gradibus
554 593 656 634 hine
689 593 793 635 inde
827 591 901 647 (1¹³1
931 594 1040 648 Reg.
1067 609 1112 635 x.
1146 595 1314 649 18—20).
1375 595 1450 636 Ex
1487 595 1556 635 his
1588 601 1800 637 constare

311 661 465 708 potest
491 655 597 709 quid
623 669 702 709 per
725 656 961 706 “leones‚'’
982 670 1084 698 cum
1110 657 1167 699 de
1190 658 1403 706 Domino,
1428 657 1557 699 caelo
1583 664 1631 699 et
1653 656 1803 700 eccle-

310 718 375 759 sia
406 719 556 771 agitur
586 719 630 760 in
663 719 831 768 Verbo,
866 719 1157 773 significatur.
1220 721 1302 762 Per
1330 721 1525 761 “leones
1538 720 1556 736 ”
1586 721 1727 761 etiam
1758 721 1804 762 in

310 781 466 822 Verbo
488 781 767 835 significatur
788 784 995 836 potentia
1016 783 1116 824 falsi
1138 798 1198 824 ex
1221 783 1356 832 malo,
1381 798 1459 837 per
1481 783 1602 837 quod
1625 784 1803 825 destru-

309 845 398 886 itur
423 851 470 886 et
497 851 703 887 vastatur
727 846 920 887 ecclesia
937 846 1075 888 z—Ut
1100 846 1220 900 apud
1246 847 1507 895 Jeremz'am,

378 933 549 966 “Contra
573 932 687 966 [²leum
713 934 856 974 rugiunt
880 934 1003 966 leones
1027 934 1189 975 juvenes,
1209 935 1320 967 edunt
1343 945 1468 967 vocem
1493 945 1606 974 suam,
1634 935 1803 976 redigunt

483 984 615 1010 terram
633 978 668 1009 in
686 978 889 1010 vastitatem
901 977 919 990 ’'
937 978 985 1018 (ii.
1002 978 1075 1018 15):

310 1065 356 1096 et
383 1055 500 1108 apud
527 1055 732 1104 Esaiam,

376 1130 473 1162 Gens
501 1131 635 1171 “cujus
659 1131 730 1163 tela
753 1138 866 1170 acuta,
887 1138 921 1163 et
946 1141 1071 1164 omnes
1096 1142 1198 1164 arcus
1222 1132 1300 1174 ejus
1325 1133 1429 1172 tensi,
1450 1134 1604 1174 ungulae
1629 1143 1801 1175 equorum

483 1174 561 1215 ejus
575 1175 665 1206 sicut
682 1185 788 1216 rupes
805 1182 1014 1216 reputantur
1027 1185 1050 1214 ;.
1065 1201 1072 1208 .
1086 1201 1093 1207 .
1109 1176 1260 1216 mugitus
1277 1176 1327 1208 illi
1346 1177 1437 1208 sicut
1453 1177 1579 1215 leonis,
1600 1177 1694 1218 rugit
1710 1177 1803 1210 sicut

484 1219 541 1250 leo
557 1218 710 1259 juvenis,
731 1226 765 1250 et
783 1219 901 1250 fremit
918 1225 953 1251 et
970 1220 1204 1260 apprehendit
1218 1221 1386 1261 praedam
1399 1220 1416 1233 ''
1435 1220 1481 1261 (v.
1497 1222 1549 1259 28,
1568 1221 1633 1261 29).

312 1295 494 1336 Praeter
521 1295 674 1336 multis
701 1295 798 1336 aliis
824 1296 867 1336 in
896 1296 1007 1337 locis

375 1369 439 1408 (Ut
456 1369 554 1401 Esai.
572 1369 618 1402 xi.
633 1369 673 1407 6;
699 1379 774 1410 cap.
790 1380 895 1401 xxxv.
910 1379 948 1410 9:
979 1370 1106 1412 Jerem.
1123 1370 1169 1402 iv.
1185 1378 1203 1410 7
1219 1380 1226 1409 ;
1252 1380 1328 1411 cap.
1343 1381 1375 1403 v.
1389 1371 1409 1401 6
1424 1380 1430 1408 ;
1456 1381 1533 1411 cap.
1549 1369 1643 1403 [³1xii.
1660 1371 1678 1402 8
1694 1381 1701 1409 ;
1725 1381 1803 1412 cap.

484 1413 505 1444 l.
523 1421 582 1451 17:
615 1423 691 1453 cap.
706 1413 741 1445 li.
756 1414 816 1452 38:
849 1414 971 1445 Ezech.
986 1413 1056 1445 xiX.
1071 1422 1101 1452 3,
1118 1422 1147 1452 5,
1162 1414 1201 1446 6:
1230 1415 1356 1447 Hosclz.
1373 1414 1446 1446 xiii.
1463 1423 1492 1453 7,
1507 1415 1524 1445 8
1539 1426 1545 1447 ;
1580 1415 1661 1456 Joel
1680 1414 1702 1447 i.
1717 1415 1749 1453 ὁ,
1765 1422 1803 1454 7:

484 1457 617 1489 Psalm.
638 1457 721 1488 xvii.
746 1465 783 1488 12
800 1466 807 1494 ς
840 1457 971 1489 Psalm.
988 1457 1073 1489 xxii.
1093 1466 1132 1497 14
1148 1455 1208 1499 [B.
1221 1459 1267 1490 A.
1287 1456 1341 1499 13]
1359 1467 1366 1494 ς
1399 1459 1530 1490 Psalm.
1548 1458 1621 1490 lvii.
1640 1466 1656 1497 5
1677 1456 1738 1500 [Β.
1755 1460 1802 1490 A.

483 1498 519 1542 4]
536 1510 542 1538 ;
567 1501 700 1533 Psalm.
718 1500 802 1533 lviii.
819 1498 874 1539 [⁴17
890 1499 949 1542 [Β.
966 1502 1012 1533 A.
1027 1499 1062 1542 6]
1079 1510 1085 1539 ;
1110 1501 1243 1533 Psalm.
1258 1501 1326 1534 xci.
1342 1502 1405 1542 13).

348 1622 351 1625 -
389 1594 600 1650 279[a].
639 1595 724 1635 “ft
737 1595 958 1636 seeundum
972 1594 1131 1635 Animal
1142 1594 1272 1636 simile
1292 1594 1643 1648 vitulo.''—Quod
1664 1595 1804 1653 signi-

310 1655 415 1698 ficet
451 1657 762 1710 apparentiam
798 1657 843 1697 in
876 1656 1046 1698 ultimis
1084 1656 1246 1698 Dz'vz'ni
1279 1657 1396 1698 Boni
1428 1656 1577 1710 quoad
1608 1655 1804 1705 tutelam,

311 1727 495 1762 constat
527 1735 586 1761 ex
618 1720 950 1774 significatione
979 1719 1178 1769 “vituli’f
1204 1734 1282 1761 seu
1317 1719 1569 1773 “juvenci‚”
1595 1720 1715 1774 quod
1748 1720 1806 1760 sit

310 1785 478 1825 bonum
505 1784 722 1825 naturalis
749 1784 958 1832 hominis,
987 1784 1031 1824 in
1063 1784 1212 1837 specie
1245 1784 1413 1824 bonum
1441 1783 1731 1824 innocentiae
1758 1789 1805 1824 et

311 1848 547 1889 charitatis
570 1847 688 1900 ejus;
721 1854 767 1889 et
788 1848 890 1901 quia
913 1853 982 1888 est
1006 1847 1175 1887 bonum
1198 1846 1414 1887 naturalis
1437 1846 1645 1895 hominis,
1666 1846 1804 1886 etiam

311 1918 380 1951 est
400 1911 567 1952 bonum
586 1910 699 1951 caeli
718 1910 877 1959 ultimi,
895 1910 981 1951 hoc
1000 1911 1119 1951 enim
1138 1909 1314 1951 caelum
1332 1915 1402 1950 est
1421 1907 1651 1962 spirituale
1670 1914 1804 1949 natu-

311 1971 406 2012 rale
429 1982 588 2020 (videatur
599 1982 630 2011 in
643 1991 740 2020 opere
753 1983 803 2011 De
819 1982 909 2011 Caelo
920 1985 950 2010 et
964 1982 1100 2020 Inferna,
1114 1990 1144 2011 n.
1159 1981 1272 2019 29—31)
1290 1984 1299 2020 2
1331 1975 1377 2010 et
1400 1969 1503 2023 qula
1525 1968 1610 2009 hOC
1633 1968 1803 2008 bonum

311 2034 369 2074 ibi
388 2039 471 2080 est,
490 2034 591 2074 ideo
609 2039 679 2074 est
694 2033 900 2074 custodia
915 2046 992 2073 seu
1008 2031 1153 2073 tutela
1171 2045 1227 2073 ne
1241 2022 1355 2072 caeli
1374 2031 1622 2084 superiores
1634 2029 1804 2070 adean-

312 2103 383 2137 tur
401 2097 483 2136 nisi
507 2110 584 2149 per
606 2096 774 2136 bonum
792 2095 957 2135 amoris
976 2101 1023 2136 et
1042 2094 1304 2135 charitatis:
1337 2093 1441 2134 inde
1460 2098 1530 2133 est
1548 2092 1669 2146 quod
1692 2105 1804 2132 unus

311 2158 533 2199 cherubus
556 2157 711 2197 similis
733 2163 855 2198 esset
873 2156 1029 2197 vitulo.
1091 2155 1227 2209 Quod
1250 2155 1361 2195 haec
1385 2154 1652 2208 apparentia
1673 2153 1804 2195 fuerit

311 2221 355 2261 in
374 2220 557 2268 ultimis,
574 2220 781 2260 videatur
799 2232 908 2259 mox
927 2232 1058 2272 supra
1079 2217 1141 2272 (n.
1161 2216 1352 2270 278[a]).
1414 2216 1549 2269 Quod
1569 2215 1774 2257 “vitulus
1787 2215 1806 2232 '³

312 2297 389 2323 seu
410 2282 661 2335 “juvencus
675 2281 694 2297 ”
711 2280 934 2334 significet
956 2281 1123 2321 bonum
1143 2279 1361 2320 naturalis
1384 2278 1593 2327 hominis,
1614 2284 1685 2319 est
1703 2279 1807 2332 quia

312 2345 389 2386 illa
406 2358 521 2399 quae
544 2358 602 2385 ex
626 2350 834 2384 armento
854 2349 984 2383 erant
1007 2341 1324 2395 significabant
1347 2339 1607 2382 affeffiones
1630 2340 1736 2381 boni
1758 2347 1805 2381 et

311 2409 404 2449 veri
430 2409 474 2447 in
501 2413 695 2448 externo
721 2420 799 2446 seu
825 2405 1018 2446 naturali
1043 2405 1241 2452 homine,
1265 2410 1311 2444 et
1338 2403 1415 2443 illa
1439 2417 1553 2456 quae
1580 2417 1639 2444 ex
1665 2416 1805 2456 grege

312 2468 571 2511 affectiones
590 2469 696 2509 boni
715 2475 760 2509 et
775 2469 867 2508 veri
884 2469 927 2508 in
943 2468 1122 2508 interno
1138 2480 1215 2507 seu
1230 2465 1447 2519 spirituali
1465 2465 1666 2506 homine:
1691 2479 1806 2518 quae

313 2547 371 2573 ex
389 2545 542 2586 grege,
561 2538 689 2571 erant
709 2531 829 2584 agni,
847 2544 1024 2584 caprae,
1041 2543 1164 2577 oveS,
1181 2529 1358 2575 arietes,
1375 2527 1485 2568 hirci
1502 2541 1511 2577 ;
1544 2533 1590 2567 et
1608 2541 1722 2581 quae
1745 2540 1804 2568 ex

312 2601 534 2642 armento,
563 2599 691 2634 erant
719 2593 873 2641 boves,
897 2592 1092 2645 juvenci,
1116 2590 1259 2631 vituli.
1322 2588 1456 2643 Quod
1486 2588 1731 2642 “juvenci”
1757 2595 1804 2630 et

315 2656 514 2698 “vituli”
545 2656 712 2696 bonum
747 2655 964 2695 naturalis
997 2654 1191 2695 hominis
1224 2651 1496 2705 significent,
1528 2657 1713 2692 constat
1745 2665 1804 2692 ex

310 2720 425 2761 'locis
456 2719 500 2759 in
523 2717 681 2758 Verbo
708 2718 780 2758 ubi
813 2717 1104 2758 nominantur
1120 2715 1385 2755 :—Primum
1413 2727 1472 2754 ex
1499 2713 1804 2766 descriptione

313 2782 611 2824 cheruborum
639 2780 787 2834 quoad
814 2779 968 2833 pedes,
997 2777 1116 2832 apud
1141 2775 1427 2825 Ezechielem,

381 2871 482 2903 “Pes
506 2868 623 2902 rectus
647 2878 781 2906 eorum,
802 2874 837 2899 et
860 2868 943 2899 vola
966 2867 1094 2908 pedum
1119 2876 1253 2904 eorum,
1273 2872 1442 2906 tanquam
1460 2864 1543 2896 vola
1565 2864 1666 2906 pedis
1686 2863 1800 2902 vituli,

486 2914 580 2954 iique
597 2913 769 2944 micantes
786 2913 876 2943 sicut
893 2911 1029 2952 species
1046 2910 1138 2942 aeris
1155 2909 1301 2950 levigati
1313 2908 1331 2920 ’¹
1349 2909 1384 2949 (i.
1401 2909 1432 2950 7)
1446 2918 1453 2948 ;

313 3003 432 3057 quod
472 3003 536 3044 ita
569 3001 688 3042 visus
725 3000 782 3041 sit
823 3003 940 3053 “pes
978 2996 1155 3040 rectu?
1192 3009 1361 3047 eorum,
1400 3001 1498 3038 erat
1528 3008 1665 3038 causa
1700 2995 1803 3050 quia

2055 2923 2060 2931 .
2054 2878 2060 2905 -..
2051 2743 2060 2861 -.μιλάι
2055 2651 2060 2729 -..-Ᾰ-
2051 2473 2060 2629 ,ε-ι-«Αικπψ
