2060 3476
270 365 286 394 1
299 353 347 396 18
520 359 523 361 ’
679 365 1013 400 APOCALYPSIS
1044 368 1344 402 EXPLICATA.

265 475 491 506 '‘duodecim''
514 477 623 506 omnia
643 486 718 507 vera
738 477 770 507 in
791 478 970 516 complexu,
986 488 1017 509 n.
1040 486 1109 517 577,
1132 482 1221 518 2089,
1244 489 1332 518 2129,
1353 489 1442 518 2130.
1458 489 1546 518 3272.
1562 481 1652 518 3858,
1667 488 1756 519 3913.

262 523 654 609 {ggzffitffgffilf’dicnm
675 525 763 562 quod
783 525 817 554 in
837 525 1050 556 fundamentis
1071 527 1153 556 muri
1174 532 1276 557 essent
1291 527 1450 556 “nomina
1470 527 1639 556 duodecim
1653 527 1758 565 Apos-

343 626 470 658 101.
515 625 629 668 [Vers.
648 625 699 669 3.]
741 618 828 658 “Et
864 618 1108 667 sustinuisti,
1147 623 1192 660 et
1230 618 1487 660 tolerantiam
1528 618 1756 659 habes,''—

264 675 398 730 Quod
421 676 644 731 significet
667 678 966 721 resistentiam
986 687 1138 721 contra
1157 680 1258 721 illos
1275 680 1355 734 qui
1366 680 1630 733 impugnant
1649 694 1756 722 vera

259 740 386 794 fidei,
413 747 456 781 et
484 740 795 783 assiduitatem
826 742 1088 793 instruendi,
1121 750 1303 785 constat
1334 757 1394 784 ex
1425 743 1754 796 significatione

265 803 565 853 “sustinere,''
592 817 693 845 cum
725 805 781 846 de
807 805 894 847 illis
920 807 993 861 qui
1023 807 1067 848 in
1094 807 1427 860 cognitionibus
1452 807 1544 847 veri
1570 813 1616 848 et
1648 807 1754 848 boni

262 874 381 916 sunt,
409 867 530 921 quod
562 867 619 908 sit
646 868 904 910 resistentia
930 876 1090 911 contra
1119 870 1222 911 illos
1248 871 1321 924 qui
1353 870 1621 923 impugnant
1646 884 1753 911 vera

263 929 391 980 fidei;
425 944 529 971 nam
555 931 628 985 qui
654 931 699 972 in
722 933 1055 985 cognitionibus
1081 939 1199 982 sunt,
1224 933 1471 974 defendunt
1497 933 1586 982 illa,
1611 940 1657 974 et
1683 947 1752 974 re-

261 994 427 1035 sistunt
449 993 535 1034 illis
557 994 630 1048 qui
653 1001 813 1036 contra
834 995 911 1036 illa
931 1003 1062 1038 sunt:
1096 1003 1142 1038 et
1165 1011 1223 1038 ex
1246 996 1576 1050 significatione
1595 996 1752 1038 “tole-

261 1056 486 1098 rantiam'’
527 1071 604 1098 seu
646 1059 952 1111 “patientiam
964 1058 984 1075 ”
1023 1059 1203 1109 habere,
1245 1059 1366 1114 quod
1411 1060 1468 1101 sit
1513 1060 1752 1102 assiduitas

262 1120 525 1161 instruendi.

344 1179 554 1234 102[a].
592 1186 616 1204 ‘¹
632 1180 718 1235 [Et]
756 1186 927 1236 propiet·
966 1196 1108 1224 nomon
1147 1196 1279 1224 meum
1319 1183 1752 1237 laborasti.''—Quod

261 1240 519 1296 ¹¹¹significet
537 1243 803 1296 agnitionem
819 1244 1004 1286 Domini
1021 1251 1063 1286 et
1081 1245 1370 1299 cognitionum
1390 1245 1492 1286 veri
1508 1259 1618 1299 quae
1633 1252 1752 1298 spec-

262 1312 360 1346 tant
372 1306 541 1359 Ipsum,
558 1312 740 1347 constat
759 1321 816 1348 ex
837 1307 1165 1361 significatione
1181 1312 1206 1329 “
1219 1308 1411 1349 nominis
1423 1308 1441 1324 ''
1457 1308 1656 1361 Jehovae
1674 1323 1752 1350 seu

262 1369 459 1419 Domini,
483 1369 603 1424 quod
625 1370 668 1410 in
691 1383 900 1423 supremo
922 1385 1055 1412 sensu
1077 1372 1134 1413 sit
1158 1371 1368 1412 Divinum
1394 1371 1653 1412 Humanum
1677 1372 1752 1426 lp-

262 1431 352 1471 sius
375 1441 430 1480 (de
445 1451 509 1479 qua
524 1451 554 1472 n.
571 1442 784 1481 2628,6887),
809 1438 855 1472 et
886 1433 931 1473 in
957 1446 1092 1473 sensu
1120 1431 1376 1486 respectivo
1401 1433 1554 1473 omnia
1583 1433 1750 1473 amoris

261 1499 307 1534 et
339 1492 441 1534 fidei
473 1507 551 1546 per
576 1506 691 1547 quae
717 1492 879 1534 colitur
905 1493 1141 1543 Dominus,
1168 1495 1270 1548 quia
1300 1494 1412 1535 haec
1445 1500 1549 1535 sunt
1588 1493 1751 1536 Divina

260 1567 376 1607 quae
407 1567 432 1595 a
463 1554 631 1596 Divino
664 1553 881 1595 Humano
913 1555 1060 1609 Ipsius
1091 1555 1347 1609 procedunt
1378 1566 1423 1604 (n.
1444 1575 1533 1604 2724,
1552 1564 1642 1604 3006,
1661 1566 1751 1603 6674

259 1625 379 1664 9310);
411 1620 458 1655 et
486 1629 545 1655 ex
576 1615 911 1668 significatione
939 1614 1227 1664 “laborare,’'
1248 1614 1370 1668 quod
1400 1614 1459 1655 sit
1488 1613 1751 1657 incumbere

259 1677 410 1716 animo
445 1682 492 1717 et
529 1678 679 1718 studio
717 1684 764 1718 ut
802 1691 856 1718 ea
892 1677 1091 1718 sciantur
1122 1683 1168 1717 et
1205 1681 1525 1729 agnoscantur,
1557 1675 1601 1715 id
1632 1675 1752 1716 enim

259 1738 484 1792 significat
509 1739 789 1789 “laborare‚'’
812 1752 912 1780 cum
938 1739 1100 1780 dicitur
1125 1739 1181 1780 de
1206 1738 1293 1785 illis
1319 1739 1393 1793 qui
1419 1738 1750 1791 cognitionibus

258 1803 350 1842 veri
378 1808 424 1843 et
456 1802 562 1842 boni
594 1803 807 1844 student:
841 1816 900 1843 ex
932 1802 1001 1843 his
1032 1802 1245 1856 sequitur,
1273 1801 1393 1855 quod
1425 1814 1504 1855 per
1530 1804 1752 1855 “propter

259 1877 425 1905 nomen
467 1878 614 1906 meum
657 1865 872 1906 laborasti
885 1864 904 1879 '⁹
945 1863 1222 1917 significetur
1262 1864 1435 1917 agnitio
1476 1863 1659 1904 Domini
1703 1869 1751 1905 et

258 1928 570 1980 cognitionum
619 1941 734 1981 quae
782 1925 991 1981 spectant
1042 1927 1208 1980 Ipsum.
1289 1926 1587 1979 Cognitiones
1635 1939 1750 1979 quae

257 1988 468 2043 spectant
502 1990 669 2043 Ipsum,
698 1996 802 2030 sunt
829 1990 979 2030 omnia
1010 2003 1124 2042 quae
1149 1989 1314 2030 amoris
1339 1995 1385 2030 et
1417 1988 1531 2029 fidei.
1592 1987 1766 2029 Multis'

256 2053 300 2093 in
324 2052 433 2093 locis
455 2053 498 2092 in
523 2051 677 2093 Verbo
699 2052 860 2092 dicitur
883 2055 1106 2105 “propter
1128 2065 1293 2092 nomen
1314 2050 1551 2104 Jehovae,''
1575 2053 1748 2104 “prop-

257 2121 326 2156 ter
352 2128 518 2155 nomen
545 2114 767 2163 Domini‚'’
795 2118 1018 2167 “propter
1050 2127 1214 2154 nomen
1249 2113 1355 2165 Jesu
1395 2112 1598 2162 Christi‚''
1629 2113 1747 2166 quod

258 2175 666 2217 “sanctificandum
693 2189 857 2216 nomen
882 2175 1005 2223 Dei,’'
1027 2182 1074 2216 et
1097 2175 1268 2216 similia.
1329 2174 1400 2215 Illi
1425 2175 1498 2228 qui
1520 2187 1609 2215 non
1632 2174 1747 2215 ultra
1778 2170 1783 2175 ’

256 2252 436 2280 sensum
459 2238 638 2280 litterae
661 2239 880 2292 cogitant,
909 2239 1149 2291 opinantur
1174 2237 1293 2291 quod
1319 2237 1463 2278 solum
1490 2250 1654 2278 nomen
1679 2237 1746 2277 in-

255 2300 516 2354 telligatur;
549 2301 628 2342 sed
656 2315 746 2342 non
769 2300 1039 2354 intelligitur
1062 2314 1241 2351 nomen,
1263 2313 1417 2341 verum
1443 2313 1576 2341 omne
1602 2299 1646 2340 id
1668 2313 1747 2353 per

255 2365 375 2418 quod
402 2364 622 2405 Dominus
649 2364 824 2414 colitur,
852 2363 972 2417 quod
999 2377 1132 2405 omne
1158 2377 1206 2404 se
1232 2363 1364 2404 refert
1391 2363 1447 2404 ad
1474 2376 1673 2404 amorem
1699 2369 1746 2404 et

254 2427 414 2468 fidem:
448 2427 552 2468 inde
583 2441 662 2480 per
689 2430 893 2467 “nomen
926 2426 1108 2467 Domini
1121 2425 1139 2442 ’'
1170 2427 1214 2466 in
1246 2425 1402 2467 Verbo
1433 2425 1746 2479 intelliguntur

254 2491 405 2531 omnia
421 2491 584 2531 amoris
607 2497 652 2531 et
674 2489 789 2538 fidei,
809 2503 887 2543 per
903 2503 1016 2543 quae
1035 2489 1195 2530 colitur
1211 2503 1220 2540 ;
1246 2489 1316 2530 hic
1335 2503 1442 2530 vero
1459 2489 1631 2543 agnitio
1650 2489 1744 2531 Do-

254 2554 362 2595 mini
376 2560 423 2595 et
441 2554 751 2607 cognitionum
765 2554 857 2594 veri
873 2567 986 2607 quae
1004 2551 1212 2606 spectant
1231 2553 1396 2606 Ipsum,
1412 2553 1515 2606 quia
1531 2553 1615 2594 hoc
1634 2553 1743 2594 dici-

254 2625 326 2660 tur
342 2618 399 2659 ad
417 2617 517 2658 illos
535 2618 608 2671 qui
626 2617 762 2657 modo
780 2617 964 2657 student
984 2617 1329 2670 cognitionibus.
1378 2615 1511 2669 Quod
1528 2630 1606 2670 per
1622 2619 1742 2658 “no-

254 2694 358 2722 men
374 2679 604 2734 Jehovae”
622 2694 699 2720 seu
719 2683 743 2699 ‘⁴
757 2679 968 2720 Domini’'
986 2693 1075 2720 non
1098 2678 1377 2732 intelligatur
1394 2680 1536 2733 ipsum
1560 2692 1740 2729 nomen,

255 2744 334 2784 sed
356 2744 506 2785 omnia
522 2743 684 2784 amoris
707 2748 752 2783 et
770 2741 886 2791 fidei,
903 2743 1026 2783 ducit
1044 2755 1222 2783 causam
1245 2756 1303 2782 ex
1322 2741 1538 2795 spirituali
1561 2742 1738 2783 mundo.

254 2806 321 2847 Ibi
353 2807 535 2847 nomina
565 2819 678 2859 quae
714 2806 758 2846 in
790 2806 934 2854 terris,
968 2819 1058 2846 non
1091 2805 1406 2854 enuntiantur3
1449 2804 1527 2845 sed
1559 2805 1742 2846 nomina

253 2882 560 2922 personarum,
588 2869 644 2909 de
675 2869 832 2922 quibus
864 2868 1118 2922 loquuntur,
1146 2868 1395 2908 formantur
1420 2881 1478 2908 ex
1510 2868 1611 2908 idea
1641 2881 1740 2915 om-

253 2932 373 2972 nium
399 2945 512 2986 quae
538 2932 737 2973 sciuntur
762 2932 818 2972 de
849 2931 949 2980 illis,
979 2944 1091 2985 quae
1117 2931 1160 2971 in
1187 2943 1320 2970 unam
1351 2943 1509 2971 vocem
1536 2931 1738 2984 compin-

252 3000 442 3047 guntur:
477 2986 581 3035 talis
603 3000 672 3035 est
699 2994 952 3036 enuntiatio
978 2994 1208 3035 nominum
1234 2994 1278 3034 in
1306 2993 1473 3034 mundo
1495 2993 1710 3046 spirituali
1725 3007 1739 3046 ;
