2060 3476
359 326 446 369 626
773 334 1106 370 APOCALYPSIS
1136 335 1438 374 EXPLtcATA.

361 466 458 496 opere
470 458 521 488 De
536 457 625 488 Caelo
636 460 668 487 et
678 457 813 497 Insa-no,
825 466 857 488 n.
869 457 1036 497 318-328).
1078 446 1198 500 Quia
1214 450 1240 469 “
1251 452 1417 501 gentes
1428 446 1726 500 ”significant
1743 446 1850 488 illos

361 509 435 562 qui
471 508 516 549 in
552 508 673 549 bono
703 508 869 549 amoris
899 514 1019 557 sunt,
1053 514 1100 550 et
1136 522 1215 563 per
1248 507 1480 562 “populos
1494 507 1514 523 ”
1544 507 1620 562 qui
1653 508 1698 548 in
1729 508 1851 549 bono

361 571 598 612 charitatis
620 577 667 612 et
689 571 793 612 inde
810 572 926 613 veris
947 570 1064 620 fidei,
1084 571 1187 613 ideo
1205 571 1366 612 dicitur
1386 574 1411 592 “
1425 571 1684 612 Dominium
1707 570 1851 624 Ipsius

361 634 606 675 dominium
641 640 889 684 aeternum,
923 640 970 676 et
1006 647 1196 687 regnum
1233 634 1379 687 Ipsius
1410 647 1501 674 non
1537 634 1800 687 praeteribit
1817 633 1851 686 ;'’

363 697 678 738 “dominium”
708 698 753 738 in
784 697 939 739 Verbo
970 697 1133 738 dicitur
1163 697 1220 738 de
1251 697 1387 746 bono,
1419 702 1466 738 et
1501 699 1728 750 “regnum
1742 696 1763 712 ”
1793 695 1851 738 de

359 773 493 810 vero;
526 774 662 814 quare
685 760 906 802 Dominus
927 760 1090 801 dicitur
1115 759 1375 800 “Dominus
1387 758 1406 775 '’
1428 773 1488 801 ex
1514 759 1680 800 Divino
1705 758 1849 809 Bono,

359 829 406 865 et
435 823 611 864 “Rex’'
637 837 697 864 ex
725 823 891 864 Divino
916 822 1054 864 Vero.

442 883 526 939 [b.]
569 884 756 926 Praeter
783 884 896 925 haec
928 883 1032 925 loca
1056 884 1197 924 etiam
1222 882 1312 924 alia
1336 883 1517 933 dantur,
1544 897 1660 938 quae
1685 883 1850 925 adduci

358 951 546 999 possent
577 945 634 987 ad
666 944 1024 987 confirmandum
1055 945 1176 999 quod
1207 943 1431 999 “populi'’
1461 944 1717 998 significent
1749 945 1850 987 illos

358 1009 431 1063 qui
467 1009 525 1050 ab
560 1008 752 1050 ecelesia
787 1007 1008 1062 spirituali
1045 1013 1164 1057 sunt,
1196 1014 1243 1049 et
1282 1007 1514 1061 “gentes'’
1545 1007 1647 1049 illos
1684 1009 1757 1062 qui
1793 1008 1851 1051 ab

358 1071 549 1112 ecclesia
571 1071 784 1123 caelesti;
817 1071 897 1112 sed
919 1070 996 1112 illa
1018 1070 1164 1112 solum
1186 1070 1258 1112 hic
1282 1068 1478 1112 addufflm
1500 1077 1604 1111 sunt
1628 1071 1672 1111 in
1691 1067 1850 1126 quibus

358 1132 632 1187 conjundtim
659 1135 950 1175 nominantur
978 1133 1169 1188 “populi
1195 1140 1241 1176 et
1269 1139 1433 1187 gentes
1451 1133 1485 1185 ;”
1517 1133 1675 1187 quibus
1701 1133 1850 1188 aliqua

357 1198 635 1252 adjicientur,
662 1198 706 1238 in
732 1197 890 1252 quibus
916 1196 1064 1238 solum
1092 1199 1294 1250 “gentes
1310 1195 1543 1250 :''—Apud
1569 1195 1772 1246 Esaiam,

425 1287 605 1329 “Aperite
633 1292 754 1328 portas
779 1292 818 1319 ut
843 1286 1061 1327 ingrediatur
1085 1295 1174 1327 gens
1201 1285 1298 1327 justa
1321 1286 1525 1318 custodiens
1553 1285 1779 1326 fidelitates;.

530 1331 696 1363 addidisti
715 1330 825 1381 genti,
845 1329 1018 1372 Jehovah,
1040 1329 1206 1362 addidisti
1225 1329 1336 1370 genti,
1357 1329 1572 1371 glorificatus
1593 1339 1642 1368 es,
1665 1310 1848 1362 removisti

530 1384 656 1406 omnes
673 1374 916 1406 extremitates
933 1369 1335 1414 terrae'’(xxvi.2,15):

357 1450 475 1505 apud
502 1450 743 1499 Davidem,

425 1522 722 1556 “Convertentur
738 1522 783 1555 ad
801 1522 975 1565 Jehovam
993 1531 1119 1554 omnes
1139 1521 1227 1554 fines
1243 1527 1370 1560 terrae,
1389 1526 1425 1554 et
1440 1521 1640 1554 adorabunt
1656 1530 1776 1554 coram
1794 1520 1847 1554 Te

529 1577 655 1599 omnes
671 1566 828 1598 familiae
843 1566 1025 1607 gentium;
1049 1565 1131 1607 quia
1142 1565 1300 1607 Jehovae
1317 1575 1479 1606 regnum,
1495 1570 1531 1597 et
1546 1564 1738 1598 dominans
1754 1565 1847 1597 inter

530 1609 674 1651 gentes’
678 1609 848 1651 ’.(Psalm
863 1609 947 1642 xxii.
962 1610 1015 1647 28,
1030 1617 1072 1650 29
1091 1607 1152 1652 [B.
1167 1610 1214 1642 A.
1231 1616 1283 1648 27,
1301 1605 1395 1650 28]):

356 1687 475 1741 apud
500 1685 706 1736 Esazam,

425 1759 701 1792 “Ambulabunt
717 1764 843 1800 gentes
860 1758 905 1790 ad
924 1758 1038 1790 lucem
1056 1763 1165 1796 tuam,
1183 1763 1218 1790 et
1234 1767 1337 1798 reges
1354 1757 1399 1789 ad
1415 1757 1642 1798 splendorem
1659 1763 1759 1789 ortus
1776 1756 1827 1789 tui
1841 1766 1848 1796 ;

557 1827 565 1835 .
579 1827 586 1834 .
601 1803 775 1835 ,dilatabit
791 1812 829 1834 se
842 1811 903 1834 cor
915 1808 1027 1839 tuum,
1044 1801 1139 1843 quod
1156 1807 1384 1833 eonvertatur
1396 1801 1441 1833 ad
1455 1801 1507 1833 Te
1521 1801 1711 1833 multitudo
1724 1800 1844 1839 maris.

528 1828 702 1878 exercitus
719 1846 879 1887 gentium
895 1845 1043 1877 veniant
1059 1845 1104 1877 ad
1121 1845 1173 1877 Te
1185 1844 1203 1857 ’'
1219 1845 1280 1886 (lx.
1295 1853 1326 1884 3,
1341 1852 1371 1884 5,
1389 1843 1462 1886 11);

355 1923 473 1978 apud
500 1922 710 1972 eundern,

423 1996 635 2081 “Videlbu-nt
647 2006 773 2080 pmnes
789 2001 915 2037 gentes
931 1994 1104 2037 justitiam
1118 2000 1226 2033 tuam,
1243 1999 1278 2026 et
1295 2004 1421 2027 omnes
1435 2004 1536 2036 reges
1553 1994 1703 2035 gloriam
1721 1999 1818 2026 tuam
1828 1993 1848 2006 ’'

554 2050 613 2072 xn.
629 2048 647 2071 2
675 2050 682 2072 Ζ

354 2117 399 2158 in
430 2115 499 2157 his
530 2115 641 2157 locis
673 2129 763 2156 non
795 2113 1068 2168 conjun6’dm
1101 2115 1310 2155 dicuntur
1344 2117 1546 2168 “gentes
1577 2120 1623 2155 et
1655 2113 1848 2186 populi,’

354 2179 435 2221 sed
466 2193 604 2257 usque
636 2179 680 2220 in
711 2179 825 2220 binis
858 2178 1070 2219 ultimis‘
1078 2177 1296 2231 ‘-'g'entes
1327 2183 1374 2219 et
1403 2177 1613 2230 “reges,'’
1638 2178 1740 2231 quia
1770 2188 1849 2231 per

357 2241 544 2313 “reges’
549 2239 858 2295 ’significatur
883 2229 1027 2281 simile
1055 2240 1174 2294 quod
1201 2253 1280 2294 per
1305 2240 1574 2294 “populos,'’
1596 2253 1759 2323 nempe
1784 2239 1848 2280 illi

354 2305 427 2359 qui
449 2305 494 2345 in
514 2305 631 2345 veris
654 2309 758 2344 sunt
784 2302 1010 2357 (videatur
1031 2315 1178 2356 supra,
1203 2315 1244 2342 n.
1271 2302 1371 2357 31)-
1362 2336 1371 2354 ‚
1404 2309 1450 2343 et
1473 2303 1575 2356 quia
1598 2306 1706 2356 per‘
1714 2306 1847 2355 ‘gen-

354 2366 457 2409 tes’'
483 2366 793 2420 significantur
818 2365 881 2406 illi
907 2366 981 2420 qui
1010 2366 1054 2406 in
1086 2366 1206 2406 bono
1233 2371 1352 2415 sunt,
1381 2371 1427 2406 et
1454 2379 1533 2419 per
1560 2364 1760 2418 “reges'’
1784 2362 1848 2406 illi

354 2431 427 2484 qui
458 2431 503 2471 in
528 2430 658 2478 veris,
687 2429 788 2470 ideo
815 2428 871 2469 de
902 2428 1116 2481 gentibus
1143 2428 1306 2469 dicitur
1331 2428 1452 2482 quod
1482 2428 1736 2469 “videbunt
1753 2426 1846 2480 jus-

354 2493 504 2534 titiam
541 2491 707 2541 tuam‚''
744 2498 790 2533 et
824 2492 880 2532 de
920 2490 1169 2544 “regibus”
1205 2491 1327 2544 quod
1364 2491 1619 2532 “videbunt
1655 2490 1846 2543 gloriam

354 2562 480 2597 tuam
500 2555 534 2607 ;”
563 2555 771 2608 “justitia
786 2554 805 2570 ”
837 2555 881 2595 in
912 2554 1068 2595 Verbo
1100 2554 1262 2595 dicitur
1294 2554 1350 2609 de
1381 2554 1516 2603 bono,
1549 2559 1596 2595 et
1631 2552 1814 2606 “gloria
1827 2552 1847 2568 ”

354 2616 411 2658 de
435 2630 557 2657 vero.
616 2626 728 2665 (Quod
744 2623 888 2664 ¹¹·justitia
899 2625 915 2635 ''
932 2626 964 2654 in
978 2626 1087 2655 Verbo
1102 2625 1226 2654 dicatur
1240 2625 1280 2654 de
1300 2625 1418 2654 Divino
1434 2626 1537 2659 Bono,
1550 2625 1696 2653 videatur
1709 2633 1740 2654 n.
1757 2631 1846 2661 2235.

352 2681 450 2718 9857;
474 2684 505 2709 et
519 2680 608 2717 quod
623 2676 640 2688 ‘¹
651 2677 779 2717 gloria''
796 2679 836 2708 de
852 2679 970 2708 Divino
985 2679 1082 2713 Vero,
1097 2687 1129 2708 n.
1144 2680 1237 2715 4809,
1254 2675 1378 2716 [¹15922‚
1395 2678 1484 2714 8267.
1501 2680 1590 2715 8427,
1606 2677 1711 2715 9429.)
1768 2665 1845 2707 EX

354 2731 565 2784 opposito
587 2743 720 2771 sensu
743 2729 888 2770 adhuc
912 2735 1123 2770 constare
1146 2734 1301 2782 potest
1324 2729 1444 2782 quod
1465 2727 1687 2781 “populi‘'
1705 2727 1845 2780 signi-

352 2793 489 2834 ficent
512 2792 613 2833 illos
635 2793 709 2846 qui
730 2793 774 2832 in
796 2793 926 2840 veris,
947 2805 998 2832 ac
1020 2795 1222 2844 “gentes
1234 2790 1254 2806 ”
1274 2790 1376 2832 illos
1399 2791 1472 2844 qui
1493 2791 1538 2831 in
1560 2791 1706 2839 bon03
1739 2796 1844 2829 nam

352 2858 397 2897 in
436 2856 516 2897 illo
555 2869 689 2911 sensu
728 2853 949 2925 “populi”
987 2853 1243 2907 significant
1283 2853 1386 2894 illos
1425 2853 1499 2907 qui
1538 2853 1582 2893 in
1606 2851 1758 2900 salsis,
1795 2857 1842 2893 et

356 2918 591 2972 “''gentes
625 2917 727 2959 illos
763 2918 836 2971 qui
873 2917 917 2981 in
954 2916 1111 2967 malis;
1155 2922 1205 2957 ut
1242 2916 1287 2956 in
1323 2915 1615 2969 sequentibus
1633 2913 1842 2967 :—Apud

355 2980 557 3030 Esaza'm,
