2060 3476
658 380 766 414 CAP.
788 379 849 420 v„
872 378 1011 412 VERs.
1033 378 1181 423 9.—N.
1208 367 1383 423 329[f].
1680 367 1765 420 619

272 496 380 539 ficat
402 509 582 551 prorsus
605 508 697 536 non
723 494 875 535 videre
897 488 1003 534 vera
1028 491 1302 547 (‘⁴plateae”
1324 497 1430 532 sunt
1453 490 1596 544 vera),
1626 489 1763 543 “pol-

273 559 356 601 luti
388 557 639 613 sanguine”
671 556 896 611 significat
928 569 1109 610 prorsus
1142 556 1188 596 in
1219 554 1367 596 falsis:
1406 558 1498 595 “ea
1529 566 1644 606 quae
1675 565 1766 593 non

272 629 465 677 possunt
497 627 695 675 tangunt
726 620 1013 661 vestimentis
1033 619 1052 634 ''
1084 617 1312 672 significat
1357 617 1479 671 quod
1518 630 1633 670 quae
1674 628 1765 656 non

272 691 466 741 possunt
497 690 756 739 pervertere
792 696 933 736 usque
968 680 1235 732 falsificent;
1280 678 1628 722 “vestimenta''
1658 684 1764 719 sunt

271 762 379 790 vera
403 762 518 803 quae
543 748 794 788 investiant
819 746 1049 794 interiora,
1076 758 1192 799 quae
1214 757 1321 786 vera
1346 749 1452 784 sunt
1473 756 1580 783 vera
1605 754 1764 783 sensus

271 811 454 853 litterae
481 810 635 852 Verbi.
696 809 835 864 Apud
859 808 1062 858 Esaiam,

341 902 364 915 ‘⁸
375 900 504 975 Omgis
520 901 626 984 turcba
641 899 911 985 czxiBtuffabssur
926 904 1042 930 terrae
1058 903 1170 936 motu,
1187 903 1223 929 et
1236 896 1347 928 vestis
1360 902 1415 928 est
1432 895 1569 936 polluta
1585 893 1768 935 sanguini-

471 953 512 975 us
572 953 618 976 1X.
633 952 655 982 4
726 968 733 975 .
789 967 796 975 .
815 950 831 982 5
879 952 886 981 ;

275 1033 460 1071 “terrae
487 1035 638 1070 motus
649 1028 669 1044 ”
691 1027 916 1082 significat
938 1027 1274 1081 perversionem
1297 1025 1516 1067 ecclesiae
1542 1038 1621 1078 per
1643 1023 1765 1065 falsi-

271 1093 533 1139 ficationem
563 1092 671 1142 veri,
699 1098 746 1133 et
775 1092 954 1132 “vestis
985 1090 1162 1145 polluta
1193 1089 1484 1143 sanguinibus
1496 1087 1514 1103 '’
1541 1086 1765 1140 significat

270 1155 632 1198 falsificationem
658 1168 815 1196 sensus
842 1154 1022 1195 litterae
1047 1153 1202 1194 Verbi.
1263 1151 1402 1206 Apud
1429 1151 1690 1200 Jeremiam,

341 1246 364 1261 ‘⁸
374 1244 532 1278 Malitias
542 1244 697 1277 docuisti
709 1244 786 1275 vias
799 1249 889 1281 tuas,
905 1243 1012 1275 etiam
1029 1243 1066 1274 in
1079 1242 1145 1274 alis
1160 1239 1262 1284 [tuis]
1280 1241 1417 1273 inventi
1433 1246 1517 1272 sunt
1533 1239 1679 1280 sanguis
1692 1240 1767 1271 ani-

445 1298 583 1320 marum
598 1287 855 1326 innocentium,
872 1297 945 1318 non
959 1287 995 1318 in
1010 1286 1234 1327 perfossione
1247 1285 1370 1317 inveni
1382 1295 1456 1323 eos,
1473 1285 1536 1316 sed
1549 1285 1585 1315 in
1599 1284 1766 1315 omnibus

447 1332 516 1364 illis
527 1331 545 1344 ’¹
563 1332 611 1373 (ii.
628 1340 681 1371 33,
698 1332 775 1371 34);

271 1421 418 1464 simile
448 1421 520 1463 hic
553 1420 831 1475 significatur
861 1434 940 1474 per
970 1420 1276 1473 “sanguinem
1307 1418 1543 1459 inventum
1575 1417 1620 1457 in
1652 1416 1765 1458 alis'’

273 1486 394 1540 quod
429 1499 563 1539 supra
594 1498 673 1538 per
706 1487 858 1538 “quae
895 1497 986 1524 non
1022 1488 1213 1537 possunt
1250 1487 1446 1534 tangunt
1478 1480 1766 1521 vestimentis

272 1550 363 1590 suis
374 1549 393 1564 ”
417 1547 608 1603 (“alae”
630 1554 734 1588 sunt
757 1545 1053 1599 vestimenta)
1073 1560 1083 1596 ;
1115 1545 1236 1599 quod
1261 1548 1391 1585 “non
1416 1545 1460 1585 in
1488 1543 1765 1597 perfossione

271 1612 495 1654 invenerit
526 1625 620 1660 e05‚
654 1610 735 1652 sed
771 1610 816 1650 in
853 1610 1062 1650 omnibus
1102 1608 1229 1657 illis,”
1261 1606 1486 1661 significat
1518 1606 1639 1660 quod
1670 1606 1766 1659 ipsa

272 1689 379 1717 vera
404 1688 494 1716 non
521 1675 615 1715 ausi
640 1673 803 1714 fuerint
830 1673 1078 1720 destruere,
1107 1671 1187 1712 sed
1208 1670 1339 1725 *quod
1365 1684 1472 1711 vera
1498 1682 1656 1710 sensus
1690 1668 1765 1708 lit-

273 1745 398 1780 terae
429 1737 767 1779 falsificaverint
801 1735 994 1791 (“alae'’
1025 1733 1283 1788 significant
1314 1733 1392 1775 illa
1421 1732 1564 1787 vera).
1626 1732 1766 1787 Apud

271 1801 478 1851 Esaiam,

517 1872 540 1886 ‘⁴
553 1870 684 1902 Manus
701 1875 841 1902 vestrae
858 1869 1094 1910 sanguinibus
1111 1868 1239 1909 plenae
1256 1873 1341 1901 sunt
1352 1866 1370 1879 '’
1387 1867 1423 1907 (i.
1443 1866 1516 1907 15):

273 1950 393 2005 apud
418 1949 628 1998 eundem,

342 2024 365 2038 “
378 2022 508 2055 Manus
522 2028 661 2054 vestrae
675 2021 831 2062 pollutae
848 2026 932 2052 sunt
947 2020 1136 2060 sanguine,
1152 2025 1188 2051 et
1203 2018 1305 2059 digiti
1318 2018 1428 2050 vestri
1442 2017 1627 2059 iniquitate
1642 2026 1648 2054 ;
1674 2017 1767 2048 labia

448 2073 569 2098 vestra
585 2066 703 2097 locuta
718 2071 801 2097 sunt
818 2064 1015 2101 mendacia,
1035 2069 1071 2095 et
1088 2063 1210 2103 lingua
1226 2068 1347 2094 vestra
1370 2062 1638 2102 perversitatem
1656 2061 1766 2091 medi-

448 2117 522 2143 tata
537 2116 592 2142 est
605 2119 628 2148 ;.
644 2134 651 2141 .
665 2134 672 2141 .
688 2109 812 2150 ‚pedes
828 2117 951 2139 eorum
966 2108 1011 2138 ad
1025 2107 1157 2139 malum
1171 2112 1327 2144 currunt,
1344 2112 1380 2137 et
1396 2105 1570 2136 festinant
1589 2105 1634 2136 ad
1651 2104 1765 2135 effun-

448 2155 605 2186 dendum
622 2153 834 2193 sanguinem
858 2152 1087 2183 innocentem
1102 2160 1110 2189 ;
1134 2150 1372 2191 cogitationes
1388 2159 1512 2181 eorum
1530 2148 1766 2189 cogitationes

449 2196 672 2240 iniquitatis''
689 2197 763 2238 (lix.
781 2205 811 2235 3,
829 2195 880 2235 7):

277 2286 474 2324 “manus
505 2281 707 2335 pollutae
739 2280 958 2333 sanguine
990 2285 1036 2320 et
1068 2278 1198 2331 digiti
1234 2276 1512 2331 iniquitate,’‘
1544 2275 1768 2329 significat

275 2345 396 2400 quod
410 2346 454 2386 in
472 2345 679 2386 omnibus
697 2356 852 2384 eorum
875 2343 932 2383 sit
949 2342 1111 2383 falsum
1130 2347 1176 2382 et
1195 2340 1363 2381 malum
1380 2339 1479 2381 falsi
1496 2354 1506 2391 ;
1541 2343 1567 2359 “
1581 2339 1769 2380 manus”

276 2415 324 2449 et
348 2407 549 2461 “digiti''
571 2406 828 2460 signifieant
854 2405 1124 2458 potentiam,
1148 2410 1195 2445 et
1220 2404 1324 2444 inde
1348 2404 1500 2444 omnia
1524 2403 1643 2456 apud
1668 2401 1770 2442 illos

276 2485 391 2526 quae
418 2477 634 2525 possunt:
669 2469 771 2523 quia
801 2468 913 2509 haec
944 2467 1270 2521 significantur,
1297 2466 1400 2507 ideo
1429 2467 1567 2507 etiam
1593 2466 1769 2513 dicitur,

280 2534 462 2575 “Labia
483 2539 636 2574 vestra
662 2531 816 2572 locuta
842 2537 946 2571 sunt
970 2531 1220 2578 mendacia,
1245 2536 1292 2570 et
1318 2529 1471 2582 lingua
1492 2535 1644 2570 vestra
1670 2542 1769 2581 per-

276 2598 542 2638 versitatem
558 2596 781 2636 meditata
795 2594 909 2645 est;’'
929 2592 1219 2634 “mendacia’'
1234 2599 1338 2633 sunt
1356 2592 1482 2640 falsa,
1496 2598 1542 2633 et
1560 2595 1770 2645 “perver-

278 2660 420 2702 sitas'’
451 2665 521 2701 est
553 2658 721 2699 malum
752 2656 877 2698 falsi:
915 2657 1035 2711 quod
1069 2656 1249 2710 “pedes
1281 2669 1435 2697 eorum
1466 2655 1683 2696 festinent
1715 2654 1770 2694 ad

278 2723 598 2766 effundendum
620 2722 888 2775 sanguinem
910 2719 1243 2768 innocentem,'’
1267 2718 1492 2772 significat
1515 2718 1572 2758 ad
1594 2717 1771 2758 destru-

279 2787 445 2828 endum
477 2787 647 2827 bonurn
679 2785 844 2825 amoris
876 2790 923 2825 et
955 2783 1217 2833 charitatis;
1263 2782 1350 2823 hoc
1384 2780 1663 2835 significatur
1694 2793 1773 2833 per

281 2849 547 2891 “effundere
584 2848 851 2902 sanguinem
882 2847 1176 2888 innocentem
1193 2845 1228 2897 ;'’
1273 2845 1442 2886 bonum
1482 2844 1771 2884 innocentiae

279 2917 351 2952 est
373 2925 433 2952 ex
455 2924 544 2964 quo
566 2923 701 2950 omne
726 2909 897 2950 bonum
919 2914 966 2949 et
987 2921 1143 2948 verum
1166 2906 1281 2948 caeli
1303 2913 1350 2947 et
1372 2906 1595 2946 ecclesiae
1617 2915 1773 2953 (videatur

265 2983 311 3011 rin
324 2991 420 3020 opere
433 2982 484 3011 De
500 2982 590 3011 Caelo
604 2984 634 3010 et
647 2981 783 3019 Inferna,
797 2989 828 3009 n.
841 2979 1008 3017 276—283).
1065 2967 1141 3008 Ex
1162 2966 1232 3008 his
1254 2972 1470 3007 constare
1492 2970 1648 3018 potest
1666 2964 1770 3018 quid

280 3035 324 3075 in
351 3032 579 3075 communi
610 3045 744 3073 sensu
775 3045 854 3085 per
881 3028 1193 3084 “sanguines’'
1219 3029 1262 3069 in
1289 3027 1449 3082 plurali
1475 3025 1768 3080 significatur,
