2060 3476
439 364 548 398 CAP.
573 364 641 406 ΙΙ.,
664 362 944 396 CONTENTA
970 363 1207 397 VERSUUM
1234 357 1490 409 18—29.—N.
1519 366 1610 409 149.
1705 366 1779 408 191

279 476 394 516 (Quod
408 477 522 507 melius
536 481 682 507 constare
695 480 801 515 potest
815 485 856 506 ex
866 476 926 506 illis
940 485 1024 514 quae
1039 476 1090 506 De
1102 476 1250 514 Loquela
1259 476 1458 515 Angelorum
1473 476 1562 507 Caeli
1576 476 1609 505 in
1624 485 1722 515 opere
1737 477 1790 506 De

281 528 373 558 Caelo
387 531 419 557 et
431 529 568 567 Inferna,
583 536 615 558 n.
631 533 782 566 234-245‚
797 531 926 556 ostensa
938 531 1022 557 sunt.
1062 527 1162 556 Porro
1175 527 1322 557 videatur
1335 536 1442 565 supra,
1466 537 1498 556 n.
1523 526 1600 556 102
1620 529 1656 555 et
1689 526 1704 556 1
1715 526 1784 568 35,

276 578 331 608 ubi
347 579 525 609 ostenditur
549 578 628 617 quid
642 581 659 593 '¹
669 586 789 608 nomen
804 573 978 618 Jehovae‚''
991 581 1008 593 ‘¹
1020 578 1151 608 Domini
1161 578 1178 588 ''
1195 583 1226 608 et
1242 581 1258 593 ¹¹
1268 578 1347 619 Jesu
1363 578 1478 608 Christi
1489 578 1506 588 ''
1519 578 1552 607 in
1565 578 1675 608 Verbo
1690 578 1788 616 signi-

278 625 378 664 fleat.)

890 753 1028 778 VERSUS
1046 745 1164 787 18-29.

357 827 489 871 14⁹·
527 831 588 858 ”ft
600 831 706 864 Anqelo
720 831 750 858 in
765 831 910 865 Tbyatiris
923 831 1070 859 EcclesIae
1082 831 1179 858 scribe
1189 839 1199 858 .-
1218 831 1295 858 Haec
1307 831 1380 858 dicit
1395 832 1486 858 Filius
1499 832 1550 858 Del
1565 832 1676 859 habens
1688 833 1787 860 oculos

275 877 345 897 suos
359 873 498 904 tanquam
508 871 658 905 flammam
673 872 758 905 iynis.
776 874 807 899 et
823 873 915 904 pedes
930 879 1000 899 suos
1015 872 1128 899 similes
1143 872 1348 899 chalcolibano.
1385 873 1456 899 Νουι·
1470 874 1521 899 tua
1537 879 1628 905 opera
1644 874 1675 899 et
1689 873 1788 899 chari-

274 909 374 939 tateM.
391 910 421 935 et
435 909 628 937 ministerium
644 912 675 937 et
681 910 780 943 fidem,
797 912 828 937 et
841 910 1026 937 tolerantiam
1043 911 1121 937 tuam
1136 911 1167 936 et
1180 917 1270 942 opera
1284 912 1343 941 tua,
1360 912 1390 937 et
1404 911 1508 937 ultima
1522 911 1608 943 plura
1622 910 1785 943 prioribus.

274 945 331 972 Sed
349 947 440 974 liabeo
454 948 597 975 adversus
611 949 642 974 te
658 955 760 981 pauca,
777 949 852 982 quod
865 949 1022 981 permlttas
1037 948 1183 974 mullerem
1202 948 1331 980 dezabel,
1346 949 1489 975 dicentem
1504 956 1538 975 se
1555 949 1784 981 prophetissam,

274 984 378 1011 docere
390 986 420 1011 et
432 986 573 1012 seducere
582 993 662 1013 meos
671 993 774 1013 servos
783 986 911 1013 scortari
922 988 953 1013 et
964 986 1125 1020 idolothyta
1135 987 1230 1013 edere.
1267 986 1289 1012 Ε
1289 988 1303 1012 t
1314 986 1383 1013 dedi
1395 986 1440 1013 illi
1450 988 1566 1019 tempus
1580 988 1612 1013 ut
1624 987 1786 1019 resipisce-

274 1024 322 1048 ret
334 1030 353 1049 a
368 1023 548 1050 scortatione
561 1031 625 1055 sua,
640 1026 672 1051 et
685 1031 741 1051 non
756 1024 890 1056 resipuit.
927 1025 998 1051 Eece
1013 1024 1069 1057 fao
1084 1025 1205 1057 conjicio
1220 1031 1283 1051 eam
1299 1025 1329 1051 in
1344 1025 1457 1056 lectum,
1472 1026 1503 1051 et
1517 1025 1704 1052 moechantes
1720 1032 1784 1051 cum

273 1060 325 1087 illa
338 1061 368 1087 in
380 1061 564 1095 afflictionem
575 1069 716 1095 magnam.
729 1063 758 1089 si
770 1070 826 1089 non
836 1063 1015 1095 resipuerint
1026 1062 1064 1089 ab
1076 1063 1213 1095 operibus
1223 1063 1296 1089 suis.
1334 1062 1356 1089 Ε
1356 1064 1370 1089 t
1376 1062 1459 1096 filios
1469 1063 1534 1095 ejus
1544 1063 1672 1090 occidam
1683 1065 1786 1097 morte,

274 1100 306 1125 et
317 1101 491 1131 coqnoscent
502 1107 601 1127 omnes
620 1101 763 1127 eeclesIae
781 1102 856 1133 quod
874 1101 930 1133 qu
949 1101 1004 1127 sim
1018 1102 1156 1127 scrutans
1169 1108 1256 1127 renes
1269 1102 1300 1127 et
1312 1101 1408 1132 corda,
1423 1103 1454 1127 et
1466 1101 1540 1128 dabo
1553 1101 1706 1134 unicuique
1719 1108 1788 1128 ves-

274 1138 350 1163 trum
362 1138 519 1164 secundum
533 1145 623 1170 opera
635 1145 699 1165 sua.
740 1139 822 1165 Vobis
835 1139 931 1165 autem
944 1139 1016 1169 d1'co‚
1031 1140 1062 1165 et
1074 1139 1195 1171 reliquls
1213 1139 1243 1165 in
1260 1139 1412 1172 Thyatiris.
1427 1139 1588 1172 quicunque
1602 1147 1658 1166 non
1677 1139 1787 1166 babent

274 1175 435 1202 doctrinam
454 1175 536 1207 banc,
551 1177 582 1202 et
594 1176 643 1209 qul
660 1184 716 1203 non
729 1178 923 1209 cognoverunt
939 1176 1087 1210 profunda
1104 1178 1237 1208 satanae,
1252 1178 1285 1203 ut
1302 1177 1409 1208 dieunt,
1425 1185 1480 1204 non
1498 1177 1613 1209 impono
1631 1184 1722 1210 super
1735 1184 1786 1204 vos

274 1213 355 1239 aliud
368 1221 449 1241 onus.
487 1213 631 1245 Attamen,
645 1215 721 1247 quod
738 1214 854 1241 nabetIs
867 1214 992 1241 retinete
1004 1215 1095 1241 donec
1108 1215 1198 1241 venio.
1236 1215 1272 1241 ft
1284 1215 1403 1242 vincens
1415 1217 1447 1242 et
1458 1215 1628 1242 custodiens
1642 1223 1734 1249 usque
1748 1216 1788 1242 ad

277 1251 368 1284 finem
380 1259 470 1284 opera
479 1257 552 1283 mea,
563 1252 637 1279 dabo
649 1252 694 1279 illi
703 1254 883 1285 potestatem
893 1260 983 1285 super
992 1254 1104 1286 qentes.
1141 1253 1163 1279 Ε
1163 1255 1177 1279 t
1188 1255 1271 1286 reqet
1282 1260 1335 1280 eas
1346 1253 1426 1286 virqa
1437 1253 1550 1286 ferrea,
1561 1255 1699 1286 tanquam
1713 1261 1786 1280 oasa

278 1289 386 1322 fictilia
403 1290 627 1323 confringentur
633 1298 645 1322 ,·
670 1290 749 1317 sicut
765 1292 797 1317 et
814 1291 870 1323 Εςο
888 1291 990 1323 accepi
1007 1299 1025 1317 a
1044 1291 1132 1318 Patre
1149 1299 1221 1318 meo.
1258 1291 1294 1318 ft
1310 1291 1385 1318 dabo
1405 1291 1451 1318 illi
1467 1292 1583 1319 stellam
1602 1291 1785 1318 matutinam.

275 1328 391 1355 liabens
403 1335 502 1355 aurem
516 1328 618 1355 audiat
630 1329 699 1362 quid
709 1328 838 1361 8piritus
852 1329 926 1356 dicit
937 1329 1106 1356 ecclesiis.''

302 1412 352 1445 18.
386 1413 448 1447 “Et
462 1412 588 1458 Angelo
610 1413 644 1447 in
665 1413 835 1457 Thyatiris
859 1413 1035 1448 Ecclesiae
1051 1414 1195 1453 scribe,''
1211 1414 1376 1457 significat
1398 1416 1472 1448 illos
1486 1416 1528 1447 ab
1544 1417 1673 1448 ecclesia
1697 1417 1792 1459 apud

453 1470 533 1501 quos
548 1459 723 1490 internum
737 1464 768 1491 et
781 1464 970 1495 externum,
983 1471 1040 1491 seu
1052 1461 1243 1501 spiritualis
1259 1465 1291 1491 et
1305 1461 1477 1492 naturalis
1491 1461 1597 1499 homo,
1608 1472 1718 1492 unum
1725 1462 1787 1504 fa-

454 1504 552 1535 ciunt
578 1503 630 1547 [n.
658 1503 758 1546 15o];
794 1503 907 1538 “llaec
931 1503 1014 1537 diest
1030 1504 1146 1538 filius
1168 1503 1377 1542 [¹]homl‘nis,”
1404 1504 1567 1546 significat
1592 1506 1787 1538 Dominum

454 1549 567 1590 quoad
586 1549 762 1580 Divinum
787 1549 1005 1587 Humanum,
1022 1560 1043 1580 a
1067 1561 1132 1591 quo
1155 1550 1248 1581 illud
1266 1550 1415 1581 ecclesiae
1434 1550 1486 1593 [n.
1508 1550 1609 1593 151];
1636 1550 1788 1585 “habens

455 1594 574 1626 oculos
585 1603 670 1626 suos
683 1595 845 1637 tanquam
857 1594 1028 1626 {lammam
1038 1593 1157 1638 iquis,''
1166 1594 1330 1636 significat
1343 1595 1518 1626 Divinam
1527 1595 1787 1627 Providentiam

455 1649 497 1669 ex
521 1638 657 1669 Divino
681 1639 806 1669 Amore
832 1639 952 1680 Ipsius,
978 1650 1018 1670 ac
1042 1639 1217 1670 Divinam
1242 1640 1443 1681 sapientiam
1469 1644 1502 1671 et
1527 1640 1787 1682 intelligentiam

455 1683 735 1714 communicatam
753 1683 821 1714 illis
837 1683 899 1724 qui
913 1684 950 1715 in
967 1694 1080 1715 amore
1095 1689 1126 1715 et
1142 1685 1221 1715 inde
1232 1684 1308 1726 fide
1324 1685 1362 1715 in
1380 1685 1493 1725 Ipsum
1510 1689 1592 1716 sunt
1609 1685 1661 1728 [n.
1683 1684 1784 1728 152];

458 1730 515 1760 “et
522 1726 632 1770 pedes
642 1737 728 1760 suos
739 1727 872 1760 similes
883 1727 1144 1766 chalcolibano,”
1155 1728 1319 1769 significat
1330 1730 1491 1760 ultimum
1502 1730 1633 1761 ordinis
1642 1730 1786 1770 Divini‚

456 1773 720 1814 quod-naturale
727 1773 870 1814 plenum
889 1773 1026 1804 Divino
1041 1774 1166 1804 Amore
1185 1773 1237 1816 [n.
1258 1781 1271 1804 Ι
1278 1773 1353 1816 53].

303 1843 354 1878 ¹9·
389 1835 497 1869 “Novi
517 1845 621 1879 opera
638 1838 698 1869 tua
716 1839 751 1869 et
766 1836 1000 1874 charitatem,''
1017 1836 1181 1878 significat
1199 1837 1373 1869 internum
1390 1848 1504 1869 eorum
1521 1839 1584 1880 qui
1597 1839 1638 1870 ab
1654 1833 1785 1871 ecclesia

458 1881 509 1923 [n.
527 1881 627 1923 154];
655 1883 711 1914 “et
726 1881 954 1914 ministerium
973 1884 1010 1914 et
1024 1882 1151 1919 tidem?
1164 1881 1327 1923 significat
1343 1882 1466 1913 bonum
1483 1888 1515 1914 et
1528 1894 1646 1915 verum
1663 1884 1712 1915 ibi
1728 1884 1780 1928 [n.

459 1925 552 1968 155];
572 1928 630 1958 “et
639 1925 855 1959 tolerantiam
871 1926 1036 1969 [tuam],”
1044 1926 1207 1967 significat
1218 1927 1487 1968 conjuni‘lionem
1497 1939 1571 1959 cum
1579 1929 1747 1972 extern0[‚
1755 1933 1788 1960 et

453 1975 536 2001 tunc
550 1970 726 2012 pugnam]
754 1971 805 2014 [n.
828 1970 927 2013 156];
955 1974 1013 2004 “et
1034 1981 1138 2014 opera
1163 1974 1234 2009 tua,
1253 1974 1288 2004 et
1311 1971 1433 2004 ultima
1454 1972 1558 2015 plura
1579 1972 1785 2016 prioribus.''

455 2014 618 2056 significat
634 2020 773 2046 externa
790 2016 869 2047 inde
887 2015 939 2058 [n.
962 2015 1059 2058 157].

300 2087 353 2121 2o.
388 2085 404 2097 ¹¹
415 2079 484 2113 Sed
506 2079 615 2113 habeo
642 2079 815 2114 adversus
843 2083 878 2113 te
902 2081 1046 2124 pauca‚''
1073 2079 1237 2122 significat
1265 2082 1358 2123 quod
1380 2082 1567 2113 cavendum
1599 2082 1651 2125 [n.
1682 2082 1762 2126 158]
1772 2095 1782 2123 ;

456 2124 568 2168 “quod
578 2125 762 2167 permit-las
779 2124 957 2158 mulierem
973 2125 1146 2163 dezabeW
1159 2125 1324 2166 significat
1331 2127 1531 2168 jucundum
1543 2128 1669 2159 amoris
1683 2129 1740 2159 sui
1754 2132 1786 2159 et

455 2170 579 2201 mundi
607 2170 658 2213 [n.
688 2169 788 2212 159];
822 2169 1012 2203 “dicentem
1040 2180 1081 2204 se
1105 2170 1373 2213 prophetissam,
1399 2170 1524 2204 docere
1552 2174 1589 2205 et
1613 2172 1784 2206 seducere

455 2223 550 2247 meos
563 2215 715 2251 serros‚”
729 2214 890 2256 significat
901 2216 991 2257 quod
1000 2216 1078 2246 inde
1089 2216 1246 2246 doctrina
1259 2216 1411 2247 omnium
1418 2216 1592 2258 salsorum
1610 2217 1661 2259 [n.
1680 2217 1760 2260 160]
1772 2229 1782 2256 ;

456 2258 630 2292 “scortari
650 2261 686 2292 et
707 2258 894 2302 idolothyta
919 2259 1050 2297 edere,”
1067 2259 1231 2301 significat
1245 2261 1506 2303 falsificationes
1521 2262 1598 2293 veri
1611 2266 1643 2292 et
1655 2263 1781 2294 adulte-

455 2304 603 2335 rationes
617 2303 697 2335 boni
714 2304 765 2347 [n.
787 2304 882 2347 161].
1534 2312 1535 2317 ¹

301 2376 354 2399 21.
388 2366 451 2401 “Et
472 2367 553 2400 dedi
573 2366 625 2400 illi
645 2370 781 2410 tempus
806 2370 846 2401 ut
858 2367 1087 2411 resipisceret
1107 2378 1129 2402 a
1145 2368 1357 2402 scortatione
1373 2379 1451 2407 sua,
1471 2372 1508 2403 et
1524 2380 1590 2403 non
1607 2370 1783 2414 resipuit,”

455 2411 619 2500 signifi[cat
635 2414 725 2500 ᾳέοἷ
736 2413 798 2455 qui
812 2414 891 2444 inde
907 2414 944 2444 in
957 2415 1065 2455 falsis
1079 2419 1162 2445 sunt
1176 2425 1244 2445 non
1260 2426 1292 2445 se
1307 2420 1509 2468 convertant
1522 2416 1571 2446 ad
1582 2426 1666 2447 vera
1682 2421 1713 2447 et
1719 2421 1785 2458 per

455 2468 539 2488 vera
577 2467 610 2488 n.
632 2465 645 2488 1
674 2466 694 2488 2
719 2481 727 2489 0

301 2529 353 2553 22.
388 2520 494 2554 “Ecce
511 2520 579 2564 Ερο
595 2521 737 2564 conjicio
753 2531 829 2555 eam
845 2521 879 2555 in
896 2523 1051 2559 lectum,”
1064 2522 1229 2564 significat
1245 2524 1336 2565 quod
1348 2524 1594 2565 relinquantur
1606 2536 1666 2556 suo
1682 2531 1782 2557 natu-

456 2567 527 2597 rali
540 2566 674 2597 lzomini
687 2571 718 2597 et
733 2567 781 2598 ibi
798 2568 972 2598 doc‘trinae
985 2568 1159 2609 falsorum
1181 2567 1231 2610 [n.
1253 2567 1353 2610 163];
1380 2571 1439 2601 “et
1459 2569 1680 2603 moechantes
1704 2580 1781 2604 cum

455 2610 515 2644 illa
538 2609 572 2643 in
595 2610 812 2644 afflictionem
837 2612 1024 2654 maynam,''
1042 2611 1207 2652 significat
1230 2613 1424 2644 tentationes
1441 2625 1565 2655 graves
1587 2615 1655 2646 illis
1670 2616 1732 2657 qui
1751 2627 1783 2647 se

456 2656 620 2686 addicant
625 2655 729 2697 salsz's
740 2667 854 2687 eorum
874 2656 924 2698 [n.
943 2655 1042 2699 164];
1070 2656 1126 2689 “si
1139 2666 1203 2689 non
1217 2656 1428 2700 resipuerint
1441 2658 1484 2691 ab
1497 2658 1658 2701 operibus
1675 2659 1781 2697 suis,''

457 2699 621 2741 significat
635 2700 667 2731 si
681 2711 749 2731 non
764 2711 796 2731 se
810 2705 963 2742 separent
976 2701 1017 2731 ab
1033 2702 1102 2732 illis
1121 2701 1173 2744 [n.
1195 2701 1234 2732 16
1237 2701 1290 2744 5].

301 2771 354 2806 23.
388 2763 452 2797 “Et
465 2763 552 2796 filios
569 2763 645 2806 ejus
662 2762 813 2796 occidam
830 2764 968 2802 1110140,κ
985 2763 1150 2806 significat
1165 2765 1257 2807 quod
1271 2765 1318 2797 sic
1330 2766 1428 2807 falsa
1444 2767 1711 2809 exstinguantur
1728 2768 1780 2810 [n.

457 2807 556 2850 166];
584 2810 642 2841 “et
655 2811 864 2850 cognoscent
878 2818 997 2842 omnes
1014 2809 1185 2842 ecclesiae
1201 2810 1293 2853 quod
1313 2809 1382 2854 590
1405 2810 1471 2844 sim
1495 2814 1660 2845 scrutans
1677 2822 1781 2846 renes

457 2855 494 2886 et
508 2852 640 2890 corda‚”
654 2852 819 2894 significat
835 2854 1039 2895 agnitionem
1056 2855 1208 2886 omnium
1224 2855 1287 2896 qui
1300 2855 1341 2886 ab
1356 2857 1486 2887 ecclesia
1501 2861 1591 2894 sunt,
1609 2858 1699 2898 quod
1711 2857 1779 2888 Do-

458 2897 573 2929 minus
583 2898 670 2929 solus
680 2898 765 2928 sciat
778 2902 809 2928 et
817 2899 968 2939 ‘exploret
981 2899 1148 2930 exteriora
1164 2904 1196 2930 et
1210 2900 1387 2939 interiora,
1400 2911 1440 2931 ac
1455 2902 1539 2942 quae
1542 2901 1634 2943 fidei
1647 2906 1678 2932 et
1691 2912 1782 2932 amo-

457 2942 506 2974 ris
520 2947 602 2973 sunt
619 2942 670 2985 [n.
688 2940 768 2984 167]
778 2953 787 2980 ;
815 2945 873 2975 “et
887 2941 973 2976 dabo
991 2942 1173 2986 unicuique
1189 2946 1340 2977 vestrum
1357 2945 1546 2978 secundum
1564 2955 1668 2988 opera
1685 2948 1804 3018 suafk

457 2986 622 3027 significat
650 2987 780 3018 beatum
806 2992 979 3019 aeternum
1003 2989 1184 3020 secundum
1214 2989 1388 3020 internum
1414 2990 1484 3032 ejus
1510 2990 1548 3021 in
1572 2994 1706 3021 externo
1730 2989 1778 3033 [n.

461 3030 556 3074 168].
581 3067 583 3070 ¹
