2060 3476
698 347 806 381 CAP.
829 348 895 389 11.,
919 347 1059 381 VERS.
1084 342 1230 384 8.—N.
1258 350 1348 392 114.
1696 350 1772 392 141

279 460 356 509 ria,
385 467 432 502 ut
460 467 671 504 constare
697 468 851 516 potest
875 476 934 503 ex
961 476 1015 503 eo
1041 461 1153 512 solo,
1181 462 1304 517 quod
1330 477 1473 517 aeque
1501 461 1607 503 mali
1638 475 1774 516 quam

279 524 387 565 boni
418 525 483 566 ita
508 526 712 579 cogitare
737 532 783 567 et
816 525 938 580 loqui
964 527 1139 579 possint
1165 526 1348 580 quando
1375 540 1477 567 cum
1503 526 1630 576 aliis;
1663 540 1775 580 qua-

280 594 466 641 propter
490 582 628 629 etiam
653 589 884 630 antistites
911 589 1016 630 mali
1039 603 1181 643 aeque
1207 602 1259 630 ac
1287 589 1408 638 boni,
1437 603 1515 630 seu
1541 590 1776 630 antistites

280 651 354 704 qui
380 651 550 692 nullam
576 651 710 693 fidem
737 653 908 694 habent
933 666 1076 707 aeque
1102 666 1153 694 ac
1181 653 1254 706 qui
1285 652 1421 694 fidem
1453 653 1640 702 habent,
1669 666 1775 707 pos-

280 720 385 756 sunt
426 715 686 769 praedicare
721 715 1024 769 Evangelium
1061 729 1161 757 cum
1198 716 1330 757 simili
1365 716 1423 756 ad
1464 717 1776 770 apparentiam

283 777 383 819 zelo
414 785 460 819 et
493 777 741 820 affectione.
803 779 950 821 Causa
975 786 1060 829 est,
1088 780 1191 833 quia
1216 786 1324 821 t'unc
1351 780 1502 829 homo,
1531 786 1579 821 ut
1607 778 1776 821 dietum

280 848 365 890 est,
389 856 449 883 ex
475 856 556 883 suo
578 843 772 884 naturali
797 843 980 884 homine
1006 850 1052 884 et
1079 843 1172 895 ejus
1195 845 1411 885 memoria
1433 845 1608 897 cogitat
1635 850 1681 885 et
1708 844 1776 885 lo-

280 905 456 958 quitur;
488 912 535 947 at
562 907 765 959 cogitare
792 921 852 948 ex
878 921 959 948 suo
982 908 1140 960 spiritu
1167 921 1257 948 non
1284 913 1355 948 est
1387 921 1446 948 ex
1474 907 1666 948 naturali
1692 907 1775 948 ho-

280 969 399 1010 mine
417 975 463 1010 et
481 968 573 1022 ejus
595 971 824 1019 memoria,
853 971 932 1011 sed
955 983 1013 1012 ex
1033 970 1250 1023 spirituali
1273 971 1454 1011 homine
1472 977 1518 1012 et
1540 970 1667 1024 hujus
1689 970 1776 1012 fide

280 1038 327 1072 et
349 1031 600 1074 affectione.
661 1033 736 1074 Ex
759 1033 846 1075 hoc
864 1034 1009 1075 solum
1029 1040 1239 1089 constare
1257 1041 1410 1088 potest
1429 1035 1550 1088 quod
1572 1035 1663 1075 bini
1681 1041 1775 1075 sta-

278 1101 352 1153 tus
379 1096 468 1137 sint
493 1095 678 1145 homini,
701 1103 747 1138 et
774 1097 895 1151 quod
921 1098 1040 1151 prior
1066 1104 1214 1138 status
1240 1111 1330 1138 non
1357 1097 1503 1138 salvet
1530 1097 1671 1146 illum,
1695 1097 1776 1138 sed

279 1160 527 1212 posterior:
579 1166 649 1201 est
690 1161 809 1201 enim
849 1161 987 1202 homo
1027 1167 1131 1215 post
1173 1168 1368 1202 mortem
1409 1162 1618 1215 spiritus;
1666 1174 1776 1215 ergo

279 1222 422 1275 qualis
458 1224 596 1265 homo
632 1224 713 1266 suit
753 1225 797 1265 in
835 1225 1004 1265 mundo
1036 1225 1186 1279 quoad
1223 1226 1442 1279 spiritum,
1477 1225 1582 1266 talis
1620 1231 1776 1266 manet

279 1291 383 1338 post
410 1300 649 1329 excessum
681 1301 706 1329 e
728 1288 919 1329 mundo.
982 1289 1236 1337 Praeterea,
1263 1290 1385 1342 quod
1416 1290 1508 1330 bini
1539 1289 1603 1330 illi
1628 1295 1777 1330 status

278 1348 447 1390 homini
465 1350 684 1392 ecclesiae
702 1352 806 1400 sint,
826 1366 884 1392 ex
904 1351 1047 1392 multa
1065 1353 1349 1405 experientia
1367 1353 1523 1393 datum
1546 1360 1615 1395 est
1634 1354 1747 1394 scire
1765 1367 1775 1404 ;

277 1411 415 1453 homo
436 1414 556 1454 enim
581 1421 684 1468 post
711 1421 904 1456 mortem
931 1416 1050 1456 mitti
1076 1421 1230 1468 potest
1257 1416 1300 1456 in
1324 1419 1564 1470 utru‘mque
1586 1423 1774 1466 statum,

278 1482 325 1516 et
356 1490 533 1531 quoque
564 1470 800 1519 actualiter
824 1480 869 1519 in
901 1485 1139 1533 utrumque
1166 1479 1386 1519 mittitur:
1421 1478 1551 1519 multi
1583 1492 1642 1519 ex
1674 1477 1775 1526 illis,

278 1552 380 1579 cum
406 1541 526 1581 missi
552 1548 656 1583 sunt
681 1543 726 1582 in
752 1543 944 1595 priorem
972 1548 1157 1590 statum,
1186 1541 1325 1582 locuti
1351 1548 1456 1582 sunt
1483 1542 1597 1582 sicut
1624 1540 1776 1582 Chris-

278 1602 402 1651 tiani,
426 1610 472 1644 et
495 1618 553 1645 ex
577 1604 757 1659 loquela
779 1605 855 1646 illa
877 1606 934 1646 ab
959 1605 1056 1646 aliis
1079 1606 1239 1646 crediti
1261 1611 1365 1645 sunt
1388 1605 1508 1658 quod
1533 1604 1777 1646 Christiani

277 1672 458 1718 essent;
491 1669 570 1709 sed
592 1675 640 1709 ut
666 1670 855 1722 primum
878 1670 921 1710 in
947 1675 1118 1710 statum
1142 1670 1452 1723 posteriorem,
1477 1669 1550 1722 qui
1573 1669 1776 1722 proprius

277 1737 375 1772 erat
406 1732 586 1784 spiritus
624 1745 792 1780 eorum,
825 1733 998 1773 remissi
1036 1739 1155 1780 sunt,
1190 1739 1297 1774 tunc
1335 1731 1475 1772 locuti
1515 1738 1619 1772 sunt
1661 1733 1776 1773 sicut

277 1792 462 1844 spiritus
487 1792 717 1841 diabolici,
744 1799 791 1834 et
822 1807 1005 1846 prorsus
1031 1799 1194 1845 contra
1224 1793 1303 1833 illa
1324 1807 1440 1846 quae
1471 1794 1593 1846 prius
1619 1803 1778 1842 (videatur

275 1862 308 1891 in
323 1871 419 1900 opere
432 1864 483 1892 De
498 1864 588 1893 Caelo
602 1867 633 1892 et
645 1864 782 1902 Inferna,
797 1873 830 1894 n.
845 1866 997 1902 491-498,
1013 1868 1045 1893 et
1056 1864 1223 1903 499—511).
1254 1853 1330 1894 EX
1348 1853 1417 1893 hiS
1435 1859 1650 1894 constare
1668 1860 1774 1906 pot-

276 1920 346 1954 est
364 1914 595 1967 quomodo
611 1916 748 1956 etiam
764 1915 1109 1968 intelligendum
1126 1922 1196 1956 est
1212 1916 1331 1969 quod
1352 1916 1572 1974 Dominus
1587 1914 1775 1968 rejectus

275 1978 335 2018 sit
357 1977 492 2018 hodie
513 1978 572 2019 ab
595 1977 682 2019 illis
705 1979 779 2032 qui
804 1979 923 2020 intra
947 1979 1212 2037 ecclesiam:
1247 1992 1423 2032 nempe,
1448 1979 1568 2032 quod
1593 1979 1774 2032 quidem

276 2034 338 2082 ex
368 2040 573 2082 doctrina
603 2042 661 2082 sit
693 2042 815 2095 quod
841 2043 1184 2095 agnoscendum
1217 2049 1263 2083 et
1297 2042 1573 2083 credendum
1603 2044 1660 2083 sit
1694 2043 1774 2082 Di-

277 2105 430 2145 vinum
462 2105 645 2146 Domini
676 2106 720 2146 in
752 2105 914 2146 eodem
946 2106 1090 2159 gradu
1122 2120 1210 2160 quo
1236 2106 1448 2147 Divinum
1482 2106 1640 2155 Patris,
1668 2120 1774 2149 nam

276 2168 412 2210 docet
436 2167 644 2210 doctrina
669 2168 790 2223 quod

348 2273 459 2309 Sicut
484 2280 545 2310 est
573 2274 702 2315 Pater,
730 2274 850 2310 etiam
882 2281 943 2310 est
971 2275 1094 2311 Filius
1122 2276 1331 2316 increatus,
1360 2276 1551 2317 infinitus,
1578 2283 1775 2316 aeternus,

277 2321 545 2366 omnipotens,
562 2321 682 2362 Deus,
700 2322 909 2362 Dominus,
925 2333 972 2358 ac
990 2334 1111 2358 nemo
1131 2323 1279 2358 Eorum
1299 2324 1497 2359 maximus
1515 2331 1556 2359 et
1575 2324 1774 2364 minimus,

278 2368 428 2414 primus
446 2375 487 2404 et
504 2369 688 2410 ultimus;
715 2370 916 2415 (videatur
934 2371 1145 2416 Symbolum
1164 2371 1423 2416 Athanasii,·)

277 2490 323 2525 et
355 2497 494 2537 usque
525 2489 679 2525 tamen
705 2498 795 2525 non
821 2485 989 2526 adeunt
1017 2491 1063 2527 et
1093 2485 1250 2526 colunt
1283 2485 1528 2527 Dominum
1555 2493 1602 2528 et
1629 2487 1774 2540 Ipsius

278 2547 505 2596 Divinum,
533 2548 612 2588 sed
646 2548 815 2598 Patris;
847 2549 967 2602 quod
993 2548 1043 2590 fit
1068 2549 1183 2590 dum.
1200 2556 1331 2591 orant
1358 2550 1538 2591 Patrem
1565 2557 1613 2591 ut
1640 2552 1773 2592 mise-

276 2618 428 2652 reatur
445 2610 630 2665 prbpter
648 2611 808 2653 Filium
825 2627 835 2663 ;
862 2619 908 2654 et
926 2626 1028 2654 cum
1046 2613 1131 2655 hoc
1151 2614 1320 2663 dicunt,
1339 2628 1519 2668 prorsus
1539 2629 1628 2656 non
1647 2616 1773 2668 cogi-

277 2681 380 2716 tant
404 2675 460 2716 de
486 2675 651 2716 Divino
678 2675 874 2725 Domini,
903 2677 982 2718 sed
1014 2677 1070 2718 de
1098 2677 1312 2719 Humano
1339 2679 1484 2732 Ipsius
1510 2686 1721 2732 separato
1747 2693 1774 2719 a

278 2738 457 2787 Divino,
485 2739 550 2779 ita
581 2739 637 2780 de
664 2738 878 2781 Humano
904 2740 1049 2793 Ipsius
1073 2741 1206 2781 simili
1232 2755 1332 2782 cum
1364 2742 1563 2783 humano
1589 2742 1773 2783 alterius

277 2801 500 2853 hominis;
542 2809 589 2844 et
621 2816 799 2856 quoque
830 2803 960 2844 simul
998 2810 1106 2845 tunc
1138 2818 1230 2846 non
1263 2805 1319 2846 de
1351 2819 1440 2846 uno
1473 2805 1573 2846 Deo
1605 2806 1684 2846 sed
1716 2806 1778 2846 de

277 2865 451 2906 duobus
483 2872 560 2907 aut
593 2866 748 2908 tribus.
825 2866 897 2907 Ita
929 2868 1133 2920 cogitare
1165 2868 1221 2909 de
1254 2869 1455 2910 Domino
1486 2876 1556 2910 est
1589 2870 1772 2923 rejicere

278 2927 446 2981 Ipsum,
473 2934 578 2970 nam
605 2942 695 2970 non
720 2929 851 2971 simul
883 2932 1086 2984 cogitare
1118 2932 1174 2973 de
1207 2931 1373 2982 Divino
1406 2933 1550 2986 Ipsius
1582 2947 1682 2974 cum
1715 2933 1772 2974 de

280 2990 494 3034 Humano
517 2992 675 3047 Ipsius,
692 3006 771 3047 per
784 2996 1116 3048 separationem
1140 3002 1247 3037 tunc
1263 2995 1514 3037 excludunt
1530 2996 1742 3037 Divinum
1759 3011 1770 3048 ς
