2060 3476
356 339 439 382 622
772 347 1104 383 APOCALvPffls
1135 349 1434 382 EXPLICATA.

357 462 535 491 secundum
550 462 694 491 ordinem
710 461 741 490 in
760 470 825 499 quo
839 462 1052 497 nominantur,
1068 470 1107 491 ac
1127 461 1171 491 ita
1184 470 1313 499 quoque
1327 461 1435 490 omnia
1450 461 1527 490 caeli
1549 465 1580 489 et
1601 460 1751 490 ecclesiae
1772 469 1845 490 cum

356 507 515 541 varietate,
537 515 569 537 n.
591 507 681 544 3862,
704 507 792 544 3926,
808 515 897 544 3939,
913 507 1002 544 4603,
1020 515 1097 544 seq„
1112 507 1201 544 6337,
1216 507 1306 543 6640,
1324 513 1431 543 10335.
1485 506 1582 542 Quod
1603 506 1677 534 ideo
1697 512 1848 543 responsa

357 552 423 580 dari
438 551 599 589 potuerint
613 556 643 580 et
665 552 740 580 data
754 551 815 580 sint
836 560 892 589 per
906 551 996 586 Urim
1018 556 1049 580 et
1069 551 1266 585 Thummim‚
1288 551 1343 579 ubi
1365 550 1496 579 nomina
1517 550 1686 579 duodecim
1708 550 1847 579 tribuum

359 596 483 626 Israelis
503 596 661 634 lapidibus
681 596 824 634 pretiosis
845 596 1002 634 insculpta
1022 595 1157 630 fuerunt,
1180 605 1210 625 n.
1233 597 1322 633 3858,
1338 595 1427 632 6335,
1443 595 1532 632 6640,
1547 595 1637 632 9863,
1652 595 1742 633 9865,
1757 596 1847 632 9873,

357 643 446 679 9874.
463 640 567 679 9905.)

436 688 645 743 331[a].
684 689 761 729 “Ei
774 689 918 742 populo
938 692 982 729 ot
995 687 1354 742 qento.''——Quod
1374 686 1600 740 significet
1618 687 1699 740 qui
1712 687 1767 728 ab
1782 701 1847 728 ec-

357 750 489 791 clesia
510 750 691 791 Domini
703 749 939 803 spirituali
955 757 996 790 et
1016 749 1071 790 ab
1092 749 1266 790 ecclesia
1287 748 1439 801 Ipsius
1455 747 1642 798 caelesti,
1663 754 1847 790 constat

359 828 417 854 ex
441 813 770 867 significatione
790 812 1011 867 “populi''
1033 819 1079 854 et
1104 812 1324 865 “gentis”
1345 812 1389 852 in
1411 811 1566 852 Verbo
1586 826 1595 862 ;
1628 811 1747 866 quod
1770 818 1852 865 per

362 882 387 897 ‘⁴
403 877 618 930 populum
633 876 653 891 ‘’
690 875 999 929 significentur
1035 875 1108 929 qui
1145 876 1188 915 in
1229 875 1350 915 bono
1387 874 1605 927 spirituali
1642 881 1761 923 sunt,
1801 880 1848 916 et

360 954 438 993 per
454 943 478 960 ‘⁴
491 946 678 993 gentem
690 939 708 954 ''
723 939 795 992 qui
813 939 856 979 in
871 938 992 979 bono
1006 937 1206 986 caelesti,
1223 937 1286 978 ita
1300 938 1373 991 qui
1389 937 1446 977 ab
1460 935 1651 978 ecclesia
1666 937 1849 978 Domini

361 1002 579 1056 spirituali
597 1009 642 1043 et
658 1002 715 1042 ab
729 1001 921 1042 ecclesia
940 1001 1084 1054 Ipsius
1099 1000 1286 1041 caelesti
1302 1006 1418 1041 sunt.
1458 998 1592 1052 Quod
1607 999 1696 1040 duo
1708 1012 1850 1053 regna

361 1067 450 1106 sint
474 1066 516 1105 in
540 1079 653 1119 quae
667 1057 789 1105 'caeli
816 1062 1016 1104 distincti
1043 1069 1163 1112 sunt,
1187 1076 1349 1116 nempe
1371 1076 1558 1116 regnum
1582 1061 1780 1104 caeleste
1802 1069 1850 1105 et

360 1141 549 1182 regnum
568 1127 812 1182 spirituale,
832 1133 878 1168 et
897 1127 1015 1181 quod
1039 1127 1082 1167 in
1100 1140 1241 1180 regno
1259 1125 1446 1167 caelesti
1469 1126 1558 1166 sint
1577 1126 1649 1179 qui
1666 1126 1711 1166 in
1729 1125 1852 1166 bono

361 1193 525 1233 amoris
566 1193 610 1232 in
653 1192 896 1232 Dominum
934 1197 1053 1239 sunt,
1092 1196 1138 1231 et
1179 1191 1222 1231 in
1258 1203 1400 1243 tegno
1437 1189 1655 1243 spirituali
1691 1189 1764 1243 qui
1805 1190 1849 1230 in

361 1256 482 1296 bono
504 1254 739 1296 charitatis
762 1268 870 1308 erga
891 1254 1160 1308 proximum,
1180 1253 1385 1294 videatur
1406 1253 1451 1293 in
1473 1266 1608 1306 opere
1629 1252 1696 1292 De
1720 1251 1851 1293 Caelo

361 1323 403 1357 et
418 1317 600 1368 Inferna
616 1327 661 1365 (n.
675 1327 788 1365 20—28)
806 1329 814 1356 ε
847 1322 895 1356 at
913 1315 1003 1356 duo
1025 1315 1103 1356 illa
1120 1328 1262 1367 regna
1280 1327 1371 1355 non
1389 1314 1536 1354 solum
1554 1319 1660 1354 sunt
1682 1314 1726 1353 in
1744 1326 1849 1353 cae-

363 1378 429 1426 lis,
447 1378 526 1419 sed
545 1378 682 1419 etiam
700 1378 743 1418 in
762 1378 906 1425 terris,
923 1383 969 1418 et
988 1377 1031 1417 in
1050 1377 1179 1417 terris
1194 1382 1414 1416 vocantur
1431 1374 1622 1416 ecclesia
1639 1374 1849 1415 caelestis

363 1448 409 1482 et
446 1440 638 1482 ecclesia
675 1439 930 1494 spiritualis.
1003 1439 1135 1480 Pauci
1172 1439 1319 1480 sciunt
1359 1438 1464 1492 quid
1505 1439 1549 1478 in
1586 1438 1734 1491 specie
1771 1450 1852 1491 per

366 1507 390 1523 ⁴‘
407 1502 652 1557 populum'’
674 1509 751 1544 aut
777 1501 1045 1556 “populos‚'’
1067 1508 1113 1542 et
1133 1500 1237 1555 quid
1260 1501 1303 1541 in
1322 1501 1470 1554 specie
1493 1514 1571 1557 per
1590 1503 1814 1553 “gentem
1829 1498 1849 1515 ”

363 1572 440 1607 aut
482 1564 714 1618 “gentes‘'
751 1565 794 1605 in
832 1564 987 1612 Verbo
1024 1563 1301 1617 significatur
1317 1562 1351 1614 ;''
1393 1562 1495 1603 ideo
1533 1561 1669 1602 velim
1701 1561 1851 1615 aliqua

364 1627 465 1669 loca
491 1641 514 1669 e
540 1627 695 1668 Verbo
726 1627 964 1675 adducere,
998 1626 1070 1667 ubi
1103 1625 1232 1666 simul
1265 1625 1568 1673 nominantur,
1600 1638 1659 1665 ex
1691 1624 1849 1677 quibus

364 1690 537 1744 patebit
561 1689 680 1744 quod
703 1687 967 1730 distin&um
985 1688 1089 1742 quid
1112 1702 1190 1742 per
1214 1680 1497 1741 “populum'’
1514 1692 1561 1727 et
1587 1684 1849 1727 distine‘tum

364 1753 468 1808 quid
495 1767 573 1807 per
601 1757 802 1806 “gentes
817 1752 836 1768 '’
863 1751 1165 1805 significetur3
1199 1763 1303 1791 nam
1335 1750 1418 1791 nisi
1449 1747 1712 1790 distin6tum
1743 1748 1849 1803 quid

364 1815 703 1870 significaretur,
746 1828 836 1856 non
878 1821 1115 1868 utrumque
1155 1812 1286 1854 simul
1331 1813 1662 1853 nominaretur:
1710 1818 1759 1853 ut
1804 1812 1848 1852 in

364 1878 654 1933 sequentibus
681 1877 790 1918 locis
808 1876 1016 1930 :—Apud
1042 1875 1244 1924 Esaiam,

431 1968 454 1982 ‘⁴
467 1967 708 1999 Honorabunt
725 1966 777 1998 Te
801 1966 953 2007 populus
970 1965 1119 2003 validus,
1139 1965 1223 1996 urbs
1241 1964 1401 2005 gentium
1425 1965 1649 1996 robustarum
1673 1963 1849 1995 timebunt

537 2011 588 2042 Te
603 2020 625 2048 ;.
641 2035 648 2043 .
662 2035 669 2042 .
684 2010 875 2052 ,jehovah.
891 2034 898 2042 .
912 2034 919 2041 .
934 2009 1153 2041 ,absorbebit
1177 2009 1212 2040 in
1238 2014 1359 2039 monte
1379 2008 1446 2039 hoe
1463 2007 1572 2038 facies
1589 2007 1845 2044 obvolutionis,

535 2054 802 2085 obvolutionem
828 2063 934 2093 super
950 2062 1075 2084 omnes
1100 2052 1261 2093 populos,
1279 2057 1314 2083 et
1330 2051 1492 2083 velamen
1517 2051 1720 2082 obvelatum
1743 2059 1851 2091 super

536 2107 661 2129 omnes
678 2103 803 2137 gentes
815 2096 833 2108 ”
850 2096 944 2136 (xxv.
962 2104 992 2135 3,
1011 2103 1040 2135 7,
1058 2095 1111 2136 8);

363 2174 655 2226 distinguitur
690 2172 760 2212 hic
798 2173 915 2213 inter
957 2170 1217 2225 “populos'’
1248 2177 1294 2211 et
1330 2171 1447 2211 inter
1481 2168 1720 2223 “gentes‚”
1746 2169 1849 2223 quia

366 2235 586 2290 “populi''
624 2234 879 2288 significant
915 2233 1017 2274 illos
1058 2234 1131 2286 qui
1167 2247 1191 2273 e
1227 2246 1369 2285 regno
1406 2231 1625 2285 spirituali
1666 2231 1848 2272 Domini

363 2304 481 2347 sunt,
520 2303 566 2338 et
606 2296 837 2350 “gentes’'
874 2296 975 2336 illos
1011 2297 1083 2349 qui
1118 2309 1142 2336 e
1178 2308 1320 2347 regno
1357 2294 1543 2335 caelesti
1570 2294 1740 2347 Ipsius;
1783 2294 1849 2334 ita

362 2360 463 2401 illos
489 2360 562 2413 qui
588 2360 632 2399 in
658 2359 778 2399 bono
801 2357 1019 2412 spirituali
1042 2363 1088 2398 et
1111 2358 1184 2410 qui
1210 2358 1253 2397 in
1276 2357 1397 2397 bono
1419 2355 1618 2397 caelesti.
1672 2355 1850 2396 Bonuin-

362 2421 592 2476 spirituale
606 2427 675 2462 est
687 2421 855 2461 bonum
868 2419 1102 2460 charitatis
1115 2432 1222 2472 erga
1234 2419 1490 2472 proximum
1505 2424 1550 2459 et
1565 2418 1668 2458 inde
1679 2418 1848 2458 bonum

363 2484 477 2533 fidei,
502 2491 548 2525 et
574 2484 742 2525 bonum
766 2483 964 2524 caeleste
991 2489 1060 2523 est
1087 2482 1254 2523 bonum
1278 2482 1441 2522 amoris
1467 2482 1511 2521 in
1535 2481 1778 2521 Dominum
1800 2487 1847 2522 et

361 2547 464 2588 inde
500 2547 667 2587 bonum
705 2546 869 2586 amoris
906 2546 1073 2585 mutui:
1120 2557 1274 2584 verum
1315 2543 1443 2596 hujus
1479 2543 1585 2583 boni
1621 2549 1690 2583 est
1726 2542 1847 2596 quod

360 2608 629 2661 intelligitur
650 2622 728 2661 per
757 2607 950 2647 “urbem
982 2607 1187 2660 gentium
1218 2605 1519 2654 robustarum,
1544 2617 1649 2645 nam
1675 2604 1847 2645 “urbs''

361 2670 584 2724 significat
611 2668 862 2710 doctrinam
889 2669 981 2709 veri
1013 2682 1091 2709 seu
1116 2681 1222 2708 vera
1253 2666 1510 2717 d0&rinae;
1543 2680 1622 2720 per
1649 2666 1847 2707 “absor-

360 2734 465 2774 bere
488 2731 829 2773 obvolutionem
853 2744 984 2784 super
1007 2743 1164 2771 omnes
1190 2729 1382 2783 populos
1408 2735 1454 2770 et
1476 2728 1684 2769 velamen
1707 2728 1845 2769 obve-

360 2795 503 2836 latum
535 2808 667 2847 super
698 2807 855 2834 omnes
892 2791 1094 2846 gentes‚'‘
1125 2791 1402 2845 significatur
1432 2790 1551 2844 quod
1583 2790 1847 2831 discutietur

360 2857 517 2897 umbra
560 2870 674 2910 quae
719 2855 900 2896 obtexit
945 2852 1227 2895 intellectum
1272 2867 1328 2893 ne
1372 2853 1610 2893 videantur
1649 2866 1754 2893 vera
1797 2847 1850 2893 et3

360 2919 661 2972 percipiantur
700 2918 820 2958 bona
859 2930 973 2970 quae
1014 2915 1232 2958 ecclesiae
1272 2921 1318 2956 et
1359 2914 1472 2956 caeli
1512 2920 1630 2956 sunt.
1705 2913 1843 2968 Apud

359 2981 568 3030 eundem,
