<?xml version="1.0" encoding="UTF-8"?>
<!DOCTYPE html PUBLIC "-//W3C//DTD XHTML 1.0 Transitional//EN"
    "http://www.w3.org/TR/xhtml1/DTD/xhtml1-transitional.dtd">
<html xmlns="http://www.w3.org/1999/xhtml" xml:lang="en" lang="en">
 <head>
  <title>
</title>
<meta http-equiv="Content-Type" content="text/html;charset=utf-8" />
  <meta name='ocr-system' content='tesseract 3.04.00' />
  <meta name='ocr-capabilities' content='ocr_page ocr_carea ocr_par ocr_line ocrx_word'/>
</head>
<body>
  <div class='ocr_page' id='page_1' title='image "apocalypsisexpli01sweduoft_0213.png"; bbox 0 0 2060 3476; ppageno 0'>
   <div class='ocr_carea' id='block_1_1' title="bbox 677 366 1764 413">
    <p class='ocr_par' dir='ltr' id='par_1_1' title="bbox 677 366 1764 413">
     <span class='ocr_line' id='line_1_1' title="bbox 677 366 1764 413; baseline 0.002 -14"><span class='ocrx_word' id='word_1_1' title='bbox 677 366 783 400; x_wconf 87' lang='lat' dir='ltr'>CAP.</span> <span class='ocrx_word' id='word_1_2' title='bbox 807 367 874 409; x_wconf 94' lang='lat'><em>11.,</em></span> <span class='ocrx_word' id='word_1_3' title='bbox 897 366 1036 400; x_wconf 88' lang='lat' dir='ltr'><strong>VERS.</strong></span> <span class='ocrx_word' id='word_1_4' title='bbox 1061 367 1235 399; x_wconf 87' lang='lat' dir='ltr'>20.—N.</span> <span class='ocrx_word' id='word_1_5' title='bbox 1264 367 1353 412; x_wconf 88' lang='lat'>159.</span> <span class='ocrx_word' id='word_1_6' title='bbox 1681 368 1764 413; x_wconf 91' lang='lat'>207</span> 
     </span>
    </p>
   </div>
   <div class='ocr_carea' id='block_1_2' title="bbox 225 479 1764 2862">
    <p class='ocr_par' dir='ltr' id='par_1_2' title="bbox 259 479 1764 2612">
     <span class='ocr_line' id='line_1_2' title="bbox 268 479 1763 534; baseline 0 -13"><span class='ocrx_word' id='word_1_7' title='bbox 268 486 338 522; x_wconf 85' lang='lat' dir='ltr'>ter</span> <span class='ocrx_word' id='word_1_8' title='bbox 363 480 456 522; x_wconf 90' lang='lat' dir='ltr'>sive</span> <span class='ocrx_word' id='word_1_9' title='bbox 488 480 665 522; x_wconf 91' lang='lat' dir='ltr'>dicatur</span> <span class='ocrx_word' id='word_1_10' title='bbox 695 479 815 534; x_wconf 92' lang='lat' dir='ltr'>quod</span> <span class='ocrx_word' id='word_1_11' title='bbox 846 479 986 521; x_wconf 91' lang='lat' dir='ltr'>homo</span> <span class='ocrx_word' id='word_1_12' title='bbox 1018 480 1076 521; x_wconf 86' lang='lat' dir='ltr'>sit</span> <span class='ocrx_word' id='word_1_13' title='bbox 1102 479 1246 534; x_wconf 88' lang='lat' dir='ltr'>qualis</span> <span class='ocrx_word' id='word_1_14' title='bbox 1278 479 1370 533; x_wconf 89' lang='lat' dir='ltr'>ejus</span> <span class='ocrx_word' id='word_1_15' title='bbox 1403 493 1542 530; x_wconf 88' lang='lat' dir='ltr'>amor,</span> <span class='ocrx_word' id='word_1_16' title='bbox 1571 480 1665 522; x_wconf 92' lang='lat' dir='ltr'>sive</span> <span class='ocrx_word' id='word_1_17' title='bbox 1697 481 1763 521; x_wconf 85' lang='lat' dir='ltr'>di-</span> 
     </span>
     <span class='ocr_line' id='line_1_3' title="bbox 267 542 1761 597; baseline 0 -13"><span class='ocrx_word' id='word_1_18' title='bbox 267 549 397 584; x_wconf 89' lang='lat' dir='ltr'>catur</span> <span class='ocrx_word' id='word_1_19' title='bbox 421 544 542 597; x_wconf 93' lang='lat' dir='ltr'>quod</span> <span class='ocrx_word' id='word_1_20' title='bbox 573 543 713 584; x_wconf 91' lang='lat' dir='ltr'>homo</span> <span class='ocrx_word' id='word_1_21' title='bbox 744 542 850 584; x_wconf 85' lang='lat' dir='ltr'>talis</span> <span class='ocrx_word' id='word_1_22' title='bbox 881 544 939 584; x_wconf 88' lang='lat' dir='ltr'>sit</span> <span class='ocrx_word' id='word_1_23' title='bbox 966 543 1098 597; x_wconf 88' lang='lat' dir='ltr'>quale</span> <span class='ocrx_word' id='word_1_24' title='bbox 1130 549 1200 584; x_wconf 90' lang='lat' dir='ltr'>est</span> <span class='ocrx_word' id='word_1_25' title='bbox 1233 542 1326 596; x_wconf 87' lang='lat' dir='ltr'>ejus</span> <span class='ocrx_word' id='word_1_26' title='bbox 1351 544 1474 584; x_wconf 91' lang='lat' dir='ltr'>vitae</span> <span class='ocrx_word' id='word_1_27' title='bbox 1500 543 1761 596; x_wconf 91' lang='lat' dir='ltr'>jucundum,</span> 
     </span>
     <span class='ocr_line' id='line_1_4' title="bbox 266 605 1761 660; baseline 0.001 -14"><span class='ocrx_word' id='word_1_28' title='bbox 266 606 386 647; x_wconf 86' lang='lat' dir='ltr'>idem</span> <span class='ocrx_word' id='word_1_29' title='bbox 412 613 497 647; x_wconf 90' lang='lat' dir='ltr'>est.</span> <span class='ocrx_word' id='word_1_30' title='bbox 560 605 648 660; x_wconf 83' lang='lat' dir='ltr'>Qui</span> <span class='ocrx_word' id='word_1_31' title='bbox 679 607 832 660; x_wconf 88' lang='lat' dir='ltr'>itaque</span> <span class='ocrx_word' id='word_1_32' title='bbox 858 612 964 647; x_wconf 90' lang='lat' dir='ltr'>sunt</span> <span class='ocrx_word' id='word_1_33' title='bbox 990 620 1168 647; x_wconf 90' lang='lat' dir='ltr'>amores</span> <span class='ocrx_word' id='word_1_34' title='bbox 1195 607 1261 647; x_wconf 89' lang='lat' dir='ltr'>sui</span> <span class='ocrx_word' id='word_1_35' title='bbox 1290 612 1336 647; x_wconf 91' lang='lat' dir='ltr'>et</span> <span class='ocrx_word' id='word_1_36' title='bbox 1364 607 1532 655; x_wconf 91' lang='lat' dir='ltr'>mundi,</span> <span class='ocrx_word' id='word_1_37' title='bbox 1560 606 1648 648; x_wconf 92' lang='lat' dir='ltr'>hoc</span> <span class='ocrx_word' id='word_1_38' title='bbox 1676 614 1761 656; x_wconf 90' lang='lat' dir='ltr'>est,</span> 
     </span>
     <span class='ocr_line' id='line_1_5' title="bbox 265 669 1764 724; baseline 0.001 -15"><span class='ocrx_word' id='word_1_39' title='bbox 265 670 384 722; x_wconf 86' lang='lat' dir='ltr'>apud</span> <span class='ocrx_word' id='word_1_40' title='bbox 411 684 522 724; x_wconf 92' lang='lat' dir='ltr'>quos</span> <span class='ocrx_word' id='word_1_41' title='bbox 548 670 611 710; x_wconf 94' lang='lat' dir='ltr'>illi</span> <span class='ocrx_word' id='word_1_42' title='bbox 638 682 815 711; x_wconf 87' lang='lat' dir='ltr'>amores</span> <span class='ocrx_word' id='word_1_43' title='bbox 841 676 1052 722; x_wconf 87' lang='lat' dir='ltr'>regnant,</span> <span class='ocrx_word' id='word_1_44' title='bbox 1081 669 1144 710; x_wconf 93' lang='lat' dir='ltr'>illi</span> <span class='ocrx_word' id='word_1_45' title='bbox 1177 683 1268 710; x_wconf 93' lang='lat' dir='ltr'>non</span> <span class='ocrx_word' id='word_1_46' title='bbox 1295 669 1467 711; x_wconf 89' lang='lat' dir='ltr'>habent</span> <span class='ocrx_word' id='word_1_47' title='bbox 1494 669 1614 710; x_wconf 91' lang='lat' dir='ltr'>aliud</span> <span class='ocrx_word' id='word_1_48' title='bbox 1640 671 1764 711; x_wconf 90' lang='lat' dir='ltr'>vitae</span> 
     </span>
     <span class='ocr_line' id='line_1_6' title="bbox 262 731 1763 786; baseline 0.001 -13"><span class='ocrx_word' id='word_1_49' title='bbox 262 731 522 785; x_wconf 84' lang='lat' dir='ltr'>jucundum,</span> <span class='ocrx_word' id='word_1_50' title='bbox 551 746 629 773; x_wconf 90' lang='lat' dir='ltr'>seu</span> <span class='ocrx_word' id='word_1_51' title='bbox 660 732 795 773; x_wconf 89' lang='lat' dir='ltr'>aliam</span> <span class='ocrx_word' id='word_1_52' title='bbox 826 733 968 773; x_wconf 91' lang='lat' dir='ltr'>vitam</span> <span class='ocrx_word' id='word_1_53' title='bbox 995 746 1129 786; x_wconf 91' lang='lat' dir='ltr'>quam</span> <span class='ocrx_word' id='word_1_54' title='bbox 1159 733 1301 773; x_wconf 90' lang='lat' dir='ltr'>vitam</span> <span class='ocrx_word' id='word_1_55' title='bbox 1333 732 1624 784; x_wconf 82' lang='lat' dir='ltr'>infernalem3</span> <span class='ocrx_word' id='word_1_56' title='bbox 1657 747 1763 774; x_wconf 91' lang='lat' dir='ltr'>nam</span> 
     </span>
     <span class='ocr_line' id='line_1_7' title="bbox 265 795 1760 850; baseline 0.001 -14"><span class='ocrx_word' id='word_1_57' title='bbox 265 808 444 836; x_wconf 86' lang='lat' dir='ltr'>amores</span> <span class='ocrx_word' id='word_1_58' title='bbox 470 796 547 844; x_wconf 89' lang='lat' dir='ltr'>illi,</span> <span class='ocrx_word' id='word_1_59' title='bbox 574 810 653 837; x_wconf 90' lang='lat' dir='ltr'>seu</span> <span class='ocrx_word' id='word_1_60' title='bbox 674 795 871 849; x_wconf 90' lang='lat' dir='ltr'>jucunda</span> <span class='ocrx_word' id='word_1_61' title='bbox 896 796 1018 837; x_wconf 86' lang='lat' dir='ltr'>vitae</span> <span class='ocrx_word' id='word_1_62' title='bbox 1045 809 1103 836; x_wconf 87' lang='lat' dir='ltr'>ex</span> <span class='ocrx_word' id='word_1_63' title='bbox 1130 795 1231 844; x_wconf 88' lang='lat' dir='ltr'>illis,</span> <span class='ocrx_word' id='word_1_64' title='bbox 1256 810 1370 849; x_wconf 90' lang='lat' dir='ltr'>quae</span> <span class='ocrx_word' id='word_1_65' title='bbox 1397 803 1615 850; x_wconf 88' lang='lat' dir='ltr'>perpetua</span> <span class='ocrx_word' id='word_1_66' title='bbox 1640 803 1760 846; x_wconf 88' lang='lat' dir='ltr'>sunt,</span> 
     </span>
     <span class='ocr_line' id='line_1_8' title="bbox 265 859 1762 912; baseline 0.001 -13"><span class='ocrx_word' id='word_1_67' title='bbox 265 865 449 900; x_wconf 89' lang='lat' dir='ltr'>vertunt</span> <span class='ocrx_word' id='word_1_68' title='bbox 472 872 631 900; x_wconf 88' lang='lat' dir='ltr'>omnes</span> <span class='ocrx_word' id='word_1_69' title='bbox 653 859 960 912; x_wconf 86' lang='lat' dir='ltr'>cogitationes</span> <span class='ocrx_word' id='word_1_70' title='bbox 983 865 1030 900; x_wconf 88' lang='lat' dir='ltr'>et</span> <span class='ocrx_word' id='word_1_71' title='bbox 1052 859 1332 900; x_wconf 88' lang='lat' dir='ltr'>intentiones</span> <span class='ocrx_word' id='word_1_72' title='bbox 1355 859 1534 900; x_wconf 91' lang='lat' dir='ltr'>illorum</span> <span class='ocrx_word' id='word_1_73' title='bbox 1560 860 1618 900; x_wconf 88' lang='lat' dir='ltr'>ad</span> <span class='ocrx_word' id='word_1_74' title='bbox 1644 874 1692 901; x_wconf 91' lang='lat' dir='ltr'>se</span> <span class='ocrx_word' id='word_1_75' title='bbox 1715 868 1762 902; x_wconf 89' lang='lat' dir='ltr'>et</span> 
     </span>
     <span class='ocr_line' id='line_1_9' title="bbox 265 922 1763 976; baseline 0.001 -14"><span class='ocrx_word' id='word_1_76' title='bbox 265 922 322 962; x_wconf 90' lang='lat' dir='ltr'>ad</span> <span class='ocrx_word' id='word_1_77' title='bbox 348 923 591 974; x_wconf 85' lang='lat' dir='ltr'>mundum;</span> <span class='ocrx_word' id='word_1_78' title='bbox 625 928 671 963; x_wconf 92' lang='lat' dir='ltr'>et</span> <span class='ocrx_word' id='word_1_79' title='bbox 697 929 919 976; x_wconf 87' lang='lat' dir='ltr'>quantum</span> <span class='ocrx_word' id='word_1_80' title='bbox 945 928 1131 964; x_wconf 87' lang='lat' dir='ltr'>vertunt</span> <span class='ocrx_word' id='word_1_81' title='bbox 1162 922 1263 963; x_wconf 88' lang='lat' dir='ltr'>illas</span> <span class='ocrx_word' id='word_1_82' title='bbox 1295 923 1352 963; x_wconf 91' lang='lat' dir='ltr'>ad</span> <span class='ocrx_word' id='word_1_83' title='bbox 1384 937 1432 963; x_wconf 90' lang='lat' dir='ltr'>se</span> <span class='ocrx_word' id='word_1_84' title='bbox 1464 929 1510 963; x_wconf 89' lang='lat' dir='ltr'>et</span> <span class='ocrx_word' id='word_1_85' title='bbox 1542 923 1599 963; x_wconf 86' lang='lat' dir='ltr'>ad</span> <span class='ocrx_word' id='word_1_86' title='bbox 1632 937 1763 964; x_wconf 90' lang='lat' dir='ltr'>mun-</span> 
     </span>
     <span class='ocr_line' id='line_1_10' title="bbox 264 985 1762 1040; baseline 0.002 -15"><span class='ocrx_word' id='word_1_87' title='bbox 264 985 385 1034; x_wconf 86' lang='lat' dir='ltr'>dum,</span> <span class='ocrx_word' id='word_1_88' title='bbox 410 992 590 1026; x_wconf 88' lang='lat' dir='ltr'>tantum</span> <span class='ocrx_word' id='word_1_89' title='bbox 616 986 893 1038; x_wconf 85' lang='lat' dir='ltr'>immergunt</span> <span class='ocrx_word' id='word_1_90' title='bbox 919 985 1020 1026; x_wconf 86' lang='lat' dir='ltr'>illas</span> <span class='ocrx_word' id='word_1_91' title='bbox 1047 986 1228 1039; x_wconf 92' lang='lat' dir='ltr'>proprio</span> <span class='ocrx_word' id='word_1_92' title='bbox 1253 985 1464 1034; x_wconf 87' lang='lat' dir='ltr'>hominis,</span> <span class='ocrx_word' id='word_1_93' title='bbox 1489 986 1610 1040; x_wconf 93' lang='lat' dir='ltr'>quod</span> <span class='ocrx_word' id='word_1_94' title='bbox 1636 988 1676 1028; x_wconf 90' lang='lat' dir='ltr'>ei</span> <span class='ocrx_word' id='word_1_95' title='bbox 1702 1001 1762 1028; x_wconf 87' lang='lat' dir='ltr'>ex</span> 
     </span>
     <span class='ocr_line' id='line_1_11' title="bbox 264 1048 1762 1104; baseline 0.002 -16"><span class='ocrx_word' id='word_1_96' title='bbox 264 1048 538 1089; x_wconf 88' lang='lat' dir='ltr'>hereditario</span> <span class='ocrx_word' id='word_1_97' title='bbox 564 1055 649 1097; x_wconf 88' lang='lat' dir='ltr'>est,</span> <span class='ocrx_word' id='word_1_98' title='bbox 673 1050 737 1090; x_wconf 91' lang='lat' dir='ltr'>ita</span> <span class='ocrx_word' id='word_1_99' title='bbox 763 1049 894 1089; x_wconf 86' lang='lat' dir='ltr'>simul</span> <span class='ocrx_word' id='word_1_100' title='bbox 920 1050 965 1089; x_wconf 93' lang='lat' dir='ltr'>in</span> <span class='ocrx_word' id='word_1_101' title='bbox 991 1050 1138 1089; x_wconf 90' lang='lat' dir='ltr'>omnis</span> <span class='ocrx_word' id='word_1_102' title='bbox 1163 1050 1343 1102; x_wconf 84' lang='lat' dir='ltr'>generis</span> <span class='ocrx_word' id='word_1_103' title='bbox 1370 1049 1517 1100; x_wconf 91' lang='lat' dir='ltr'>mala;</span> <span class='ocrx_word' id='word_1_104' title='bbox 1550 1056 1596 1091; x_wconf 91' lang='lat' dir='ltr'>et</span> <span class='ocrx_word' id='word_1_105' title='bbox 1619 1064 1762 1104; x_wconf 90' lang='lat' dir='ltr'>quan-</span> 
     </span>
     <span class='ocr_line' id='line_1_12' title="bbox 265 1112 1761 1168; baseline 0.001 -16"><span class='ocrx_word' id='word_1_106' title='bbox 265 1118 361 1152; x_wconf 92' lang='lat' dir='ltr'>tum</span> <span class='ocrx_word' id='word_1_107' title='bbox 384 1113 692 1165; x_wconf 88' lang='lat' dir='ltr'>cogitationes</span> <span class='ocrx_word' id='word_1_108' title='bbox 718 1118 765 1153; x_wconf 90' lang='lat' dir='ltr'>et</span> <span class='ocrx_word' id='word_1_109' title='bbox 792 1113 1072 1153; x_wconf 89' lang='lat' dir='ltr'>intentiones</span> <span class='ocrx_word' id='word_1_110' title='bbox 1094 1112 1290 1153; x_wconf 87' lang='lat' dir='ltr'>hominis</span> <span class='ocrx_word' id='word_1_111' title='bbox 1314 1118 1552 1154; x_wconf 90' lang='lat' dir='ltr'>vertuntur</span> <span class='ocrx_word' id='word_1_112' title='bbox 1574 1114 1631 1154; x_wconf 90' lang='lat' dir='ltr'>ad</span> <span class='ocrx_word' id='word_1_113' title='bbox 1657 1128 1761 1168; x_wconf 89' lang='lat' dir='ltr'>pro-</span> 
     </span>
     <span class='ocr_line' id='line_1_13' title="bbox 263 1174 1762 1231; baseline 0.003 -17"><span class='ocrx_word' id='word_1_114' title='bbox 263 1175 408 1228; x_wconf 90' lang='lat' dir='ltr'>prium</span> <span class='ocrx_word' id='word_1_115' title='bbox 446 1174 539 1227; x_wconf 89' lang='lat' dir='ltr'>ejus</span> <span class='ocrx_word' id='word_1_116' title='bbox 575 1175 912 1224; x_wconf 86' lang='lat' dir='ltr'>hereditarium,</span> <span class='ocrx_word' id='word_1_117' title='bbox 947 1176 1067 1229; x_wconf 92' lang='lat' dir='ltr'>quod</span> <span class='ocrx_word' id='word_1_118' title='bbox 1103 1176 1148 1216; x_wconf 92' lang='lat' dir='ltr'>in</span> <span class='ocrx_word' id='word_1_119' title='bbox 1187 1190 1235 1217; x_wconf 90' lang='lat' dir='ltr'>se</span> <span class='ocrx_word' id='word_1_120' title='bbox 1273 1189 1364 1216; x_wconf 91' lang='lat' dir='ltr'>non</span> <span class='ocrx_word' id='word_1_121' title='bbox 1402 1182 1472 1217; x_wconf 86' lang='lat' dir='ltr'>est</span> <span class='ocrx_word' id='word_1_122' title='bbox 1510 1177 1595 1217; x_wconf 88' lang='lat' dir='ltr'>nisi</span> <span class='ocrx_word' id='word_1_123' title='bbox 1627 1191 1762 1231; x_wconf 90' lang='lat' dir='ltr'>quam</span> 
     </span>
     <span class='ocr_line' id='line_1_14' title="bbox 264 1237 1762 1286; baseline 0.003 -9"><span class='ocrx_word' id='word_1_124' title='bbox 264 1237 446 1286; x_wconf 90' lang='lat' dir='ltr'>malum,</span> <span class='ocrx_word' id='word_1_125' title='bbox 471 1243 652 1279; x_wconf 88' lang='lat' dir='ltr'>tantum</span> <span class='ocrx_word' id='word_1_126' title='bbox 675 1244 944 1279; x_wconf 85' lang='lat' dir='ltr'>avertuntur</span> <span class='ocrx_word' id='word_1_127' title='bbox 965 1253 991 1279; x_wconf 87' lang='lat' dir='ltr'>a</span> <span class='ocrx_word' id='word_1_128' title='bbox 1013 1239 1167 1280; x_wconf 88' lang='lat' dir='ltr'>caelo:</span> <span class='ocrx_word' id='word_1_129' title='bbox 1202 1253 1307 1280; x_wconf 90' lang='lat' dir='ltr'>nam</span> <span class='ocrx_word' id='word_1_130' title='bbox 1330 1240 1545 1280; x_wconf 90' lang='lat' dir='ltr'>interiora</span> <span class='ocrx_word' id='word_1_131' title='bbox 1567 1240 1762 1282; x_wconf 88' lang='lat' dir='ltr'>hominis</span> 
     </span>
     <span class='ocr_line' id='line_1_15' title="bbox 264 1301 1762 1356; baseline 0.003 -15"><span class='ocrx_word' id='word_1_132' title='bbox 264 1314 379 1354; x_wconf 91' lang='lat' dir='ltr'>quae</span> <span class='ocrx_word' id='word_1_133' title='bbox 411 1301 504 1354; x_wconf 87' lang='lat' dir='ltr'>ejus</span> <span class='ocrx_word' id='word_1_134' title='bbox 537 1302 704 1342; x_wconf 89' lang='lat' dir='ltr'>mentis</span> <span class='ocrx_word' id='word_1_135' title='bbox 737 1308 857 1350; x_wconf 88' lang='lat' dir='ltr'>sunt,</span> <span class='ocrx_word' id='word_1_136' title='bbox 886 1302 972 1343; x_wconf 93' lang='lat' dir='ltr'>hoc</span> <span class='ocrx_word' id='word_1_137' title='bbox 1006 1308 1092 1352; x_wconf 86' lang='lat' dir='ltr'>est,</span> <span class='ocrx_word' id='word_1_138' title='bbox 1120 1316 1235 1356; x_wconf 90' lang='lat' dir='ltr'>quae</span> <span class='ocrx_word' id='word_1_139' title='bbox 1266 1303 1359 1356; x_wconf 89' lang='lat' dir='ltr'>ejus</span> <span class='ocrx_word' id='word_1_140' title='bbox 1391 1304 1685 1356; x_wconf 83' lang='lat' dir='ltr'>cogitationis</span> <span class='ocrx_word' id='word_1_141' title='bbox 1715 1311 1762 1346; x_wconf 89' lang='lat' dir='ltr'>et</span> 
     </span>
     <span class='ocr_line' id='line_1_16' title="bbox 262 1364 1764 1418; baseline 0.003 -14"><span class='ocrx_word' id='word_1_142' title='bbox 262 1364 544 1414; x_wconf 90' lang='lat' dir='ltr'>intentionis,</span> <span class='ocrx_word' id='word_1_143' title='bbox 583 1379 663 1406; x_wconf 90' lang='lat' dir='ltr'>seu</span> <span class='ocrx_word' id='word_1_144' title='bbox 703 1364 796 1418; x_wconf 86' lang='lat' dir='ltr'>ejus</span> <span class='ocrx_word' id='word_1_145' title='bbox 836 1364 1096 1406; x_wconf 68' lang='lat' dir='ltr'>intellectus</span> <span class='ocrx_word' id='word_1_146' title='bbox 1134 1372 1180 1407; x_wconf 91' lang='lat' dir='ltr'>et</span> <span class='ocrx_word' id='word_1_147' title='bbox 1219 1366 1486 1416; x_wconf 90' lang='lat' dir='ltr'>voluntatis,</span> <span class='ocrx_word' id='word_1_148' title='bbox 1524 1366 1764 1409; x_wconf 66' lang='lat' dir='ltr'>actualiter</span> 
     </span>
     <span class='ocr_line' id='line_1_17' title="bbox 262 1429 1762 1480; baseline 0.003 -12"><span class='ocrx_word' id='word_1_149' title='bbox 262 1434 501 1469; x_wconf 90' lang='lat' dir='ltr'>vertuntur</span> <span class='ocrx_word' id='word_1_150' title='bbox 530 1429 588 1469; x_wconf 91' lang='lat' dir='ltr'>ad</span> <span class='ocrx_word' id='word_1_151' title='bbox 626 1442 805 1469; x_wconf 89' lang='lat' dir='ltr'>amores</span> <span class='ocrx_word' id='word_1_152' title='bbox 837 1442 956 1478; x_wconf 89' lang='lat' dir='ltr'>suos,</span> <span class='ocrx_word' id='word_1_153' title='bbox 990 1429 1215 1478; x_wconf 86' lang='lat' dir='ltr'>deorsum,</span> <span class='ocrx_word' id='word_1_154' title='bbox 1251 1429 1338 1470; x_wconf 93' lang='lat' dir='ltr'>hoc</span> <span class='ocrx_word' id='word_1_155' title='bbox 1377 1437 1462 1479; x_wconf 88' lang='lat' dir='ltr'>est,</span> <span class='ocrx_word' id='word_1_156' title='bbox 1496 1431 1554 1471; x_wconf 89' lang='lat' dir='ltr'>ad</span> <span class='ocrx_word' id='word_1_157' title='bbox 1591 1445 1654 1480; x_wconf 91' lang='lat' dir='ltr'>se,</span> <span class='ocrx_word' id='word_1_158' title='bbox 1689 1432 1762 1472; x_wconf 94' lang='lat' dir='ltr'>ubi</span> 
     </span>
     <span class='ocr_line' id='line_1_18' title="bbox 263 1491 1761 1546; baseline 0.003 -15"><span class='ocrx_word' id='word_1_159' title='bbox 263 1504 390 1531; x_wconf 88' lang='lat' dir='ltr'>amor</span> <span class='ocrx_word' id='word_1_160' title='bbox 415 1492 480 1532; x_wconf 89' lang='lat' dir='ltr'>sui</span> <span class='ocrx_word' id='word_1_161' title='bbox 512 1498 559 1532; x_wconf 89' lang='lat' dir='ltr'>et</span> <span class='ocrx_word' id='word_1_162' title='bbox 592 1491 684 1544; x_wconf 90' lang='lat' dir='ltr'>ejus</span> <span class='ocrx_word' id='word_1_163' title='bbox 711 1491 910 1545; x_wconf 90' lang='lat' dir='ltr'>jucunda</span> <span class='ocrx_word' id='word_1_164' title='bbox 940 1499 1163 1546; x_wconf 88' lang='lat' dir='ltr'>regnant;</span> <span class='ocrx_word' id='word_1_165' title='bbox 1197 1499 1243 1534; x_wconf 88' lang='lat' dir='ltr'>et</span> <span class='ocrx_word' id='word_1_166' title='bbox 1270 1499 1544 1543; x_wconf 84' lang='lat' dir='ltr'><strong>extrorsum,</strong></span> <span class='ocrx_word' id='word_1_167' title='bbox 1573 1493 1659 1535; x_wconf 92' lang='lat' dir='ltr'>hoc</span> <span class='ocrx_word' id='word_1_168' title='bbox 1690 1502 1761 1536; x_wconf 90' lang='lat' dir='ltr'>est</span> 
     </span>
     <span class='ocr_line' id='line_1_19' title="bbox 263 1549 1760 1612; baseline 0.003 -18"><span class='ocrx_word' id='word_1_169' title='bbox 263 1568 288 1594; x_wconf 93' lang='lat' dir='ltr'>a</span> <span class='ocrx_word' id='word_1_170' title='bbox 314 1554 442 1595; x_wconf 88' lang='lat' dir='ltr'>caelo</span> <span class='ocrx_word' id='word_1_171' title='bbox 468 1555 524 1595; x_wconf 90' lang='lat' dir='ltr'>ad</span> <span class='ocrx_word' id='word_1_172' title='bbox 551 1555 783 1604; x_wconf 92' lang='lat' dir='ltr'>mundum,</span> <span class='ocrx_word' id='word_1_173' title='bbox 812 1555 884 1596; x_wconf 89' lang='lat' dir='ltr'>ubi</span> <span class='ocrx_word' id='word_1_174' title='bbox 911 1549 1039 1596; x_wconf 84' lang='lat' dir='ltr'>amor</span> <span class='ocrx_word' id='word_1_175' title='bbox 1065 1556 1219 1596; x_wconf 93' lang='lat' dir='ltr'>mundi</span> <span class='ocrx_word' id='word_1_176' title='bbox 1245 1562 1292 1597; x_wconf 91' lang='lat' dir='ltr'>et</span> <span class='ocrx_word' id='word_1_177' title='bbox 1318 1555 1412 1609; x_wconf 84' lang='lat' dir='ltr'>ejus</span> <span class='ocrx_word' id='word_1_178' title='bbox 1433 1556 1632 1609; x_wconf 87' lang='lat' dir='ltr'>jucunda</span> <span class='ocrx_word' id='word_1_179' title='bbox 1656 1572 1760 1612; x_wconf 86' lang='lat' dir='ltr'>reg-</span> 
     </span>
     <span class='ocr_line' id='line_1_20' title="bbox 263 1618 1761 1673; baseline 0.003 -15"><span class='ocrx_word' id='word_1_180' title='bbox 263 1623 388 1658; x_wconf 90' lang='lat' dir='ltr'>nant.</span> <span class='ocrx_word' id='word_1_181' title='bbox 451 1618 603 1659; x_wconf 88' lang='lat' dir='ltr'>Aliter</span> <span class='ocrx_word' id='word_1_182' title='bbox 624 1633 732 1659; x_wconf 91' lang='lat' dir='ltr'>vero</span> <span class='ocrx_word' id='word_1_183' title='bbox 754 1632 856 1659; x_wconf 90' lang='lat' dir='ltr'>cum</span> <span class='ocrx_word' id='word_1_184' title='bbox 883 1618 1022 1660; x_wconf 93' lang='lat' dir='ltr'>homo</span> <span class='ocrx_word' id='word_1_185' title='bbox 1045 1633 1178 1673; x_wconf 89' lang='lat' dir='ltr'>super</span> <span class='ocrx_word' id='word_1_186' title='bbox 1199 1620 1351 1660; x_wconf 92' lang='lat' dir='ltr'>omnia</span> <span class='ocrx_word' id='word_1_187' title='bbox 1375 1626 1499 1661; x_wconf 88' lang='lat' dir='ltr'>amat</span> <span class='ocrx_word' id='word_1_188' title='bbox 1527 1621 1689 1670; x_wconf 91' lang='lat' dir='ltr'>Deum,</span> <span class='ocrx_word' id='word_1_189' title='bbox 1714 1628 1761 1663; x_wconf 89' lang='lat' dir='ltr'>et</span> 
     </span>
     <span class='ocr_line' id='line_1_21' title="bbox 262 1681 1761 1735; baseline 0.003 -14"><span class='ocrx_word' id='word_1_190' title='bbox 262 1681 520 1734; x_wconf 89' lang='lat' dir='ltr'>proximum</span> <span class='ocrx_word' id='word_1_191' title='bbox 553 1682 668 1722; x_wconf 91' lang='lat' dir='ltr'>sicut</span> <span class='ocrx_word' id='word_1_192' title='bbox 700 1695 749 1722; x_wconf 88' lang='lat' dir='ltr'>se</span> <span class='ocrx_word' id='word_1_193' title='bbox 780 1682 951 1735; x_wconf 81' lang='lat' dir='ltr'>ipsum:</span> <span class='ocrx_word' id='word_1_194' title='bbox 986 1689 1093 1723; x_wconf 90' lang='lat' dir='ltr'>tunc</span> <span class='ocrx_word' id='word_1_195' title='bbox 1128 1683 1349 1723; x_wconf 86' lang='lat' dir='ltr'>Dominus</span> <span class='ocrx_word' id='word_1_196' title='bbox 1375 1684 1514 1724; x_wconf 89' lang='lat' dir='ltr'>vertit</span> <span class='ocrx_word' id='word_1_197' title='bbox 1545 1685 1761 1725; x_wconf 88' lang='lat' dir='ltr'>interiora</span> 
     </span>
     <span class='ocr_line' id='line_1_22' title="bbox 263 1743 1761 1799; baseline 0.003 -15"><span class='ocrx_word' id='word_1_198' title='bbox 263 1758 378 1797; x_wconf 91' lang='lat' dir='ltr'>quae</span> <span class='ocrx_word' id='word_1_199' title='bbox 410 1750 515 1785; x_wconf 87' lang='lat' dir='ltr'>sunt</span> <span class='ocrx_word' id='word_1_200' title='bbox 547 1745 714 1785; x_wconf 87' lang='lat' dir='ltr'>mentis</span> <span class='ocrx_word' id='word_1_201' title='bbox 747 1743 955 1794; x_wconf 86' lang='lat' dir='ltr'>hominis,</span> <span class='ocrx_word' id='word_1_202' title='bbox 984 1759 1062 1786; x_wconf 85' lang='lat' dir='ltr'>seu</span> <span class='ocrx_word' id='word_1_203' title='bbox 1089 1747 1383 1799; x_wconf 83' lang='lat' dir='ltr'>cogitationis</span> <span class='ocrx_word' id='word_1_204' title='bbox 1415 1753 1461 1787; x_wconf 93' lang='lat' dir='ltr'>et</span> <span class='ocrx_word' id='word_1_205' title='bbox 1493 1748 1761 1788; x_wconf 89' lang='lat' dir='ltr'>intentionis</span> 
     </span>
     <span class='ocr_line' id='line_1_23' title="bbox 262 1806 1760 1863; baseline 0.003 -16"><span class='ocrx_word' id='word_1_206' title='bbox 262 1806 369 1859; x_wconf 85' lang='lat' dir='ltr'>ejus,</span> <span class='ocrx_word' id='word_1_207' title='bbox 398 1807 456 1847; x_wconf 89' lang='lat' dir='ltr'>ad</span> <span class='ocrx_word' id='word_1_208' title='bbox 483 1807 567 1858; x_wconf 83' lang='lat' dir='ltr'>Se;</span> <span class='ocrx_word' id='word_1_209' title='bbox 600 1808 664 1848; x_wconf 90' lang='lat' dir='ltr'>ita</span> <span class='ocrx_word' id='word_1_210' title='bbox 689 1808 855 1848; x_wconf 86' lang='lat' dir='ltr'>avertit</span> <span class='ocrx_word' id='word_1_211' title='bbox 887 1808 988 1848; x_wconf 88' lang='lat' dir='ltr'>illas</span> <span class='ocrx_word' id='word_1_212' title='bbox 1021 1823 1046 1849; x_wconf 89' lang='lat' dir='ltr'>a</span> <span class='ocrx_word' id='word_1_213' title='bbox 1078 1810 1259 1863; x_wconf 90' lang='lat' dir='ltr'>proprio</span> <span class='ocrx_word' id='word_1_214' title='bbox 1291 1809 1398 1862; x_wconf 90' lang='lat' dir='ltr'>ejus,</span> <span class='ocrx_word' id='word_1_215' title='bbox 1427 1816 1474 1850; x_wconf 90' lang='lat' dir='ltr'>et</span> <span class='ocrx_word' id='word_1_216' title='bbox 1501 1810 1680 1862; x_wconf 85' lang='lat' dir='ltr'>elevat;</span> <span class='ocrx_word' id='word_1_217' title='bbox 1713 1818 1760 1853; x_wconf 88' lang='lat' dir='ltr'>et</span> 
     </span>
     <span class='ocr_line' id='line_1_24' title="bbox 261 1869 1760 1928; baseline 0.003 -18"><span class='ocrx_word' id='word_1_218' title='bbox 261 1869 348 1910; x_wconf 90' lang='lat' dir='ltr'>hoc</span> <span class='ocrx_word' id='word_1_219' title='bbox 373 1877 553 1923; x_wconf 87' lang='lat' dir='ltr'>praeter</span> <span class='ocrx_word' id='word_1_220' title='bbox 570 1870 691 1924; x_wconf 91' lang='lat' dir='ltr'>quod</span> <span class='ocrx_word' id='word_1_221' title='bbox 713 1870 853 1911; x_wconf 91' lang='lat' dir='ltr'>homo</span> <span class='ocrx_word' id='word_1_222' title='bbox 875 1871 1042 1926; x_wconf 88' lang='lat' dir='ltr'>aliquid</span> <span class='ocrx_word' id='word_1_223' title='bbox 1065 1873 1121 1913; x_wconf 91' lang='lat' dir='ltr'>de</span> <span class='ocrx_word' id='word_1_224' title='bbox 1144 1886 1198 1913; x_wconf 89' lang='lat' dir='ltr'>eo</span> <span class='ocrx_word' id='word_1_225' title='bbox 1221 1873 1348 1914; x_wconf 86' lang='lat' dir='ltr'>sciat.</span> <span class='ocrx_word' id='word_1_226' title='bbox 1411 1874 1523 1914; x_wconf 92' lang='lat' dir='ltr'>Inde</span> <span class='ocrx_word' id='word_1_227' title='bbox 1546 1880 1616 1915; x_wconf 90' lang='lat' dir='ltr'>est</span> <span class='ocrx_word' id='word_1_228' title='bbox 1639 1875 1760 1928; x_wconf 89' lang='lat' dir='ltr'>quod</span> 
     </span>
     <span class='ocr_line' id='line_1_25' title="bbox 261 1933 1759 1989; baseline 0.004 -16"><span class='ocrx_word' id='word_1_229' title='bbox 261 1934 441 1986; x_wconf 84' lang='lat' dir='ltr'>spiritus</span> <span class='ocrx_word' id='word_1_230' title='bbox 465 1933 674 1983; x_wconf 86' lang='lat' dir='ltr'>hominis,</span> <span class='ocrx_word' id='word_1_231' title='bbox 699 1935 773 1988; x_wconf 89' lang='lat' dir='ltr'>qui</span> <span class='ocrx_word' id='word_1_232' title='bbox 795 1941 866 1975; x_wconf 89' lang='lat' dir='ltr'>est</span> <span class='ocrx_word' id='word_1_233' title='bbox 888 1935 983 1988; x_wconf 91' lang='lat' dir='ltr'>ipse</span> <span class='ocrx_word' id='word_1_234' title='bbox 1006 1935 1159 1984; x_wconf 91' lang='lat' dir='ltr'>homo,</span> <span class='ocrx_word' id='word_1_235' title='bbox 1184 1942 1289 1989; x_wconf 90' lang='lat' dir='ltr'>post</span> <span class='ocrx_word' id='word_1_236' title='bbox 1312 1936 1587 1978; x_wconf 88' lang='lat' dir='ltr'>solutionem</span> <span class='ocrx_word' id='word_1_237' title='bbox 1610 1952 1636 1978; x_wconf 91' lang='lat' dir='ltr'>a</span> <span class='ocrx_word' id='word_1_238' title='bbox 1658 1952 1759 1979; x_wconf 89' lang='lat' dir='ltr'>cor-</span> 
     </span>
     <span class='ocr_line' id='line_1_26' title="bbox 261 1995 1760 2054; baseline 0.004 -18"><span class='ocrx_word' id='word_1_239' title='bbox 261 2009 369 2048; x_wconf 93' lang='lat' dir='ltr'>pore</span> <span class='ocrx_word' id='word_1_240' title='bbox 405 1995 645 2038; x_wconf 59' lang='lat' dir='ltr'>actualiter</span> <span class='ocrx_word' id='word_1_241' title='bbox 681 2003 885 2038; x_wconf 87' lang='lat' dir='ltr'>vertatur</span> <span class='ocrx_word' id='word_1_242' title='bbox 921 1998 979 2038; x_wconf 84' lang='lat' dir='ltr'>ad</span> <span class='ocrx_word' id='word_1_243' title='bbox 1017 2012 1218 2040; x_wconf 89' lang='lat' dir='ltr'>amorem</span> <span class='ocrx_word' id='word_1_244' title='bbox 1257 2013 1399 2048; x_wconf 89' lang='lat' dir='ltr'>suum,</span> <span class='ocrx_word' id='word_1_245' title='bbox 1440 2001 1543 2054; x_wconf 82' lang='lat' dir='ltr'>quia</span> <span class='ocrx_word' id='word_1_246' title='bbox 1579 2002 1615 2041; x_wconf 90' lang='lat' dir='ltr'>is</span> <span class='ocrx_word' id='word_1_247' title='bbox 1652 2002 1760 2043; x_wconf 84' lang='lat' dir='ltr'>facit</span> 
     </span>
     <span class='ocr_line' id='line_1_27' title="bbox 259 2060 1761 2116; baseline 0.004 -16"><span class='ocrx_word' id='word_1_248' title='bbox 259 2060 504 2114; x_wconf 88' lang='lat' dir='ltr'>jucundum</span> <span class='ocrx_word' id='word_1_249' title='bbox 528 2062 652 2102; x_wconf 88' lang='lat' dir='ltr'>vitae</span> <span class='ocrx_word' id='word_1_250' title='bbox 678 2060 787 2114; x_wconf 86' lang='lat' dir='ltr'>ejus,</span> <span class='ocrx_word' id='word_1_251' title='bbox 811 2061 898 2102; x_wconf 91' lang='lat' dir='ltr'>hoc</span> <span class='ocrx_word' id='word_1_252' title='bbox 925 2068 1011 2111; x_wconf 87' lang='lat' dir='ltr'>est,</span> <span class='ocrx_word' id='word_1_253' title='bbox 1038 2063 1182 2103; x_wconf 87' lang='lat' dir='ltr'>vitam</span> <span class='ocrx_word' id='word_1_254' title='bbox 1208 2063 1317 2116; x_wconf 85' lang='lat' dir='ltr'>ejus.</span> <span class='ocrx_word' id='word_1_255' title='bbox 1375 2074 1489 2113; x_wconf 85' lang='lat' dir='ltr'>(Quod</span> <span class='ocrx_word' id='word_1_256' title='bbox 1508 2085 1620 2105; x_wconf 77' lang='lat' dir='ltr'>omnes</span> <span class='ocrx_word' id='word_1_257' title='bbox 1634 2077 1761 2115; x_wconf 86' lang='lat' dir='ltr'>spiritus</span> 
     </span>
     <span class='ocr_line' id='line_1_28' title="bbox 260 2130 1760 2172; baseline 0.003 -13"><span class='ocrx_word' id='word_1_258' title='bbox 260 2130 426 2159; x_wconf 61' lang='lat' dir='ltr'>actualiter</span> <span class='ocrx_word' id='word_1_259' title='bbox 446 2130 488 2158; x_wconf 95' lang='lat' dir='ltr'>ad</span> <span class='ocrx_word' id='word_1_260' title='bbox 508 2138 634 2158; x_wconf 88' lang='lat' dir='ltr'>amores</span> <span class='ocrx_word' id='word_1_261' title='bbox 654 2139 730 2158; x_wconf 88' lang='lat' dir='ltr'>suos</span> <span class='ocrx_word' id='word_1_262' title='bbox 743 2134 915 2165; x_wconf 83' lang='lat' dir='ltr'>vertantur,</span> <span class='ocrx_word' id='word_1_263' title='bbox 931 2131 1077 2160; x_wconf 86' lang='lat' dir='ltr'>videatur</span> <span class='ocrx_word' id='word_1_264' title='bbox 1098 2131 1129 2159; x_wconf 90' lang='lat' dir='ltr'>in</span> <span class='ocrx_word' id='word_1_265' title='bbox 1151 2141 1248 2169; x_wconf 90' lang='lat' dir='ltr'>opere</span> <span class='ocrx_word' id='word_1_266' title='bbox 1271 2132 1323 2161; x_wconf 83' lang='lat' dir='ltr'>De</span> <span class='ocrx_word' id='word_1_267' title='bbox 1348 2133 1439 2162; x_wconf 86' lang='lat' dir='ltr'>Caelo</span> <span class='ocrx_word' id='word_1_268' title='bbox 1459 2136 1490 2162; x_wconf 83' lang='lat' dir='ltr'>et</span> <span class='ocrx_word' id='word_1_269' title='bbox 1509 2134 1647 2172; x_wconf 72' lang='lat' dir='ltr'>Inferna,</span> <span class='ocrx_word' id='word_1_270' title='bbox 1663 2144 1694 2165; x_wconf 91' lang='lat' dir='ltr'>n.</span> <span class='ocrx_word' id='word_1_271' title='bbox 1713 2144 1760 2171; x_wconf 86' lang='lat'>17,</span> 
     </span>
     <span class='ocr_line' id='line_1_29' title="bbox 261 2179 1758 2230; baseline 0.005 -16"><span class='ocrx_word' id='word_1_272' title='bbox 261 2193 495 2224; x_wconf 80' lang='lat'>123,142—145,</span> <span class='ocrx_word' id='word_1_273' title='bbox 512 2193 580 2223; x_wconf 84' lang='lat'>151,</span> <span class='ocrx_word' id='word_1_274' title='bbox 602 2193 669 2224; x_wconf 83' lang='lat'>153,</span> <span class='ocrx_word' id='word_1_275' title='bbox 690 2195 759 2222; x_wconf 84' lang='lat'><em>27²·</em></span> <span class='ocrx_word' id='word_1_276' title='bbox 780 2194 849 2223; x_wconf 84' lang='lat'>510,</span> <span class='ocrx_word' id='word_1_277' title='bbox 870 2189 939 2225; x_wconf 86' lang='lat'><strong>548,</strong></span> <span class='ocrx_word' id='word_1_278' title='bbox 959 2194 1029 2224; x_wconf 85' lang='lat'><strong>552,</strong></span> <span class='ocrx_word' id='word_1_279' title='bbox 1049 2188 1126 2224; x_wconf 85' lang='lat'><strong>561;</strong></span> <span class='ocrx_word' id='word_1_280' title='bbox 1156 2193 1187 2217; x_wconf 87' lang='lat' dir='ltr'>et</span> <span class='ocrx_word' id='word_1_281' title='bbox 1206 2197 1311 2226; x_wconf 84' lang='lat' dir='ltr'>supra,</span> <span class='ocrx_word' id='word_1_282' title='bbox 1344 2197 1376 2218; x_wconf 89' lang='lat' dir='ltr'>n.</span> <span class='ocrx_word' id='word_1_283' title='bbox 1400 2190 1484 2230; x_wconf 88' lang='lat'>41.)</span> <span class='ocrx_word' id='word_1_284' title='bbox 1543 2179 1646 2220; x_wconf 88' lang='lat' dir='ltr'>HOC</span> <span class='ocrx_word' id='word_1_285' title='bbox 1673 2181 1758 2221; x_wconf 78' lang='grc' dir='ltr'><strong>3.Ῑί-</strong></span> 
     </span>
     <span class='ocr_line' id='line_1_30' title="bbox 261 2238 1758 2294; baseline 0.005 -17"><span class='ocrx_word' id='word_1_286' title='bbox 261 2244 481 2291; x_wconf 91' lang='lat' dir='ltr'>quantum</span> <span class='ocrx_word' id='word_1_287' title='bbox 511 2238 724 2279; x_wconf 88' lang='lat' dir='ltr'>illustrari</span> <span class='ocrx_word' id='word_1_288' title='bbox 756 2245 911 2292; x_wconf 89' lang='lat' dir='ltr'>potest</span> <span class='ocrx_word' id='word_1_289' title='bbox 938 2253 998 2280; x_wconf 86' lang='lat' dir='ltr'>ex</span> <span class='ocrx_word' id='word_1_290' title='bbox 1024 2253 1093 2289; x_wconf 89' lang='lat' dir='ltr'>eo,</span> <span class='ocrx_word' id='word_1_291' title='bbox 1122 2241 1242 2294; x_wconf 90' lang='lat' dir='ltr'>quod</span> <span class='ocrx_word' id='word_1_292' title='bbox 1269 2242 1421 2282; x_wconf 90' lang='lat' dir='ltr'>omnia</span> <span class='ocrx_word' id='word_1_293' title='bbox 1447 2243 1632 2283; x_wconf 91' lang='lat' dir='ltr'>minima</span> <span class='ocrx_word' id='word_1_294' title='bbox 1658 2257 1758 2284; x_wconf 88' lang='lat' dir='ltr'>cor-</span> 
     </span>
     <span class='ocr_line' id='line_1_31' title="bbox 261 2301 1759 2359; baseline 0.005 -19"><span class='ocrx_word' id='word_1_295' title='bbox 261 2301 382 2353; x_wconf 88' lang='lat' dir='ltr'>poris</span> <span class='ocrx_word' id='word_1_296' title='bbox 413 2314 462 2341; x_wconf 89' lang='lat' dir='ltr'>se</span> <span class='ocrx_word' id='word_1_297' title='bbox 493 2307 678 2342; x_wconf 87' lang='lat' dir='ltr'>vertant</span> <span class='ocrx_word' id='word_1_298' title='bbox 710 2303 768 2342; x_wconf 90' lang='lat' dir='ltr'>ad</span> <span class='ocrx_word' id='word_1_299' title='bbox 800 2308 1007 2343; x_wconf 86' lang='lat' dir='ltr'>centrum</span> <span class='ocrx_word' id='word_1_300' title='bbox 1035 2316 1276 2345; x_wconf 89' lang='lat' dir='ltr'>commune</span> <span class='ocrx_word' id='word_1_301' title='bbox 1308 2306 1451 2345; x_wconf 89' lang='lat' dir='ltr'>nostri</span> <span class='ocrx_word' id='word_1_302' title='bbox 1477 2305 1610 2354; x_wconf 90' lang='lat' dir='ltr'>orbis,</span> <span class='ocrx_word' id='word_1_303' title='bbox 1638 2307 1759 2359; x_wconf 92' lang='lat' dir='ltr'>quod</span> 
     </span>
     <span class='ocr_line' id='line_1_32' title="bbox 261 2365 1756 2422; baseline 0.005 -19"><span class='ocrx_word' id='word_1_304' title='bbox 261 2369 466 2403; x_wconf 86' lang='lat' dir='ltr'>centrum</span> <span class='ocrx_word' id='word_1_305' title='bbox 492 2365 696 2416; x_wconf 88' lang='lat' dir='ltr'>gravium</span> <span class='ocrx_word' id='word_1_306' title='bbox 720 2372 935 2416; x_wconf 88' lang='lat' dir='ltr'>vocatur;</span> <span class='ocrx_word' id='word_1_307' title='bbox 969 2373 1015 2406; x_wconf 91' lang='lat' dir='ltr'>et</span> <span class='ocrx_word' id='word_1_308' title='bbox 1039 2367 1158 2420; x_wconf 89' lang='lat' dir='ltr'>quod</span> <span class='ocrx_word' id='word_1_309' title='bbox 1181 2367 1285 2408; x_wconf 92' lang='lat' dir='ltr'>inde</span> <span class='ocrx_word' id='word_1_310' title='bbox 1308 2369 1366 2408; x_wconf 93' lang='lat' dir='ltr'>sit</span> <span class='ocrx_word' id='word_1_311' title='bbox 1388 2369 1508 2422; x_wconf 92' lang='lat' dir='ltr'>quod</span> <span class='ocrx_word' id='word_1_312' title='bbox 1534 2368 1756 2418; x_wconf 89' lang='lat' dir='ltr'>homines,</span> 
     </span>
     <span class='ocr_line' id='line_1_33' title="bbox 262 2427 1759 2485; baseline 0.005 -19"><span class='ocrx_word' id='word_1_313' title='bbox 262 2427 512 2480; x_wconf 85' lang='lat' dir='ltr'>ubicunque</span> <span class='ocrx_word' id='word_1_314' title='bbox 545 2433 665 2477; x_wconf 89' lang='lat' dir='ltr'>sunt,</span> <span class='ocrx_word' id='word_1_315' title='bbox 694 2429 833 2469; x_wconf 88' lang='lat' dir='ltr'>etiam</span> <span class='ocrx_word' id='word_1_316' title='bbox 859 2430 934 2482; x_wconf 91' lang='lat' dir='ltr'>qui</span> <span class='ocrx_word' id='word_1_317' title='bbox 965 2430 1009 2469; x_wconf 92' lang='lat' dir='ltr'>in</span> <span class='ocrx_word' id='word_1_318' title='bbox 1042 2431 1255 2483; x_wconf 89' lang='lat' dir='ltr'>opposito</span> <span class='ocrx_word' id='word_1_319' title='bbox 1281 2445 1413 2471; x_wconf 87' lang='lat' dir='ltr'>versu</span> <span class='ocrx_word' id='word_1_320' title='bbox 1444 2438 1491 2472; x_wconf 90' lang='lat' dir='ltr'>et</span> <span class='ocrx_word' id='word_1_321' title='bbox 1518 2432 1759 2485; x_wconf 88' lang='lat' dir='ltr'>antipodes</span> 
     </span>
     <span class='ocr_line' id='line_1_34' title="bbox 261 2490 1757 2548; baseline 0.005 -19"><span class='ocrx_word' id='word_1_322' title='bbox 261 2496 495 2538; x_wconf 89' lang='lat' dir='ltr'>vocantur,</span> <span class='ocrx_word' id='word_1_323' title='bbox 523 2490 737 2532; x_wconf 86' lang='lat' dir='ltr'>insistant</span> <span class='ocrx_word' id='word_1_324' title='bbox 769 2492 983 2545; x_wconf 90' lang='lat' dir='ltr'>pedibus:</span> <span class='ocrx_word' id='word_1_325' title='bbox 1018 2499 1066 2533; x_wconf 88' lang='lat' dir='ltr'>at</span> <span class='ocrx_word' id='word_1_326' title='bbox 1093 2493 1179 2534; x_wconf 92' lang='lat' dir='ltr'>hoc</span> <span class='ocrx_word' id='word_1_327' title='bbox 1211 2500 1419 2535; x_wconf 85' lang='lat' dir='ltr'>centrum</span> <span class='ocrx_word' id='word_1_328' title='bbox 1451 2495 1654 2548; x_wconf 86' lang='lat' dir='ltr'>gravium</span> <span class='ocrx_word' id='word_1_329' title='bbox 1687 2502 1757 2536; x_wconf 90' lang='lat' dir='ltr'>est</span> 
     </span>
     <span class='ocr_line' id='line_1_35' title="bbox 263 2553 1757 2612; baseline 0.005 -21"><span class='ocrx_word' id='word_1_330' title='bbox 263 2553 398 2592; x_wconf 91' lang='lat' dir='ltr'>modo</span> <span class='ocrx_word' id='word_1_331' title='bbox 429 2559 635 2594; x_wconf 88' lang='lat' dir='ltr'>centrum</span> <span class='ocrx_word' id='word_1_332' title='bbox 672 2556 877 2607; x_wconf 88' lang='lat' dir='ltr'>gravium</span> <span class='ocrx_word' id='word_1_333' title='bbox 909 2556 954 2596; x_wconf 91' lang='lat' dir='ltr'>in</span> <span class='ocrx_word' id='word_1_334' title='bbox 986 2555 1186 2607; x_wconf 89' lang='lat' dir='ltr'>Natura;</span> <span class='ocrx_word' id='word_1_335' title='bbox 1229 2570 1383 2597; x_wconf 89' lang='lat' dir='ltr'>verum</span> <span class='ocrx_word' id='word_1_336' title='bbox 1416 2564 1622 2599; x_wconf 86' lang='lat' dir='ltr'>centrum</span> <span class='ocrx_word' id='word_1_337' title='bbox 1653 2572 1757 2612; x_wconf 88' lang='lat' dir='ltr'>gra-</span> 
     </span>
    </p>

    <p class='ocr_par' dir='ltr' id='par_1_3' title="bbox 225 2615 1758 2862">
     <span class='ocr_line' id='line_1_36' title="bbox 259 2615 1757 2674; baseline 0.005 -20"><span class='ocrx_word' id='word_1_338' title='bbox 259 2616 379 2655; x_wconf 89' lang='lat' dir='ltr'>vium</span> <span class='ocrx_word' id='word_1_339' title='bbox 402 2615 522 2656; x_wconf 83' lang='lat' dir='ltr'>aliud</span> <span class='ocrx_word' id='word_1_340' title='bbox 545 2622 616 2656; x_wconf 88' lang='lat' dir='ltr'>est</span> <span class='ocrx_word' id='word_1_341' title='bbox 638 2617 682 2657; x_wconf 91' lang='lat' dir='ltr'>in</span> <span class='ocrx_word' id='word_1_342' title='bbox 706 2618 876 2658; x_wconf 91' lang='lat' dir='ltr'>mundo</span> <span class='ocrx_word' id='word_1_343' title='bbox 898 2619 1144 2671; x_wconf 89' lang='lat' dir='ltr'>spirituali;</span> <span class='ocrx_word' id='word_1_344' title='bbox 1178 2619 1264 2660; x_wconf 91' lang='lat' dir='ltr'>hoc</span> <span class='ocrx_word' id='word_1_345' title='bbox 1288 2620 1618 2661; x_wconf 82' lang='lat' dir='ltr'>determinatur</span> <span class='ocrx_word' id='word_1_346' title='bbox 1639 2621 1757 2674; x_wconf 88' lang='lat' dir='ltr'>apud</span> 
     </span>
     <span class='ocr_line' id='line_1_37' title="bbox 225 2673 1757 2735; baseline 0.005 -18"><span class='ocrx_word' id='word_1_347' title='bbox 225 2673 228 2677; x_wconf 79' lang='grc'>’</span> <span class='ocrx_word' id='word_1_348' title='bbox 259 2677 491 2719; x_wconf 87' lang='lat' dir='ltr'>hominem</span> <span class='ocrx_word' id='word_1_349' title='bbox 524 2692 583 2719; x_wconf 86' lang='lat' dir='ltr'>ex</span> <span class='ocrx_word' id='word_1_350' title='bbox 614 2694 768 2721; x_wconf 89' lang='lat' dir='ltr'>amore</span> <span class='ocrx_word' id='word_1_351' title='bbox 799 2682 844 2721; x_wconf 92' lang='lat' dir='ltr'>in</span> <span class='ocrx_word' id='word_1_352' title='bbox 870 2695 959 2735; x_wconf 93' lang='lat' dir='ltr'>quo</span> <span class='ocrx_word' id='word_1_353' title='bbox 985 2688 1069 2732; x_wconf 92' lang='lat' dir='ltr'>est,</span> <span class='ocrx_word' id='word_1_354' title='bbox 1099 2682 1308 2723; x_wconf 89' lang='lat' dir='ltr'>deorsum</span> <span class='ocrx_word' id='word_1_355' title='bbox 1335 2685 1371 2724; x_wconf 92' lang='lat' dir='ltr'>si</span> <span class='ocrx_word' id='word_1_356' title='bbox 1403 2684 1442 2724; x_wconf 91' lang='lat' dir='ltr'>ei</span> <span class='ocrx_word' id='word_1_357' title='bbox 1471 2698 1598 2724; x_wconf 90' lang='lat' dir='ltr'>amor</span> <span class='ocrx_word' id='word_1_358' title='bbox 1623 2685 1757 2725; x_wconf 89' lang='lat' dir='ltr'>infer-</span> 
     </span>
     <span class='ocr_line' id='line_1_38' title="bbox 260 2741 1758 2801; baseline 0.005 -21"><span class='ocrx_word' id='word_1_359' title='bbox 260 2741 374 2781; x_wconf 86' lang='lat' dir='ltr'>nalis</span> <span class='ocrx_word' id='word_1_360' title='bbox 401 2748 486 2790; x_wconf 88' lang='lat' dir='ltr'>est,</span> <span class='ocrx_word' id='word_1_361' title='bbox 515 2748 561 2783; x_wconf 90' lang='lat' dir='ltr'>et</span> <span class='ocrx_word' id='word_1_362' title='bbox 588 2756 762 2784; x_wconf 86' lang='lat' dir='ltr'>sursum</span> <span class='ocrx_word' id='word_1_363' title='bbox 789 2744 824 2785; x_wconf 88' lang='lat' dir='ltr'>si</span> <span class='ocrx_word' id='word_1_364' title='bbox 852 2758 979 2786; x_wconf 91' lang='lat' dir='ltr'>amor</span> <span class='ocrx_word' id='word_1_365' title='bbox 1005 2746 1045 2786; x_wconf 90' lang='lat' dir='ltr'>ei</span> <span class='ocrx_word' id='word_1_366' title='bbox 1071 2745 1284 2786; x_wconf 86' lang='lat' dir='ltr'>caelestis</span> <span class='ocrx_word' id='word_1_367' title='bbox 1310 2753 1408 2797; x_wconf 84' lang='lat' dir='ltr'>est;</span> <span class='ocrx_word' id='word_1_368' title='bbox 1442 2753 1488 2788; x_wconf 91' lang='lat' dir='ltr'>et</span> <span class='ocrx_word' id='word_1_369' title='bbox 1515 2762 1604 2801; x_wconf 91' lang='lat' dir='ltr'>quo</span> <span class='ocrx_word' id='word_1_370' title='bbox 1630 2761 1758 2788; x_wconf 91' lang='lat' dir='ltr'>amor</span> 
     </span>
     <span class='ocr_line' id='line_1_39' title="bbox 260 2803 1755 2862; baseline 0.005 -18"><span class='ocrx_word' id='word_1_371' title='bbox 260 2803 454 2845; x_wconf 86' lang='lat' dir='ltr'>hominis</span> <span class='ocrx_word' id='word_1_372' title='bbox 481 2805 822 2856; x_wconf 83' lang='lat' dir='ltr'>determinatur,</span> <span class='ocrx_word' id='word_1_373' title='bbox 847 2821 903 2848; x_wconf 91' lang='lat' dir='ltr'>eo</span> <span class='ocrx_word' id='word_1_374' title='bbox 925 2822 1102 2862; x_wconf 90' lang='lat' dir='ltr'>quoque</span> <span class='ocrx_word' id='word_1_375' title='bbox 1129 2810 1437 2862; x_wconf 88' lang='lat' dir='ltr'>cogitationes</span> <span class='ocrx_word' id='word_1_376' title='bbox 1464 2817 1510 2851; x_wconf 90' lang='lat' dir='ltr'>et</span> <span class='ocrx_word' id='word_1_377' title='bbox 1537 2812 1755 2851; x_wconf 89' lang='lat' dir='ltr'>intentio-</span> 
     </span>
    </p>
   </div>
   <div class='ocr_carea' id='block_1_3' title="bbox 195 2867 1756 2925">
    <p class='ocr_par' dir='ltr' id='par_1_4' title="bbox 195 2867 1756 2925">
     <span class='ocr_line' id='line_1_40' title="bbox 195 2867 1756 2925; baseline 0.004 -18"><span class='ocrx_word' id='word_1_378' title='bbox 195 2918 197 2921; x_wconf 14' lang='grc' dir='ltr'><em>Α</em></span> <span class='ocrx_word' id='word_1_379' title='bbox 260 2867 491 2920; x_wconf 85' lang='lat' dir='ltr'>nesejus;</span> <span class='ocrx_word' id='word_1_380' title='bbox 523 2882 629 2909; x_wconf 92' lang='lat' dir='ltr'>nam</span> <span class='ocrx_word' id='word_1_381' title='bbox 660 2868 747 2910; x_wconf 89' lang='lat' dir='ltr'>hae</span> <span class='ocrx_word' id='word_1_382' title='bbox 779 2876 884 2911; x_wconf 90' lang='lat' dir='ltr'>sunt</span> <span class='ocrx_word' id='word_1_383' title='bbox 914 2871 959 2912; x_wconf 94' lang='lat' dir='ltr'>in</span> <span class='ocrx_word' id='word_1_384' title='bbox 991 2872 1211 2925; x_wconf 85' lang='lat' dir='ltr'>spirituali</span> <span class='ocrx_word' id='word_1_385' title='bbox 1243 2873 1426 2922; x_wconf 92' lang='lat' dir='ltr'>mundo,</span> <span class='ocrx_word' id='word_1_386' title='bbox 1456 2880 1502 2915; x_wconf 90' lang='lat' dir='ltr'>et</span> <span class='ocrx_word' id='word_1_387' title='bbox 1534 2887 1560 2914; x_wconf 91' lang='lat' dir='ltr'>a</span> <span class='ocrx_word' id='word_1_388' title='bbox 1591 2874 1756 2914; x_wconf 85' lang='lat' dir='ltr'>viribus</span> 
     </span>
    </p>
   </div>
   <div class='ocr_carea' id='block_1_4' title="bbox 260 2931 1756 3054">
    <p class='ocr_par' dir='ltr' id='par_1_5' title="bbox 260 2931 1756 3054">
     <span class='ocr_line' id='line_1_41' title="bbox 260 2931 1756 2990; baseline 0.006 -20"><span class='ocrx_word' id='word_1_389' title='bbox 260 2944 373 2983; x_wconf 87' lang='lat' dir='ltr'>quae</span> <span class='ocrx_word' id='word_1_390' title='bbox 396 2931 468 2980; x_wconf 93' lang='lat' dir='ltr'>ibi,</span> <span class='ocrx_word' id='word_1_391' title='bbox 490 2938 698 2985; x_wconf 87' lang='lat' dir='ltr'>aguntur.</span> <span class='ocrx_word' id='word_1_392' title='bbox 759 2933 835 2974; x_wconf 87' lang='lat' dir='ltr'>Ex</span> <span class='ocrx_word' id='word_1_393' title='bbox 862 2933 930 2975; x_wconf 91' lang='lat' dir='ltr'>his</span> <span class='ocrx_word' id='word_1_394' title='bbox 954 2948 1070 2976; x_wconf 92' lang='lat' dir='ltr'>nunc</span> <span class='ocrx_word' id='word_1_395' title='bbox 1095 2943 1307 2977; x_wconf 88' lang='lat' dir='ltr'>constare</span> <span class='ocrx_word' id='word_1_396' title='bbox 1330 2943 1485 2990; x_wconf 87' lang='lat' dir='ltr'>potest</span> <span class='ocrx_word' id='word_1_397' title='bbox 1508 2937 1628 2990; x_wconf 92' lang='lat' dir='ltr'>quod</span> <span class='ocrx_word' id='word_1_398' title='bbox 1654 2950 1733 2990; x_wconf 88' lang='lat' dir='ltr'>per</span> <span class='ocrx_word' id='word_1_399' title='bbox 1754 2974 1756 2979; x_wconf 80' lang='grc'>,</span> 
     </span>
     <span class='ocr_line' id='line_1_42' title="bbox 263 2994 1754 3054; baseline 0.005 -21"><span class='ocrx_word' id='word_1_400' title='bbox 263 2994 405 3034; x_wconf 82' lang='lat' dir='ltr'>versio</span> <span class='ocrx_word' id='word_1_401' title='bbox 427 2995 662 3044; x_wconf 84' lang='lat' dir='ltr'>ecclesiae,</span> <span class='ocrx_word' id='word_1_402' title='bbox 687 3010 801 3050; x_wconf 84' lang='lat' dir='ltr'>quae</span> <span class='ocrx_word' id='word_1_403' title='bbox 827 3011 906 3051; x_wconf 87' lang='lat' dir='ltr'>per</span> <span class='ocrx_word' id='word_1_404' title='bbox 931 2999 1202 3041; x_wconf 90' lang='lat' dir='ltr'>“mulierem</span> <span class='ocrx_word' id='word_1_405' title='bbox 1223 3000 1437 3054; x_wconf 88' lang='lat' dir='ltr'>Jezabel&#39;’</span> <span class='ocrx_word' id='word_1_406' title='bbox 1459 2999 1754 3053; x_wconf 84' lang='lat' dir='ltr'>significatur,</span> 
     </span>
    </p>
   </div>
  </div>
 </body>
</html>
