2060 3476
690 399 796 432 CAP.
819 399 879 440 v.‚
903 397 1041 432 VERS.
1063 400 1211 444 9.—N.
1237 390 1414 446 329[d].
1714 392 1797 433 611

300 512 642 565 procedentium
667 526 694 554 a
723 512 936 562 Domino,
963 525 1078 567 quae
1103 520 1326 555 vocantur
1351 514 1570 556 caelestia
1594 522 1641 556 et
1668 516 1797 569 spiri-

300 575 454 624 tualia,
473 575 858 629 inaugurabantur
875 589 954 629 per
971 575 1122 617 oleum
1144 583 1190 618 et
1214 590 1292 630 per
1313 578 1596 630 sanguinem,
1617 584 1664 619 et
1687 585 1796 619 tunc

299 635 420 679 dicta
451 644 556 679 sunt
582 636 766 689 sancta3
798 638 918 692 quod
950 639 1325 692 inaugurarentur
1357 653 1436 693 per
1461 639 1611 681 oleum
1641 646 1687 681 et
1719 654 1798 694 per

298 701 564 754 sanguinem
583 707 631 743 ut
649 709 1060 756 repraesentarent,
1078 708 1175 743 erat
1190 716 1340 751 causa,
1357 704 1460 757 quia
1477 717 1557 757 per
1574 708 1599 724 “
1612 704 1764 745 oleum
1777 704 1797 719 ’¹

298 763 638 817 significabatur
655 765 868 806 Divinum
891 765 1068 806 Bonum
1092 765 1242 806 Divini
1265 765 1466 816 Amoris,
1485 773 1531 808 et
1555 781 1634 820 per
1652 771 1796 807 “san-

297 827 481 879 guinem
499 827 519 842 ”
560 827 773 869 Divinum
815 828 987 869 Verum
1028 829 1132 870 inde
1173 829 1440 883 procedens,
1479 843 1635 871 verum
1676 832 1796 871 enim

296 889 501 942 procedit
520 904 579 931 ex
596 890 731 932 bono.
793 890 927 945 Quod
945 905 1024 945 per
1041 891 1192 933 oleum
1210 892 1580 945 inaugurationes
1599 899 1645 933 et
1664 907 1796 934 sanc-

297 951 571 994 tificationes
602 952 747 995 factae
778 954 956 1002 fuerint,
984 955 1211 996 videbitur
1239 956 1283 996 in
1315 956 1608 1009 sequentibus
1639 956 1682 996 in
1715 970 1796 997 suo

295 1015 489 1056 articulo
506 1030 516 1067 3
540 1015 612 1058 hic
632 1017 777 1058 solum
793 1018 1088 1059 memoranda
1103 1024 1207 1059 sunt
1223 1033 1336 1073 quae
1351 1032 1430 1072 per
1443 1020 1710 1072 sanguinem
1728 1033 1797 1059 :-—

363 1110 412 1143 Ut
427 1121 507 1143 cum
526 1109 867 1145 [¹]sanc‘tificarentur
882 1113 1031 1145 Aharon
1048 1120 1084 1146 et
1100 1114 1161 1146 filii
1179 1113 1269 1155 ejus,
1289 1115 1384 1156 quod
1404 1120 1631 1155 spargeretur
1647 1115 1795 1155 sanguis

469 1165 576 1197 super
591 1166 726 1188 cornua
744 1157 878 1195 altaris,
898 1163 934 1189 et
953 1158 1180 1189 circumcirca
1197 1158 1309 1190 altare
1324 1168 1331 1195 :
1356 1164 1391 1190 et
1408 1168 1515 1199 super
1531 1158 1739 1190 Aharonem
1759 1165 1796 1190 et

469 1199 560 1232 filios
577 1200 667 1241 ejus,
684 1210 860 1242 superque
873 1207 992 1233 vestes
1005 1211 1129 1233 eorum
1143 1201 1267 1241 (Exod.
1281 1202 1377 1235 xxix.
1394 1210 1445 1240 12,
1463 1203 1514 1242 16,
1528 1210 1580 1240 20,
1596 1210 1635 1233 21
1650 1212 1657 1240 ;
1681 1202 1792 1235 Levit.

469 1243 542 1276 viii.
557 1244 633 1284 24);

360 1286 465 1328 Quod
489 1293 716 1328 spargeretur
734 1288 881 1329 sanguis
902 1295 1039 1329 septem
1059 1289 1195 1321 vicibus
1215 1296 1298 1321 ante
1317 1289 1436 1321 velum
1456 1290 1550 1330 quod
1572 1299 1680 1330 super
1698 1299 1790 1327 arca,

467 1337 503 1363 et
519 1341 626 1372 super
641 1341 775 1364 cornua
791 1333 911 1364 altaris
929 1333 1066 1364 suffitus
1082 1333 1206 1372 (Levit.
1221 1333 1268 1365 iv.
1282 1334 1314 1371 6,
1330 1340 1360 1372 7,
1377 1341 1428 1372 17,
1445 1334 1519 1373 18);

360 1373 465 1416 Quod
483 1381 675 1417 antequam
697 1376 845 1408 intraret
861 1376 1009 1407 Aharon
1031 1377 1125 1408 intra
1144 1377 1261 1408 velum
1281 1377 1326 1408 ad
1346 1377 1642 1418 propitiatorium,
1662 1376 1794 1408 sacrifi-

467 1425 563 1450 caret
581 1426 617 1451 et
638 1420 783 1457 suffiret,
806 1426 842 1451 et
860 1421 1074 1460 sanguinem
1093 1420 1207 1460 digito
1226 1427 1412 1461 spargeret
1435 1421 1480 1452 ad
1505 1421 1793 1462 propitiatorium

467 1463 600 1503 septies
619 1473 745 1495 versus
762 1464 936 1495 orientem
954 1464 1077 1504 (Levit.
1091 1465 1162 1496 xvi.
1180 1464 1298 1504 12-15)
1314 1474 1321 1502 ;

358 1505 463 1547 Quod
487 1507 633 1547 sanguis
657 1507 857 1539 holocausti
880 1513 916 1539 et
939 1507 1100 1539 sacrificii
1125 1514 1353 1548 spargeretur
1376 1516 1484 1548 super
1507 1508 1631 1546 altare,
1658 1508 1791 1540 circum

466 1550 588 1589 altare,
611 1557 647 1583 et
665 1551 710 1583 ad
729 1551 1003 1583 fundamentum
1023 1552 1146 1583 altaris
1165 1551 1287 1592 (Levit.
1305 1552 1327 1583 i.
1346 1559 1376 1591 5,
1396 1561 1445 1589 11,
1465 1559 1503 1591 15
1520 1561 1527 1590 ;
1551 1561 1629 1592 cap.
1647 1552 1696 1584 iii.
1711 1560 1742 1590 2,
1757 1552 1789 1589 8,

470 1603 530 1633 13:
562 1604 637 1635 cap.
659 1595 705 1627 iv.
726 1602 778 1634 25,
800 1603 852 1634 3ο,
873 1604 936 1634 34;
968 1605 1043 1636 cap.
1064 1605 1096 1628 v,
1117 1605 1158 1636 9;
1191 1605 1266 1636 cap.
1283 1595 1356 1628 viii.
1379 1603 1430 1635 15,
1451 1603 1515 1635 24;
1546 1605 1623 1636 cap.
1644 1595 1728 1628 xvii.
1749 1595 1790 1627 6:

466 1639 577 1670 Num.
592 1638 689 1671 xviii.
705 1636 782 1678 [²317
797 1650 803 1671 :
829 1639 936 1671 Deut.
950 1639 1010 1671 xii.
1026 1639 1102 1679 27)';

357 1681 462 1723 Quod
481 1682 628 1722 sanguis
648 1689 875 1723 spargeretur
894 1693 1000 1723 super
1019 1693 1154 1715 cornua
1172 1683 1305 1719 altaris,
1325 1689 1361 1715 et
1385 1683 1435 1715 sic
1457 1683 1569 1715 altare
1589 1683 1792 1724 expiaretur

465 1725 589 1766 (Exod.
603 1736 685 1758 xxx.
702 1735 764 1764 10;
787 1727 898 1759 Levit.
912 1727 983 1759 xvi.
1001 1727 1051 1766 18,
1068 1727 1132 1768 19).

292 1818 427 1873 Quod
467 1821 650 1875 sanguis
691 1835 750 1862 ex
790 1821 1070 1864 holocaustis
1108 1829 1155 1864 et
1193 1821 1420 1864 sacrificiis
1459 1836 1592 1876 super
1628 1822 1788 1871 altare,

290 1884 456 1924 circum
483 1884 627 1926 altare
653 1891 731 1926 aut
756 1885 813 1926 ad
839 1885 1185 1927 fundamentum
1212 1885 1320 1939 ejus,
1345 1899 1526 1939 sparsus
1553 1893 1599 1927 et
1626 1885 1790 1927 effusus

290 1945 434 1997 fuerit,
462 1954 560 1989 erat
586 1948 689 2002 quia
715 1947 860 1989 altare
888 1962 990 1989 cum
1023 1949 1303 1990 holocaustis
1330 1956 1377 1990 et
1403 1948 1632 1990 sacrificiis
1658 1963 1791 2003 super

289 2023 344 2050 eo
374 2011 734 2064 repraesentavit
771 2017 817 2052 et
853 2012 958 2053 inde
995 2011 1266 2065 significavit
1299 2025 1482 2053 omnem
1520 2012 1692 2053 cultum
1729 2023 1790 2053 ex

290 2073 410 2114 bono
426 2074 590 2114 amoris
612 2080 659 2115 et
681 2074 786 2115 inde·
802 2075 944 2125 veris3
977 2081 1023 2116 et
1043 2075 1147 2128 quia
1164 2089 1271 2116 vera
1293 2075 1547 2128 procedunt
1569 2089 1628 2116 ex
1651 2076 1787 2124 bono,

288 2134 390 2177 ideo
421 2137 604 2195 sanguis
637 2137 805 2178 circum
837 2137 982 2179 altare
1013 2151 1194 2191 sparsus
1234 2144 1281 2179 et
1313 2137 1476 2179 effusus
1507 2144 1594 2187 est,
1627 2138 1789 2179 circum

289 2197 409 2237 enim
431 2196 658 2250 Significat
680 2199 951 2251 procedenS.
1011 2210 1089 2246 (Sed
1103 2210 1157 2239 illa
1168 2210 1282 2239 melius
1294 2214 1440 2239 constare
1454 2214 1589 2248 possunt
1603 2219 1643 2239 ex
1657 2210 1694 2239 iis
1706 2219 1791 2248 quae

287 2257 328 2285 de
345 2257 551 2286 Holocaustis
565 2261 596 2286 et
610 2257 777 2286 Sacn‘ficiis
791 2257 825 2286 in
836 2258 976 2287 Arcanis
989 2259 1176 2288 Caelestibus
1190 2263 1317 2288 ostensa
1327 2263 1410 2293 sunt,
1423 2264 1459 2288 ut
1473 2268 1512 2287 ex
1524 2259 1731 2296 sequentibus
1741 2269 1793 2288 :—

288 2301 385 2338 Quod
399 2301 586 2331 holocausta
597 2307 628 2330 et
638 2303 791 2332 sacrificia
801 2303 1045 2341 significaverint
1058 2304 1166 2332 omnia
1177 2304 1280 2333 cultus
1292 2313 1331 2333 ex
1342 2304 1431 2333 bono
1443 2305 1560 2333 amoris
1572 2309 1602 2333 et
1614 2304 1688 2333 inde
1699 2305 1789 2339 veris,

287 2355 318 2376 n.
337 2355 406 2384 923,
428 2347 518 2384 6905,
541 2348 630 2382 8680,
654 2348 743 2385 8936,
768 2357 876 2385 10042.
920 2349 1017 2385 Quod
1040 2349 1112 2378 ideo
1134 2349 1321 2378 holocausta
1342 2354 1373 2378 et
1394 2349 1547 2378 sacrificia
1568 2349 1655 2378 diota
1675 2349 1790 2378 fuerint

288 2391 436 2429 ‘'panis,''
458 2401 489 2421 n.
506 2392 600 2429 2165:
627 2402 667 2421 ex
689 2402 785 2422 musa
805 2394 881 2430 quia
902 2394 1048 2431 “panis''
1072 2394 1228 2432 significat
1249 2403 1345 2423 omne
1367 2395 1455 2432 quod
1477 2395 1575 2423 nutrit
1595 2395 1789 2432 spiritualem

286 2437 393 2471 vitam,
409 2445 440 2466 n.
456 2437 545 2474 2165,
561 2439 650 2475 3478,
665 2438 755 2475 4976.
772 2446 861 2475 5147,
877 2446 967 2476 5915,
983 2439 1072 2474 6118,
1090 2441 1179 2476 8410,
1200 2441 1288 2476 8418,
1311 2448 1402 2477 9323,
1427 2439 1534 2469 10686.
1579 2440 1678 2476 Quod
1699 2440 1790 2468 holo·

286 2486 395 2510 causta
416 2486 447 2511 et
467 2482 619 2511 sacrificia
639 2483 882 2520 significaverint
905 2484 1021 2512 Divina
1042 2484 1188 2513 caelestia
1210 2489 1241 2513 et
1262 2485 1444 2522 spiritualia,
1466 2493 1550 2522 quae
1571 2489 1645 2513 sunt
1666 2485 1790 2513 interna

286 2527 446 2561 ecclesiae,
467 2536 506 2556 ex
527 2527 643 2564 quibus
665 2528 774 2556 omnia
794 2529 908 2562 cultus,
923 2538 954 2558 n.
971 2531 1060 2563 2180,
1078 2531 1166 2566 2805,
1184 2531 1272 2566 2807,
1289 2532 1378 2567 2830,
1394 2537 1490 2567 3519:
1521 2539 1594 2558 cum
1616 2530 1789 2559 variatione

285 2573 462 2601 secundum
476 2572 562 2601 varia
576 2573 688 2606 cultus,
704 2581 735 2602 n.
752 2574 841 2609 2805,
856 2573 946 2610 6905,
963 2574 1059 2611 8936:
1082 2575 1171 2611 quod
1186 2574 1259 2603 ideo
1281 2575 1373 2612 plura
1387 2583 1506 2612 genem
1525 2575 1788 2605 holocaustorum

285 2622 316 2646 et
330 2617 555 2646 sacrificiorum
570 2617 695 2653 fuerint,
711 2622 742 2646 et
755 2618 788 2646 in
803 2618 862 2647 illis
876 2618 951 2647 varii
973 2628 1149 2656 processus,
1165 2624 1197 2648 et
1211 2628 1341 2656 quoque
1356 2620 1460 2649 variae
1474 2620 1593 2649 bestiae
1608 2629 1647 2648 ex
1662 2619 1788 2656 quibus,

285 2673 317 2694 n.
333 2658 423 2701 2830,
440 2661 563 2702 1⁸}9391,
580 2672 670 2701 9990.
714 2664 812 2701 Quod
833 2664 921 2693 varia
942 2673 1025 2701 quae
1046 2665 1078 2693 in
1099 2665 1204 2703 specie
1225 2666 1492 2703 significaverunt,
1514 2666 1583 2695 sciri
1605 2666 1727 2703 possint
1748 2674 1788 2694 ex

284 2709 414 2746 singulis
435 2717 601 2746 processus
622 2708 756 2738 evolutis
776 2718 835 2746 per
854 2718 983 2738 sensum
1005 2708 1174 2744 internum,
1195 2720 1227 2740 n.
1245 2719 1353 2748 10042.
1398 2711 1496 2748 Quod
1517 2711 1550 2739 in
1571 2711 1736 2739 ritualibus
1757 2715 1789 2739 et

283 2755 538 2792 proeessualibus
549 2755 774 2784 sacrificiorum
786 2756 1010 2785 contineantur
1019 2765 1136 2786 arcana
1147 2757 1235 2791 caeli,
1248 2766 1279 2786 n.
1294 2764 1409 2794 100573
1432 2758 1522 2794 quod
1536 2757 1568 2786 in
1582 2766 1700 2795 genere
1711 2766 1788 2786 con—

284 2800 444 2829 tineantur
454 2809 569 2829 arcana
579 2800 815 2838 glorificationis
829 2800 973 2829 Humani
990 2801 1131 2836 Domini,
1143 2806 1174 2831 et
1189 2802 1220 2830 in
1235 2811 1331 2831 sensu
1342 2802 1519 2840 respecstivo
1531 2811 1647 2831 arcana
1657 2801 1789 2839 regene-

282 2845 413 2874 rationis
431 2845 569 2874 hominis
590 2854 628 2874 ae
648 2845 876 2883 purificationis
891 2846 958 2884 ejus
972 2855 992 2875 a
1006 2847 1096 2875 malis
1111 2852 1142 2876 et
1162 2847 1254 2882 salsis,
1270 2857 1301 2878 n.
1318 2857 1407 2885 9990,
1426 2856 1533 2882 10022,
1552 2856 1659 2884 10042.
1678 2854 1786 2885 10053,

285 2897 393 2927 10057.
436 2889 524 2927 Quid
535 2890 772 2928 significabatur
781 2900 839 2929 per
850 2894 867 2905 ‘¹
879 2891 1052 2925 minchas‚''
1064 2901 1146 2929 quae
1158 2897 1245 2921 erant
1256 2901 1355 2930 panes
1367 2898 1397 2921 et
1408 2893 1583 2930 placentae,
1596 2901 1679 2929 quae
1691 2892 1786 2921 etiam

282 2935 549 2970 sacrificabantur,
564 2944 595 2965 n.
614 2944 724 2973 10079.
767 2936 855 2973 Quid
869 2945 927 2974 per
941 2940 958 2951 ¹¹
968 2937 1107 2966 libamen
1119 2937 1135 2946 '’
1151 2939 1240 2975 quod
1255 2942 1322 2966 erat
1335 2938 1455 2972 vinum,
1471 2947 1503 2967 n.
1519 2939 1609 2974 4581,
1628 2936 1751 2975 10137.)

365 2984 456 3039 [d.]
499 2985 575 3026 Ex
601 2985 670 3027 his
694 2986 944 3028 intellectis
969 2988 1072 3028 sciri
1101 2994 1273 3040 potest,
1296 2988 1419 3041 quod
1450 3001 1530 3041 per
1558 2986 1784 3040 “sangui-

282 3060 386 3089 nem
417 3046 649 3089 sacrificii’‘
680 3049 819 3090 etiam
851 3049 955 3090 alibi
986 3051 1038 3090 in.
1063 3049 1219 3091 Verbo
1251 3049 1533 3103 significetur
1565 3049 1786 3090 Divinum
