2060 3476
708 353 815 393 c'AP.
839 359 885 400 1.,
919 358 1058 392 VERs.
1087 358 1257 404 17.—N.
1284 350 1351 404 78.
1693 361 1744 404 9¹

253 489 443 529 corpore
469 475 619 516 vivere
650 478 819 528 potest,
848 478 895 514 et
926 473 1002 526 qui
1032 472 1190 514 vivunt
1223 471 1511 525 obstipantur
1537 471 1751 512 columna

253 537 477 592 angelica,
506 551 622 592 quae
649 537 910 578 moderatur
936 535 1155 577 influxum
1183 535 1422 586 Divinum;
1457 548 1561 575 nam
1588 548 1750 588 corpus

253 601 447 654 cujusvis
478 600 672 642 hominis
699 613 791 640 non
817 605 888 640 est
919 598 1185 652 receptibile
1212 598 1378 647 Divini,
1406 603 1682 651 quapropter
1706 597 1750 638 id

254 665 444 706 moritur
475 670 523 705 et
553 662 763 716 rejicitur.
827 661 962 715 Quod
999 661 1140 703 homo
1171 661 1227 703 ad
1260 662 1567 715 praesentiam
1600 660 1751 701 Divini

255 742 347 770 non
369 741 557 782 corpore
579 727 730 768 vivere
752 726 912 780 possit,
933 731 1147 767 constare
1169 731 1326 780 potest
1348 739 1374 765 a
1398 724 1582 765 Domini
1603 724 1751 765 verbis

251 792 311 833 ad
338 791 515 840 Mosen,

322 880 438 913 “Non
456 885 561 921 potes
577 879 700 911 videre
724 878 836 911 facies
854 888 964 916 meas,
985 878 1069 919 quia
1093 887 1168 909 non
1186 877 1326 909 videbit
1344 876 1406 908 Me
1429 877 1541 908 homo
1566 882 1602 908 et
1625 875 1752 908 vivet”

427 923 551 966 (Exod.
566 923 690 956 xxxiii.
710 925 765 964 20)
779 932 787 962 ;

253 1023 530 1074 quapropter
548 1016 716 1066 Moses,
733 1016 835 1071 quia
850 1016 1003 1057 videre
1021 1015 1178 1065 voluit,
1199 1015 1373 1070 positus
1389 1020 1459 1056 est
1474 1015 1518 1055 in
1535 1014 1752 1054 foramine

255 1089 427 1137 petrae,
456 1089 503 1124 et
530 1080 741 1124 obtectus
767 1096 906 1136 usque
932 1082 1038 1123 dum
1067 1082 1289 1122 Dominus
1316 1081 1594 1135 praeterivit.
1657 1080 1752 1121 No-

255 1153 354 1187 tum
376 1147 514 1188 etiam
532 1146 613 1187 fuit
635 1146 832 1200 antiquis
850 1145 972 1200 quod
994 1145 1134 1186 homo
1157 1158 1248 1186 non
1266 1146 1412 1199 possit
1434 1144 1586 1185 videre
1606 1143 1752 1185 Deum

254 1216 301 1251 et
327 1210 492 1259 vivere,
522 1216 571 1251 ut
598 1215 783 1251 constat
809 1223 869 1250 ex
894 1208 1031 1250 Libro
1056 1208 1302 1257 Judicum:

322 1306 345 1321 ‘¹
358 1305 458 1390 Dixzt
468 1305 696 1390 'Manqachus
707 1305 753 1337 ad
762 1304 1128 1344 uxorem,Moriendo
1140 1303 1339 1336 moriemur
1347 1304 1430 1345 quia
1443 1303 1559 1334 Deum
1569 1302 1725 1334 vidimus
1735 1301 1755 1314 ”

441 1360 514 1382 xui.
533 1358 573 1381 22
599 1361 607 1382 ε

253 1452 301 1487 et
326 1459 504 1499 quoque
529 1444 616 1486 hoc
644 1451 868 1486 testatum
897 1451 967 1485 est
993 1444 1112 1498 apud
1139 1443 1254 1485 filios
1282 1443 1475 1491 Israelis,
1504 1456 1606 1484 cum
1634 1442 1754 1482 visus

254 1515 327 1551 est
353 1509 577 1550 Dominus
603 1522 627 1550 e
654 1514 812 1549 monte
839 1507 975 1557 Sinai,
1003 1508 1060 1549 de
1086 1521 1175 1562 quo
1202 1507 1267 1548 it'a
1291 1507 1410 1560 apud
1437 1501 1625 1546 Mosen:

323 1606 346 1622 ‘⁸
360 1606 486 1639 Estote
503 1605 618 1646 parati
636 1605 674 1637 in
687 1605 783 1637 diem
800 1605 958 1643 tertium,
974 1605 1059 1646 quia
1076 1605 1112 1636 in
1130 1604 1188 1636 die
1205 1604 1311 1636 tertio
1325 1603 1521 1635 descendet
1537 1601 1700 1644 Jehovah
1718 1598 1755 1633 in‘

430 1650 544 1682 oculis
562 1649 683 1681 omnis
700 1649 823 1690 populi
841 1659 948 1689 super
965 1654 1088 1680 monte
1107 1648 1207 1680 Sinai
1222 1657 1229 1686 ;
1254 1654 1290 1679 et
1307 1647 1562 1687 circumsepies
1580 1645 1755 1687 populum

430 1693 673 1731 cstcumcirca,
693 1693 859 1731 dicendo,
880 1692 1015 1724 Cavete
1032 1692 1137 1724 vobis
1159 1693 1203 1723 ab
1220 1691 1451 1723 ascendendo
1469 1691 1507 1722 in
1524 1696 1698 1727 montem,
1719 1695 1755 1721 et

431 1738 614 1777 tangendo
632 1737 669 1768 in
687 1737 913 1768 extremitate
930 1736 1009 1776 ejus
1025 1746 1032 1774 ;
1052 1737 1173 1768 omnis
1198 1735 1257 1776 qui
1282 1735 1440 1775 tetigerit
1464 1740 1627 1765 montem
1644 1733 1754 1764 mori-

430 1781 525 1812 endo
535 1780 710 1812 morietur
722 1780 752 1819 ;'’
766 1786 802 1812 et
815 1780 899 1821 quia
909 1785 1026 1811 terror
1035 1780 1225 1820 occupavit
1236 1779 1329 1816 illos,
1346 1780 1368 1793 ‘⁴
1378 1779 1545 1810 dixerunt
1555 1777 1601 1809 ad
1610 1777 1753 1815 Mosen,

431 1824 595 1866 Loquere
611 1829 650 1856 tu
667 1824 857 1855 nobiscum
874 1829 910 1855 et
927 1823 1126 1861 audiemus,
1147 1833 1221 1854 non
1239 1828 1360 1854 autem
1378 1822 1548 1863 loquatur
1565 1821 1754 1852 nobiscum

431 1867 545 1907 Deus,
570 1878 616 1900 ne
639 1868 732 1900 forte
756 1867 984 1899 moriamur”
1001 1866 1125 1908 (Exod.
1142 1867 1214 1899 xix.
1233 1875 1284 1905 11,
1304 1874 1364 1905 12;
1396 1875 1473 1906 cap.
1489 1875 1548 1898 xx.
1567 1865 1607 1896 16
1626 1862 1686 1907 [B.
1706 1865 1754 1898 A.

434 1910 517 1954 19])-

255 1994 370 2047 (Quod
378 2016 436 2046 per
445 2010 615 2036 “montem
628 1998 714 2037 Sinai
725 2006 742 2016 ''
753 2006 948 2045 significetur
962 2006 1086 2035 caelum
1102 2006 1158 2035 ubi
1174 2005 1343 2039 Dominus,
1356 2009 1387 2034 et
1401 2005 1489 2042 quod
1500 2013 1557 2042 per
1572 2007 1588 2018 ¹¹
1600 2008 1727 2041 tangere
1738 2002 1756 2012 '¹

254 2052 449 2090 significetur
456 2052 704 2086 communicare,
714 2053 880 2081 transferre
895 2056 927 2080 et
940 2052 1089 2089 recipere,
1101 2056 1132 2080 et
1147 2052 1236 2088 quod
1250 2051 1325 2080 inde
1340 2051 1379 2079 sit
1393 2051 1482 2087 quod
1491 2050 1622 2079 vetitum
1637 2049 1676 2078 sit
1690 2054 1758 2078 tan-

254 2107 330 2136 gere
344 2098 377 2127 in
388 2097 585 2127 extremitate
600 2098 682 2127 illius
697 2098 823 2131 montis,
840 2097 1026 2126 videaturin
1042 2096 1262 2134 Explicatione
1277 2105 1372 2133 super
1387 2095 1440 2124 illa
1454 2095 1559 2133 capita
1572 2095 1604 2122 in
1620 2094 1758 2123 Arcanis

259 2147 468 2187 caelestibus.)
527 2135 663 2189 Quod
692 2136 903 2189 Jehovah
933 2137 1056 2176 visus
1087 2136 1146 2176 sit
1178 2135 1396 2189 pluribus,
1429 2134 1485 2175 de
1520 2133 1681 2187 quibus
1712 2133 1756 2173 in

256 2198 428 2248 Verbo,
457 2205 554 2240 erat
581 2199 683 2252 quia
710 2196 1017 2239 circumcincti
1044 2204 1152 2238 tunc
1185 2197 1363 2238 fuerunt
1390 2196 1602 2237 columna
1629 2197 1756 2250 spiri-

259 2268 400 2311 tuum,
429 2268 475 2303 et
507 2262 569 2302 sic
603 2263 877 2310 conservati,
906 2268 955 2302 ut
987 2275 1121 2314 supra
1152 2259 1321 2301 dictum
1354 2267 1451 2311 est;
1485 2261 1549 2300 ita
1581 2273 1757 2314 quoque

259 2325 482 2366 Dominus
506 2324 613 2366 mihi
631 2324 872 2379 aliquoties
894 2325 1015 2365 visus
1038 2331 1122 2365 est.
1185 2323 1316 2364 Alius
1339 2326 1493 2364 autem
1517 2329 1587 2364 est
1609 2329 1758 2363 status

257 2389 490 2442 spirituum
513 2388 570 2429 ad
596 2389 901 2442 praesentiam
925 2388 1139 2428 Divinam
1163 2400 1297 2440 quam
1324 2393 1473 2427 status
1496 2386 1755 2426 hominum:

258 2452 437 2506 spiritus
460 2465 551 2492 non
574 2453 687 2492 mori
709 2458 926 2506 possunt;
959 2457 1235 2505 quapropter
1257 2450 1336 2498 illi,
1362 2449 1526 2499 si,mali
1553 2455 1673 2497 sunt,
1698 2449 1756 2489 ad

258 2516 562 2569 praesentiam
582 2515 795 2556 Divinam
818 2515 1070 2555 moriuntur
1094 2520 1241 2555 morte
1263 2513 1495 2567 spirituali,
1516 2527 1630 2566 quae
1648 2526 1758 2566 qua-

259 2578 312 2619 lis
338 2585 409 2619 est
436 2591 547 2619 mox
573 2578 775 2628 dicetur;
815 2577 878 2618 illi
910 2584 1064 2623 autem
1097 2578 1171 2631 qui
1203 2578 1310 2618 boni
1342 2583 1462 2625 sunt,
1489 2576 1689 2617 feruntur
1714 2576 1758 2616 in

260 2642 510 2683 societates
536 2641 610 2682 ubi
640 2641 834 2695 sphaera
865 2641 1150 2694 praesentiae
1178 2640 1371 2681 Divinae
1398 2646 1469 2681 est
1501 2645 1760 2692 temperata

260 2711 307 2746 et
329 2704 680 2746 accommodata
702 2704 759 2745 ad
782 2705 1117 2758 receptionem:
1151 2704 1256 2744 inde
1279 2710 1364 2753 est,
1389 2703 1508 2757 quod
1533 2709 1624 2743 tres
1644 2701 1758 2742 caeli

200 2788 208 2796 ·
259 2769 366 2818 sint,
395 2774 442 2809 et
468 2769 513 2809 in
539 2768 743 2822 quolibet
770 2767 900 2809 caelo
926 2768 1075 2822 plures
1102 2759 1365 2816 societates,
1394 2774 1440 2808 et
1467 2766 1588 2820 quod
1615 2766 1688 2820 qui
1714 2766 1758 2806 in

258 2831 559 2884 superioribus
591 2830 728 2871 caelis
761 2832 992 2884 propiores
1019 2830 1218 2871 Domino
1250 2831 1353 2879 sint,
1387 2837 1434 2871 et
1466 2831 1540 2883 qui
1570 2830 1615 2869 in
1646 2827 1758 2868 infe-

259 2892 451 2947 rioribus
481 2892 753 2932 remotiores
783 2891 842 2932 ab
873 2891 981 2945 IPSO
1012 2900 1067 2941 (de
1085 2903 1202 2940 quibus
1220 2903 1366 2931 videatur
1383 2902 1416 2930 in
1439 2910 1535 2939 opere
1555 2901 1606 2929 De
1623 2899 1713 2929 Caelo
1731 2902 1762 2928 et

259 2956 395 2994 Inferna,
418 2965 450 2985 n.
470 2957 580 2990 20-28,
600 2964 709 2993 29—40,
729 2962 839 2993 41-50,
860 2956 1028 2994 206-209).
1088 2944 1209 2998 Quld
1236 2958 1358 2985 mOl'S
1379 2943 1641 2997 spiritualis,
1668 2955 1758 2995 qua

260 3007 511 3048 moriuntur
542 3007 724 3060 spiritus
755 3006 863 3048 mali
902 3007 959 3048 ad
1001 3007 1306 3061 praesentiam
1339 3006 1565 3054 Divinam,
1600 3003 1755 3058 paucis
