2060 3476
716 334 822 368 CAP.
846 334 892 375 1.,
916 334 1055 367 VERS.
1084 334 1253 379 15.—N.
1275 326 1343 380 69.
1724 335 1778 380 75

283 449 404 504 apud
429 448 668 498 Davidem,

355 542 378 555 ‘⁸
392 540 482 572 Ecce
498 540 622 572 oculus
638 539 801 582 Jehovae
813 548 923 581 snper
932 540 1147 572 'timentibus
1165 539 1289 581 Ipsum
1301 539 1318 551 ”
1336 538 1485 589 (Psalm7
1499 540 1622 573 xxxiii.
1641 540 1695 581 18)
1709 549 1716 578 ;

284 623 331 658 et
358 617 478 671 apud
503 617 710 667 eundem,

354 707 376 722 ‘⁸
389 706 553 749 Jehovah
579 707 615 738 in
633 706 769 748 templo
786 705 987 738 sanctitatis
1004 717 1091 739 suae
1104 717 1128 746 ς.
1143 732 1150 739 .
1164 732 1172 739 .
1186 707 1296 739 ‚oculi
1315 706 1433 748 Ipsius
1451 707 1588 745 vident,
1609 713 1645 739 et
1661 707 1784 749 palpe-

459 752 544 783 brae
561 750 679 792 Ipsius
696 751 850 792 probant
866 750 958 783 filios
975 751 1133 783 hominis
1144 750 1163 763 ”
1179 750 1328 792 (Psalm.
1344 751 1391 783 xi.
1407 751 1443 792 4)
1457 761 1464 790 ;

284 847 332 883 et
363 841 482 882 allbl.
544 851 648 891 (Quid
668 850 785 880 Divina
800 850 1010 885 Providentia,
1026 850 1172 879 videatur
1185 849 1218 879 in
1233 850 1396 879 Doctrina
1409 851 1520 879 Novae
1535 850 1784 888 Hierosolymae,

283 914 315 935 n.
332 903 623 1018 26ἒέῗ)[νεη
642 957 712 1000 15]
754 948 841 989 “ft
866 949 995 1002 pedes
1029 947 1158 1002 Ipsius
1192 947 1347 989 similes
1382 947 1663 989 chalcolibano
1696 951 1788 988 tan-

285 1024 406 1064 quam
437 1010 478 1050 Ῐη
512 1009 671 1050 camino
703 1009 848 1063 iqniti!
853 1007 1060 1062 ⁹—Quod
1092 1008 1320 1061 significet
1356 1008 1566 1049 ultzmum
1604 1008 1785 1049 ordi'nzs

283 1072 447 1114 Di'vzni
481 1071 601 1126 quod
636 1071 854 1120 naturale,
882 1068 1064 1124 plenum
1093 1070 1260 1112 Dzffvzno
1289 1070 1472 1120 Amore,
1507 1077 1692 1112 constat
1724 1085 1784 1112 ex

283 1135 615 1190 significatione
640 1134 884 1188 “pedum,”
907 1134 1027 1189 quod
1050 1135 1139 1175 sint
1163 1134 1371 1175 naturale
1395 1145 1450 1183 (de
1465 1154 1574 1182 quan.
1592 1145 1680 1179 2162,
1696 1146 1786 1182 31&-

283 1210 373 1248 3761,
388 1209 478 1247 3986,
494 1211 584 1247 4280,
599 1208 822 1250 4938-4952);
855 1199 974 1247 inde,
1001 1211 1103 1239 cum
1129 1198 1185 1239 de
1213 1198 1426 1246 Domino,
1451 1198 1573 1251 quod
1600 1199 1690 1239 Sint
1717 1197 1785 1238 ul·-

283 1263 446 1303 timum
463 1262 631 1303 ordinis
649 1262 815 1311 Divini,
834 1263 938 1316 quia
954 1262 1000 1303 id
1022 1269 1092 1303 est
1112 1261 1319 1303 naturale
1337 1276 1346 1312 ;
1375 1276 1434 1303 ex
1453 1261 1786 1315 significatione

286 1325 668 1374 “chalcolibani,''
690 1339 768 1366 seu
791 1326 905 1366 aeris
932 1325 1135 1378 levigati,
1161 1325 1282 1379 quod
1305 1327 1363 1366 sit
1386 1326 1555 1366 bonum
1579 1325 1786 1366 naturale

287 1388 364 1443 (de
404 1403 492 1443 qua
523 1388 772 1443 sequitur);
812 1395 858 1430 et
892 1403 951 1430 ex
984 1388 1318 1442 significatione
1353 1388 1564 1442 “igniti‚'’
1596 1402 1698 1429 cum
1730 1389 1787 1429 de

284 1453 498 1502 Domino,
535 1452 656 1507 quod
693 1453 751 1493 sit
789 1452 910 1506 quod
951 1467 1011 1493 ex
1053 1452 1220 1494 Divino
1257 1452 1432 1493 Amore
1465 1463 1520 1500 (de
1535 1471 1645 1499 quan.
1661 1463 1786 1499 10055).

285 1516 462 1557 Dicitur
481 1519 739 1570 “tanquam
761 1517 805 1556 in
828 1517 1008 1557 camino
1030 1515 1204 1569 igniti,’'
1222 1522 1271 1556 ut
1295 1517 1579 1570 exprimatur
1597 1515 1787 1556 Divinus

284 1579 432 1620 Amor
452 1580 497 1620 in
520 1580 723 1620 maximo
745 1579 902 1632 gradu,
922 1585 969 1620 et
992 1580 1036 1620 in
1059 1593 1140 1620 suo
1158 1578 1296 1632 pleno
1314 1594 1322 1629 ;
1358 1593 1462 1620 nam
1483 1579 1697 1634 Divinum
1716 1585 1786 1620 est

283 1644 328 1683 in
355 1657 436 1684 suo
462 1642 598 1697 pleno
624 1656 726 1684 cum
758 1643 802 1683 in
834 1656 915 1683 suo
947 1642 1124 1691 ultimo,
1153 1649 1199 1683 et
1232 1642 1442 1683 ultimum
1476 1649 1546 1683 est
1579 1641 1786 1683 naturale

287 1705 515 1760 (videatur
540 1719 686 1759 supra,
711 1719 752 1746 n.
776 1705 867 1759 66).
930 1705 1043 1746 Inde
1076 1711 1220 1759 patet,
1249 1705 1370 1759 quod
1402 1719 1482 1759 per
1506 1705 1684 1759 “pedes
1712 1705 1786 1758 Ip-

284 1770 375 1810 sius
392 1769 560 1810 similes
578 1768 895 1810 chalcolibano
914 1775 1134 1822 tanquam
1156 1770 1201 1809 in
1219 1770 1398 1810 camino
1416 1768 1628 1822 ignitos,’'
1646 1769 1786 1822 signi-

284 1832 442 1873 ficetur
456 1832 665 1873 ultimum
683 1832 851 1872 ordinis
868 1832 1019 1872 Divini
1037 1832 1158 1885 quod
1177 1831 1400 1881 naturale,
1417 1832 1601 1886 plenum
1621 1831 1787 1872 Divino

285 1895 471 1936 Amore.
534 1895 758 1936 Dicuntur
800 1895 928 1944 haec,
972 1902 1022 1936 ut
1064 1909 1243 1948 quoque
1286 1895 1622 1949 praecedentia,
1658 1908 1783 1935 com-

284 1960 515 2012 parative;
558 1965 607 1999 ut
630 1959 750 2012 quod
777 1963 951 2012 “caput
975 1964 1022 1999 et
1046 1958 1197 2012 capilli
1220 1959 1400 1999 candidi
1427 1966 1550 1999 esset
1573 1964 1785 2011 tanquam

284 2022 390 2063 lana
411 2022 618 2070 candida,
643 2028 855 2075 tanquam
877 2021 997 2069 nix,”
1020 2028 1066 2063 et
1089 2022 1210 2075 quod
1236 2022 1414 2075 “pedes
1437 2028 1592 2062 essent
1615 2021 1785 2062 similes

285 2085 602 2126 chalcolibano
624 2092 836 2139 tanquam
861 2087 904 2126 in
931 2087 1110 2126 camino
1132 2086 1264 2139 igniti
1282 2086 1316 2136 ;”
1352 2086 1432 2126 sed
1456 2085 1688 2126 sciendum
1715 2091 1785 2125 est

285 2149 406 2203 quod
437 2162 596 2190 omnes
627 2150 994 2202 comparationes
1027 2150 1070 2190 in
1103 2148 1259 2190 Verbo
1291 2148 1563 2203 significent,
1593 2149 1695 2202 quia
1727 2149 1785 2188 si-

286 2212 453 2254 militer
478 2226 530 2253 ac
562 2214 686 2266 ipsae
714 2227 785 2254 res
812 2219 917 2253 sunt
944 2227 1004 2253 ex
1031 2207 1448 2266 correspondent'iis
1476 2223 1636 2261 (videatur
1650 2216 1786 2260 n.'3579,

286 2285 408 2324 [¹14599,
425 2286 531 2324 8989).
604 2275 738 2329 Quod
779 2276 996 2330 “pedes,”
1033 2290 1135 2318 cum
1177 2277 1233 2318 de
1276 2277 1489 2324 Domino,
1529 2274 1786 2328 significent

286 2339 494 2380 ultimum
520 2339 687 2380 ordinis
715 2340 880 2389 Divini,
908 2346 954 2381 et
981 2341 1102 2394 quod
1129 2340 1214 2381 hoc
1243 2341 1301 2381 sit
1329 2339 1553 2388 naturale,
1582 2345 1651 2379 est
1684 2338 1786 2391 quia

285 2402 461 2443 caelum
493 2409 562 2443 est
595 2402 770 2443 caelum
802 2417 862 2444 ex
895 2403 1061 2444 Divino
1096 2403 1310 2444 Humano
1348 2403 1547 2449 Domini,
1582 2407 1627 2442 et
1665 2401 1785 2455 quod

285 2466 390 2506 inde
421 2465 596 2506 caelum
632 2467 676 2506 in
713 2472 817 2507 toto
853 2466 1099 2520 complexu
1135 2467 1297 2508 referat
1337 2479 1475 2506 unum
1510 2465 1783 2514 Hominem;

285 2535 333 2570 et
370 2530 473 2582 quia
508 2535 602 2570 tres
639 2529 752 2570 caeli
789 2537 909 2578 sunt,
948 2530 1069 2583 quod
1110 2543 1369 2583 supremum
1407 2528 1584 2570 caelum
1621 2528 1784 2569 reserat

286 2598 438 2645 caput,
466 2592 663 2633 medium
689 2606 864 2646 corpus,
893 2599 939 2634 et
966 2592 1174 2633 ultimum
1201 2593 1353 2646 pedes.
1417 2593 1632 2633 Divinum
1665 2591 1785 2645 quod

285 2655 392 2696 facit
411 2668 668 2708 supremum
686 2656 860 2697 caelum
894 2663 1084 2697 vocatur
1102 2656 1315 2697 Divinum
1333 2655 1549 2704 caeleste,
1571 2655 1784 2695 Divinum

287 2724 441 2759 autem
471 2718 592 2772 quod
622 2718 729 2759 facit
761 2719 958 2760 medium
984 2719 1159 2760 caelum
1185 2726 1376 2760 vocatur
1408 2719 1620 2759 Divinum
1654 2718 1781 2771 spiri-

290 2780 425 2830 tuale,
467 2794 518 2822 ac
560 2780 777 2822 Divinum
813 2782 934 2836 quod
978 2782 1085 2823 facit
1126 2781 1337 2823 ultimum
1380 2781 1557 2823 caelum
1596 2787 1787 2822 vocatur

294 2844 501 2884 Divinum
519 2843 725 2885 naturale
742 2858 802 2885 ex
821 2845 1040 2898 spirituali
1058 2851 1104 2886 et
1120 2844 1310 2886 caelesti
1329 2858 1337 2885 ε
1367 2845 1471 2885 inde
1489 2850 1618 2898 patet
1634 2857 1783 2891 causa,

300 2921 364 2947 :ur
394 2907 466 2948 hic
503 2907 771 2948 describitur
808 2908 1029 2949 Dominus
1065 2908 1214 2962 quoad
1252 2908 1465 2948 Divinum
1505 2907 1781 2954 Humanum,

302 2970 408 3023 luod
432 2976 501 3011 est
522 2969 661 3010 Filius
683 2969 877 3011 hominis
898 2972 1019 3011 visus
1042 2972 1085 3011 in
1107 2969 1258 3012 'medio
1281 2970 1670 3017 candelabrorum,
1691 2981 1782 3009 non
