2060 3476
338 380 420 425 534
750 380 1078 415 APOCALvas
1109 383 1402 416 EXPLICATA.

335 491 587 541 Praeterea,
605 492 687 533 nisi
705 491 879 534 caelum
897 494 940 534 in
955 494 1111 535 ordine
1125 494 1252 544 foret,
1270 509 1359 536 non
1374 495 1596 549 potuisset
1613 496 1817 545 mundus,

334 552 420 594 hoc
459 558 543 602 est,
582 552 788 594 homines
824 554 868 594 in
905 555 1048 604 terris,
1082 555 1279 596 existere
1316 562 1363 597 et
1399 556 1669 606 subsistere;
1716 570 1819 597 narn

333 615 526 655 mundus
552 615 779 669 dependet
810 629 836 656 a
867 616 995 657 caelo
1023 623 1069 658 et
1096 617 1188 670 ejus
1220 618 1388 658 influxu
1419 618 1463 658 in
1495 618 1742 671 spiritualia
1773 626 1818 660 et

334 674 577 716 rationalia
593 675 827 716 hominum
845 690 855 727 ;
881 676 1036 725 verbo,
1053 677 1294 718 interirent
1312 677 1478 718 omnia.
1528 688 1607 727 (Sed
1618 690 1697 719 haee
1709 690 1822 720 meiius

333 734 559 772 comprehendi
570 739 703 771 possunt
713 744 752 764 ex
763 735 822 764 illis
833 744 915 772 quae
927 735 958 764 in
970 745 1066 773 opere
1078 736 1130 764 De
1144 736 1236 765 Caelo
1247 740 1277 765 et
1291 737 1426 775 Inferna,
1439 741 1470 766 et
1481 745 1609 774 quoque
1624 737 1656 766 in
1667 738 1821 776 opusculo

333 779 386 808 De
400 779 518 809 Ultimo
531 779 673 818 Judicio,
684 783 810 809 ostensa
821 785 903 814 sunt,
913 785 944 809 et
954 781 1083 817 quidem
1095 789 1135 809 ex
1145 781 1275 818 singulis
1286 781 1339 816 ibi,
1349 781 1374 810 si
1385 790 1459 810 cum
1468 782 1640 812 attentione
1650 783 1819 820 legantur.)

334 823 469 876 Quod
506 825 680 866 dicatur
710 825 833 874 scire,
865 839 1114 878 cognoscere
1148 832 1190 866 et
1223 826 1468 878 explorare,
1501 833 1571 868 est
1607 829 1709 882 quia
1744 828 1820 869 illa

333 886 641 939 significantur
666 900 744 940 per
767 887 963 927 “librum
989 887 1173 940 aperire,
1197 886 1348 940 legere
1374 895 1420 930 et
1444 889 1661 943 inspicere
1679 889 1712 940 ;'’
1743 904 1820 944 per

335 952 360 969 “
374 948 532 990 librum
544 949 563 964 '’
581 949 698 990 enim
715 948 1022 1002 significantur
1036 950 1187 990 omnia
1200 963 1312 1004 quae
1327 957 1429 992 sunt
1443 952 1559 1004 apud
1577 951 1817 1001 hominem,

332 1011 535 1064 spiritum
561 1018 608 1052 et
633 1011 859 1064 angelum,
886 1024 964 1052 seu
992 1024 1148 1052 omnes
1179 1018 1325 1052 status
1349 1013 1469 1054 vitae
1494 1027 1645 1054 eorum
1671 1015 1817 1068 quoad

332 1086 531 1114 amorem
557 1079 603 1114 et
631 1072 793 1124 fidem3
826 1087 961 1127 quare
986 1086 1065 1127 per
1091 1074 1298 1127 “aperire
1330 1074 1489 1116 librum
1501 1075 1520 1091 '’
1545 1076 1819 1129 significatur

304 1136 306 1138 ’
332 1136 444 1186 scire
470 1135 559 1184 illa,
587 1149 664 1189 per
691 1135 879 1189 “legere
910 1134 1070 1176 librum
1082 1135 1101 1150 ''
1126 1135 1401 1189 significatur
1426 1151 1701 1191 cognoscere
1727 1138 1816 1186 illa,

332 1204 378 1238 et
404 1211 482 1251 per
509 1198 763 1251 “inspicere
789 1197 947 1238 librum
960 1197 979 1212 ”
1004 1197 1279 1251 significatur
1304 1199 1541 1252 explorare
1567 1199 1656 1241 illa.

411 1267 543 1312 30¹7.
574 1269 679 1307 [Vm.
696 1269 739 1307 5-]
770 1258 855 1299 “ft
886 1271 990 1299 unus
1017 1271 1072 1299 ex
1101 1258 1561 1313 senioribus.¹'—Quod
1595 1261 1836 1314 significet

332 1319 576 1360 societatem
599 1319 710 1360 caeli
730 1333 840 1372 quae
864 1325 978 1372 prae
1002 1319 1185 1373 reliquis
1215 1320 1260 1360 in
1291 1320 1524 1373 sapientia,
1552 1328 1732 1362 constat
1758 1336 1817 1362 ex

332 1381 660 1435 significatione
687 1381 989 1429 “seniorum,”
1013 1382 1134 1435 quod
1165 1383 1255 1423 sint
1286 1383 1359 1436 qui
1391 1383 1435 1423 in
1460 1384 1576 1424 veris
1607 1397 1666 1424 ex
1699 1384 1819 1425 bono

334 1450 454 1493 sunt,
481 1450 528 1485 et
560 1442 786 1485 abstracte
813 1458 920 1497 vera
950 1458 1009 1485 ex
1041 1444 1162 1485 bono
1179 1443 1272 1498 (de
1297 1458 1384 1498 qua
1411 1458 1555 1499 supra,
1584 1459 1625 1486 n.
1652 1443 1817 1499 [¹¹270);

333 1507 397 1547 ita
419 1507 492 1560 qui
513 1507 557 1547 in
580 1506 883 1559 intelligentia
904 1512 950 1547 et
968 1507 1187 1560 sapientia
1209 1520 1314 1560 prae
1336 1506 1528 1561 reliquis,
1548 1521 1651 1548 nam
1673 1509 1817 1548 omnis

332 1568 636 1621 intelligentia
666 1574 735 1609 est
766 1582 825 1609 ex
857 1568 977 1609 bono
1009 1582 1086 1622 per
1111 1582 1216 1609 vera
1247 1582 1324 1610 seu
1355 1582 1433 1622 per
1456 1583 1562 1610 vera
1593 1583 1651 1610 ex
1672 1570 1817 1618 bono,

332 1636 379 1671 et
402 1643 491 1671 non
514 1629 692 1671 aliunde
714 1630 804 1671 ulli.
847 1629 981 1683 Quod
1003 1644 1081 1684 per
1105 1634 1278 1671 “unum
1301 1645 1360 1671 ex
1383 1632 1628 1672 senioribus
1641 1631 1660 1647 ’'
1681 1632 1818 1685 signi·

332 1691 490 1733 ficetur
525 1693 720 1733 societas
757 1692 884 1741 caeli,
912 1699 981 1734 est
1017 1693 1120 1746 quia
1155 1706 1234 1746 per
1270 1692 1553 1746 “angelum’'
1583 1695 1627 1734 in
1664 1693 1819 1735 Verbo

333 1767 424 1795 non
446 1754 713 1808 intelligitur
729 1768 840 1795 unus
862 1754 1064 1807 angelus,
1082 1755 1162 1795 sed
1183 1755 1361 1808 integra
1383 1755 1576 1796 societas
1596 1754 1820 1809 (videatur

332 1830 478 1870 supra,
506 1830 547 1857 n.
573 1827 641 1870 90,
666 1816 796 1870 302);
837 1817 901 1857 ita
931 1830 1108 1870 quoque
1139 1830 1219 1870 per
1244 1820 1417 1858 “unum
1449 1831 1507 1858 ex
1538 1817 1819 1858 senioribus.’'

333 1877 468 1931 Quod
494 1879 775 1932 intelligatur
800 1879 995 1919 societas
1026 1892 1140 1932 quae
1172 1893 1277 1932 prae
1303 1879 1482 1933 reliquis
1512 1880 1556 1920 in
1583 1881 1816 1933 sapientia,

332 1947 402 1982 est
416 1941 518 1994 quia
532 1941 684 1982 docuit
699 1941 819 1994 quod
838 1940 1058 1981 Dominus
1076 1940 1198 1982 solus
1215 1942 1287 1990 sit,
1303 1942 1376 1994 qui
1394 1942 1540 1995 quoad
1560 1941 1817 1982 Humanum

332 2002 425 2044 Sibi
458 2004 734 2056 comparavit
766 2003 976 2044 Divinam
1011 2002 1303 2056 Sapientiam,
1335 2009 1384 2044 ut
1416 2004 1542 2052 sciat,
1569 2010 1817 2056 cognoscat

332 2072 379 2106 et
405 2065 615 2118 exploret
637 2066 993 2118 unumquemvis,
1017 2078 1068 2105 ac
1092 2071 1238 2106 status
1260 2066 1380 2106 vitae
1403 2066 1600 2106 omnium
1623 2066 1666 2105 in
1693 2078 1816 2106 com-

331 2128 453 2168 muni
484 2133 530 2168 et
565 2126 843 2180 singulorum
878 2127 922 2167 in
959 2126 1230 2180 particulari,
1257 2141 1371 2180 quae
1402 2126 1709 2180 significantur
1740 2140 1817 2180 per

331 2188 409 2230 illa
438 2202 553 2243 quae
583 2189 715 2237 dixit,
748 2202 925 2242 nempe,
960 2189 1068 2229 “Ne
1099 2188 1222 2237 fleto,
1255 2202 1361 2230 ecce
1391 2189 1497 2230 vicit
1529 2188 1624 2230 Leo
1650 2189 1722 2242 qui
1748 2195 1818 2230 est

332 2265 392 2293 ex
418 2251 535 2292 tribu
559 2251 773 2304 Jehudae,
799 2251 950 2291 Radix
978 2250 1179 2299 Davidis,
1203 2251 1373 2304 aperire
1395 2250 1554 2291 librum
1575 2257 1622 2291 et
1644 2251 1818 2292 solvere

332 2320 508 2367 septem
530 2313 677 2366 sigilla
698 2312 789 2366 ejus
807 2313 841 2363 ;”
871 2313 956 2354 hoc
979 2313 1098 2354 enim
1121 2313 1246 2361 scire,
1270 2326 1431 2366 nempe
1453 2313 1572 2366 quod
1599 2313 1818 2354 Dominus

332 2376 455 2418 solus
480 2377 538 2417 sit
569 2377 643 2429 qui
674 2375 793 2424 talis,
820 2382 891 2417 est
922 2376 1171 2429 sapientiae
1203 2375 1468 2428 angelorum
1501 2375 1627 2424 caeli,
1655 2382 1700 2416 et
1731 2376 1816 2417 hoc

332 2439 479 2480 sciunt
505 2452 563 2479 ex
590 2439 881 2491 perceptione
906 2451 985 2478 seu
1011 2451 1069 2478 ex
1101 2437 1271 2478 influxu
1296 2451 1323 2478 a
1353 2437 1550 2478 Domino
1575 2438 1818 2479 societates

331 2500 565 2554 angelicae
582 2501 626 2541 in
644 2501 779 2541 tertio
796 2514 873 2541 seu
890 2500 1050 2541 intimo
1067 2499 1207 2541 caelo.
1268 2499 1484 2553 Reliquae
1501 2500 1638 2540 etiam
1655 2500 1815 2547 sciunt.

331 2564 412 2605 sed
435 2576 525 2604 non
547 2577 606 2603 ex
629 2563 932 2616 perceptione,
955 2575 1109 2602 verum
1131 2575 1190 2602 ex
1212 2561 1513 2602 illustratione
1534 2559 1815 2611 intellectus3

331 2626 563 2679 perceptio
585 2631 654 2666 est
676 2624 849 2677 angelis
868 2625 990 2666 tertii
1011 2638 1089 2665 seu
1111 2624 1255 2664 intimi
1278 2623 1404 2672 caeli,
1420 2623 1661 2664 illustratio
1682 2623 1816 2664 intel-

332 2687 474 2730 lectus
505 2694 575 2729 est
611 2687 785 2740 angelis
821 2687 1005 2728 secundi
1036 2693 1083 2728 et
1119 2686 1265 2727 ultimi
1301 2685 1439 2727 caeli:
1483 2686 1845 2739 distinguuntur'

332 2765 411 2805 per
435 2751 494 2799 id,
521 2750 642 2804 quod
673 2750 904 2803 perceptio
936 2750 994 2790 sit
1025 2748 1306 2789 confirmatio
1337 2748 1471 2802 plena
1501 2762 1560 2789 ex
1592 2748 1761 2788 influxu
1791 2762 1816 2788 a

333 2814 544 2862 Domino,
571 2813 813 2854 illustratio
844 2818 995 2853 autem
1027 2810 1285 2852 intellectus
1310 2818 1380 2852 est
1404 2812 1525 2851 visus
1550 2810 1814 2864 spiritualis;

331 2877 402 2917 hic
434 2882 505 2917 est
535 2875 622 2916 illis
652 2876 726 2929 qui
762 2875 806 2915 in
837 2875 1060 2916 charitate
1090 2887 1201 2926 erga
1231 2874 1487 2927 proximum
1518 2879 1564 2914 et
1595 2873 1698 2919 inde
1730 2872 1815 2913 fide

332 2945 464 2989 sunt;
496 2937 574 2990 illa
604 2944 771 2985 autem,
805 2950 966 2990 nempe
998 2936 1242 2990 perceptio,
1270 2942 1339 2976 est
1371 2935 1456 2976 illis
1487 2936 1559 2989 qui
1589 2936 1633 2975 in
1664 2947 1815 2975 amore

332 2999 377 3039 in
400 2998 647 3039 Dominum
668 3003 789 3038 Sunt.
839 3007 954 3046 (Porro
966 3007 1044 3045 quid
1058 3007 1229 3045 perceptio,
1242 3006 1386 3035 videatur
1400 3006 1432 3035 in
1448 3006 1605 3036 Doltrina
1619 3006 1727 3035 Novae
1741 3005 1813 3033 Hie.-

333 3059 513 3098 rosolymae,
530 3068 560 3089 n.
578 3066 634 3096 135
650 3063 680 3087 et
697 3057 780 3096 140.)
