2060 3476
381 376 465 420 500
789 373 1121 407 APOCALYPSIS
1145 373 1449 406 EXPLICATA.

450 504 521 535 10.
570 488 633 534 Et
656 487 805 535 fecisti
830 504 919 535 nos
945 487 1057 535 Deo
1074 497 1238 535 nostro
1257 504 1402 551 reges
1427 496 1476 534 et
1499 485 1792 540 sacerdotes,
1813 495 1862 533 et

375 565 688 628 regnabimus
713 581 860 627 super
883 574 1024 611 terra.

448 658 464 688 1
483 658 519 688 1.
569 641 633 688 Et
664 641 762 688 vidi
798 651 847 688 et
881 641 1041 688 audivi
1071 658 1242 688 vocem
1277 639 1563 704 angelorum
1599 637 1860 685 multorum

373 717 551 765 circum
571 717 797 765 thronum
818 728 867 765 et
886 716 1130 765 Animalia
1148 727 1197 764 et
1215 717 1434 764 seniores
1452 732 1460 770 ;
1499 725 1548 762 et
1567 724 1669 762 erat
1688 731 1858 761 nume-

373 811 454 841 rus
480 811 649 842 eorum
675 794 917 857 myriades
943 793 1216 857 myriadum
1241 803 1291 840 et
1314 791 1539 840 chiliades
1563 789 1832 838 chiliadum.

447 887 463 918 1
477 887 517 919 2.
566 871 803 919 Dicentes
820 860 942 918 voce
963 887 1157 934 magna,
1176 870 1369 933 Dignus
1388 879 1463 917 est
1479 869 1655 932 Agnus
1675 867 1859 914 occisus

371 947 588 1010 accipere
603 957 897 1010 potestatem
917 957 967 994 et
982 946 1170 993 divitias
1187 955 1236 993 et
1254 938 1535 1008 sapientiam
1555 954 1605 992 et
1623 944 1859 991 honorem

372 1033 422 1070 et
443 1022 648 1087 gloriam
674 1033 724 1070 et
747 1021 1153 1070 benedictionem.

445 1115 461 1146 1
474 1114 516 1159 3.
566 1099 630 1146 Et
648 1116 794 1146 omne
814 1109 1028 1146 creatum
1044 1098 1178 1161 quod
1201 1108 1277 1146 est
1301 1098 1348 1145 in
1369 1097 1504 1145 caelo
1524 1107 1573 1145 et
1597 1097 1643 1144 in
1664 1106 1792 1144 terra
1810 1106 1860 1144 et

371 1175 462 1222 sub
487 1186 627 1230 terra,
653 1186 703 1223 et
731 1175 778 1222 in
810 1175 929 1222 mari
954 1191 1082 1238 quae
1112 1185 1236 1229 sunt,
1263 1184 1313 1222 et
1337 1191 1463 1237 quae
1493 1174 1540 1220 in
1570 1172 1656 1220 illis
1682 1173 1857 1228 omnia,

370 1251 533 1299 audivi
549 1251 780 1306 dicentes,
804 1251 1008 1299 Sedenti
1027 1245 1366 1314 super'throno
1386 1260 1434 1297 et
1454 1250 1605 1313 Agno
1629 1249 1856 1296 benedic-

370 1330 438 1376 tio
463 1339 513 1377 et
536 1328 694 1376 honor
718 1339 766 1376 et
788 1327 942 1392 gloria
966 1338 1016 1375 et
1039 1328 1221 1375 robur
1210 1344 1258 1375 1n
1283 1326 1474 1375 saecula
1497 1325 1814 1374 saeculorum.

443 1420 519 1476 14.
565 1405 628 1452 Et
651 1415 858 1468 quatuor
882 1403 1124 1451 Animalia
1147 1404 1372 1451 dicebant
1390 1403 1580 1457 Amen;
1617 1412 1668 1449 et
1689 1402 1859 1465 viginti

370 1492 580 1546 quatuor
602 1482 821 1530 seniores
847 1481 1154 1544 prociderunt
1177 1490 1226 1528 et
1248 1480 1576 1528 adoraverunt
1594 1479 1858 1527 Viventem

370 1560 418 1608 in
443 1558 637 1608 saecula
659 1558 978 1607 saeculorum.

923 1740 1181 1772 EXPLICA
1197 1740 1308 1772 TIO.

1021 1847 1158 1871 VERSUS
1177 1847 1205 1872 Ι.

446 1904 581 1961 296.
619 1923 638 1936 ¹¹
646 1922 680 1949 ft
699 1922 758 1949 vid}
775 1923 804 1949 ln
820 1923 926 1949 dextra
940 1922 1075 1949 Sedentt's
1090 1929 1179 1954 <super
1193 1922 1295 1949 throno
1314 1922 1415 1949 librum
1434 1922 1572 1954 serlptum
1591 1922 1671 1948 Intus
1689 1923 1719 1948 et
1736 1929 1754 1948 a
1768 1923 1858 1955 temo,

367 1961 549 1994 obslqnatum
565 1962 673 1995 εΙᾳΙΙΙΙε
688 1962 834 1995 septem.''
1358 1981 1362 1985 ,

376 2039 379 2040 ’
415 2047 443 2072 1.
477 2040 547 2074 “ft
572 2040 642 2074 vidi
663 2040 697 2074 ln
720 2041 841 2074 dextra
868 2040 1024 2074 Sedentis
1049 2051 1155 2084 supet·
1180 2041 1327 2078 throno?
1351 2039 1514 2082 significat
1539 2040 1727 2072 Dominum
1750 2041 1863 2083 quoad

543 2086 814 2126 omnipotentzam
825 2090 856 2116 et
866 2087 978 2127 quoad
986 2086 1247 2117 omnz'scienliam
1266 2086 1316 2128 [n.
1331 2092 1406 2126 297,
1418 2084 1520 2127 298];
1540 2084 1682 2118 “librum
1695 2084 1860 2128 scriptum

543 2129 637 2162 inlus
652 2132 688 2162 et
698 2139 719 2162 α
734 2130 858 2172 {eryoss'
871 2129 1034 2170 significat
1048 2134 1170 2161 statum
1183 2130 1273 2161 vitae
1285 2130 1436 2160 omnium
1455 2139 1490 2160 zn
1505 2130 1589 2160 caelo
1605 2134 1636 2160 et
1650 2130 1687 2160 in
1703 2134 1806 2166 terra,
1821 2130 1858 2160 in

542 2174 716 2205 communi
726 2178 758 2205 et
767 2174 1020 2214 i'npartzcularz
1031 2174 1081 2216 [n.
1093 2173 1194 2216 299];
1208 2173 1441 2216 “obsignatum
1453 2172 1576 2216 siyillls
1587 2173 1748 2216 septem?
1757 2173 1858 2215 signi-

543 2217 619 2249 ficat
627 2223 771 2259 prorsus
786 2218 990 2249 reconditum
1011 2218 1061 2261 [n.
1079 2218 1177 2260 300].

371 2332 374 2334 ·
445 2322 572 2367 297.
603 2324 769 2363 [Vers.1.]
801 2314 879 2354 “ft
907 2313 984 2354 vidi
1011 2313 1051 2353 in
1079 2314 1225 2354 dextra
1254 2313 1442 2354 Sedentis
1470 2326 1596 2366 super·
1623 2308 1863 2354 thronos&-

368 2373 502 2428 Quod
539 2374 762 2427 significet
799 2374 1034 2415 Dominum
1070 2375 1220 2428 quoad
1251 2375 1605 2427 omnipotentiam
1641 2381 1683 2415 et
1718 2373 1868 2427 quoad

366 2437 723 2486 omnz’scz'entz'am,
745 2444 928 2478 constat
951 2452 1011 2478 ex
1035 2437 1366 2491 significatione
1392 2441 1416 2457 “
1431 2437 1662 2485 dextrae,’'
1680 2451 1781 2478 cum
1804 2432 1860 2478 de

366 2500 580 2549 Domino,
619 2501 739 2554 quod
781 2501 838 2541 sit
878 2501 1210 2554 omnipotentia
1246 2506 1293 2541 et
1331 2514 1508 2554 quoque
1546 2500 1861 2540 omniscientia

369 2562 445 2616 (de
482 2577 569 2617 qua
606 2563 857 2616 sequitur);
902 2570 948 2604 et
985 2577 1047 2604 ex
1084 2562 1414 2616 significatione
1448 2562 1699 2603 “Sedentis
1728 2576 1862 2616 super

366 2625 572 2675 throno,'’
589 2626 709 2703 quod
727 2627 784 2667 sit
803 2626 1028 2667 Dominus
1046 2627 1194 2679 quoad
1217 2626 1430 2666 Divinum
1454 2626 1631 2666 Bonum
1653 2626 1696 2665 in
1715 2625 1857 2675 caclo,

368 2688 620 2729 “’thronus'
635 2690 753 2729 enim
769 2688 1023 2742 significat
1013 2703 1057 2729 1n
1075 2702 1241 2742 genere
1257 2682 1445 2737 caelum,
1462 2689 1506 2729 in
1522 2689 1669 2741 specie
1684 2687 1859 2729 caelum

365 2751 608 2805 spirituale,
629 2758 679 2803 et
703 2750 930 2793 abstracte
958 2752 1172 2792 Divinum
1196 2752 1369 2792 Verum
1398 2751 1664 2805 procedens,
1690 2766 1748 2792 ex
1772 2747 1860 2805 quo

365 2811 539 2855 caelum
558 2821 603 2856 et
621 2829 700 2868 per
719 2815 837 2868 quod
852 2815 1067 2867 judicium
1089 2814 1315 2868 (videatur
1332 2828 1477 2868 supra,
1498 2828 1538 2855 n.
1559 2814 1674 2868 253).
1726 2813 1860 2867 Quod

364 2878 585 2918 Dominus
625 2878 912 2931 intelligatur
951 2892 1029 2931 per
1073 2877 1367 2918 “sedentem
1404 2891 1536 2931 super
1567 2877 1773 2926 throno,‘'
1813 2883 1860 2919 et

363 2955 539 2995 quoque
562 2955 640 2995 per
659 2940 917 2994 “Agnum''’
934 2942 1007 2994 qui
1031 2955 1091 2981 ex
1115 2939 1315 2981 Sedente
1338 2954 1470 2993 super
1492 2940 1658 2981 throno
1681 2941 1858 2993 accepit

363 3003 537 3054 librum,
562 3010 632 3045 est
659 3004 760 3058 quia
786 3017 864 3057 per
893 3003 1181 3044 “Sedentem
1208 3017 1339 3057 super
1366 3003 1563 3044 throno''
1587 3003 1858 3056 intelligitur
