2060 3476
657 364 763 405 cAP.
787 363 874 404 111„
898 362 1036 395 VERs.
1058 361 1207 404 4.—N.
1239 352 1327 405 196.
1428 394 1431 397 ,
1655 352 1736 406 285

240 479 380 521 homo
404 477 504 520 illas
537 491 618 532 pro
649 476 826 531 legibus
858 490 963 517 suae
995 476 1118 516 vitae
1149 474 1302 523 habet,
1331 474 1392 515 sic
1425 474 1545 515 enim
1578 474 1738 515 Domi-

242 555 348 582 num
390 540 566 596 spectat
603 542 648 582 in
686 539 887 593 singuli-s,
921 553 972 580 ac
1006 539 1228 580 Dominus
1266 551 1480 592 praesens
1513 544 1583 579 est
1620 537 1739 591 apud

241 605 344 646 illos
376 612 423 646 et
455 606 534 646 dat
566 603 919 657 intelligentiam
951 610 997 644 et
1029 603 1312 656 sapientiam,
1341 608 1388 642 et
1421 615 1571 642 earum
1603 600 1738 642 affec-

242 669 414 710 tionem
441 675 487 710 et
509 667 782 722 jucundum;
816 680 920 709 nam
948 666 1170 707 Dominus
1196 671 1266 707 est
1293 666 1336 706 in
1364 666 1453 705 suis
1479 666 1595 705 veris
1622 664 1739 718 apud

241 732 486 781 hominem,
514 731 718 786 procedit
749 731 870 772 enim
902 743 1037 772 omne
1062 742 1217 770 verum
1244 742 1270 769 a
1302 728 1513 776 Domino,
1541 734 1587 769 et
1619 720 1740 781 quod

241 810 269 836 a
294 796 492 837 Domino
518 794 738 849 procedit,
766 794 852 836 hoc
881 794 1026 848 Ipsius
1048 799 1119 834 est
1142 793 1259 834 adeo
1281 799 1330 833 ut
1358 793 1415 832 sit
1440 792 1569 845 Ipse:
1603 805 1740 844 quare

243 859 464 901 Dominus
490 860 622 908 dixit,
1386 859 1390 863 ’

312 951 334 964 “
346 949 423 990 Ego
440 959 519 981 sum
529 974 536 982 .
551 974 559 981 .
572 975 580 981 .
595 949 752 981 ,Veritas
770 955 806 980 et
821 948 905 980 Vita
913 947 932 960 ”
949 946 1049 989 (Joh.
1064 947 1135 978 xiv.
1150 947 1183 986 6)
1196 956 1203 984 ;

312 993 414 1034 “Qui
438 993 524 1025 facit
548 993 746 1030 veritatem,
766 993 865 1024 venit
889 991 934 1023 ad
961 991 1089 1028 lucem,
1119 988 1173 1032 [ut
1197 989 1473 1021 manifestentur
1496 988 1575 1029 ejus
1599 986 1740 1030 opera,]

418 1038 501 1078 quia
516 1037 552 1068 in
572 1037 650 1068 Deo
666 1035 763 1068 faeta
775 1042 860 1068 sunt
870 1035 888 1047 '’
905 1035 1005 1077 (Joh.
1023 1035 1070 1066 iii.
1088 1034 1163 1074 21);
1476 1055 1480 1058 »

233 1100 247 1115 .
312 1081 504 1113 “Verbum
522 1087 598 1112 erat
614 1081 708 1121 apud
734 1080 863 1119 Deum,
882 1086 919 1111 et
944 1079 1041 1110 Deus
1059 1084 1135 1110 erat
1151 1078 1322 1115 Verbum,
1342 1084 1378 1109 et
1394 1077 1430 1108 in
1458 1076 1543 1117 Ipso
1560 1077 1636 1108 vita
1651 1081 1739 1114 erat,

418 1131 454 1157 et
469 1125 544 1156 vita
560 1131 636 1156 erat
652 1124 714 1155 lux
737 1124 925 1155 hominum
939 1132 963 1161 ;.
978 1148 986 1155 .
999 1147 1007 1155 .
1021 1122 1121 1163 .Ipse
1138 1127 1214 1154 erat
1239 1121 1316 1152 Lux
1332 1131 1428 1157 vera.
1449 1130 1539 1161 quae
1564 1120 1742 1152 illuminat

418 1178 566 1253 omnem)
580 1168 778 1200 hominem.
819 1193 826 1200 .
842 1192 850 1199 .
863 1193 870 1199 .
885 1167 948 1199 ,Et
964 1166 1122 1199 Verbum
1141 1165 1235 1198 Caro
1253 1163 1388 1197 factum
1405 1164 1489 1196 est''
1507 1163 1607 1207 (Joh.
1623 1164 1644 1196 i.
1662 1172 1691 1202 1,
1707 1172 1738 1201 2,

417 1222 450 1252 4.
464 1222 495 1254 9,
513 1221 553 1251 14
569 1237 576 1244 ·

243 1299 464 1341 Dominus
496 1299 657 1340 dicitur
685 1297 967 1346 “Verbum,’'
993 1297 1096 1350 quia
1121 1296 1324 1337 Verbum
1358 1294 1584 1348 significat
1617 1294 1741 1335 Divi-

242 1375 349 1403 num
375 1362 574 1412 Verum;
607 1367 653 1402 et
679 1375 857 1415 quoque
883 1361 1045 1401 dicitur
1072 1358 1253 1407 “Lux,”
1279 1359 1381 1412 quia
1408 1358 1620 1398 Divinum
1648 1357 1742 1398 Ve-

242 1439 339 1467 rum
361 1432 431 1467 est
455 1425 533 1466 lux
556 1426 600 1466 in
622 1425 785 1466 caelis:
819 1430 865 1465 et
888 1438 1065 1478 quoque
1088 1424 1250 1464 dicitur
1271 1426 1295 1443 “
1310 1422 1460 1470 Vita,”
1483 1423 1586 1476 quia
1608 1435 1743 1463 omne

243 1490 364 1544 quod
390 1490 500 1530 vivit
526 1503 587 1530 ex
613 1489 712 1530 luce
738 1487 815 1529 illa
839 1489 977 1538 vivit;
1010 1487 1115 1528 inde
1140 1488 1278 1528 etiam
1306 1493 1376 1527 est
1403 1485 1579 1538 angelis
1606 1484 1742 1526 intel-

243 1553 432 1607 ligentia
458 1560 504 1594 et
530 1553 765 1606 sapientia,
791 1552 836 1592 in
865 1565 953 1605 qua
978 1552 1072 1592 vita
1097 1564 1252 1592 eorum
1284 1551 1522 1600 consistit;
1555 1551 1628 1603 qui
1660 1549 1742 1590 ali-

244 1616 363 1657 unde
408 1616 591 1657 deducit
633 1616 773 1656 vitam
818 1628 954 1668 quam
993 1629 1053 1655 ex
1102 1605 1268 1655 Divino
1309 1613 1430 1667 quod
1471 1613 1677 1667 procedit
1717 1627 1744 1653 a

245 1680 458 1728 Domino,
497 1678 617 1733 quod
661 1679 704 1719 in
743 1678 871 1719 caelo
905 1684 1094 1719 vocatur
1133 1677 1347 1718 Divinum
1383 1676 1555 1717 Verum
1596 1690 1647 1718 ac
1685 1676 1744 1717 ibi

245 1749 434 1797 apparet
461 1749 509 1783 ut
542 1742 635 1790 lux,
663 1741 855 1782 multum
887 1740 1067 1782 fallitur.
1128 1740 1312 1780 Exinde
1344 1746 1555 1780 constare
1587 1746 1742 1793 potest

246 1806 474 1860 quomodo
500 1805 849 1858 intelligendum
881 1811 951 1845 est
982 1803 1104 1858 quod
1132 1803 1293 1844 “Deus
1326 1809 1422 1844 erat
1450 1802 1670 1851 Verbum,
1697 1809 1743 1843 et

244 1871 290 1911 in
321 1869 408 1911 Illo
439 1870 533 1910 vita
563 1875 675 1917 erat,
708 1875 755 1909 et
785 1869 880 1908 vita
910 1874 1007 1921 erat
1039 1866 1119 1907 lux
1149 1866 1420 1907 hominum.''
1481 1865 1615 1918 Quod
1639 1865 1742 1906 “al-

244 1933 381 1974 bum'’
407 1933 451 1974 in
474 1932 630 1974 Verbo
662 1932 836 1972 dicatur
862 1931 918 1971 de
944 1931 1074 1979 veris,
1102 1936 1172 1971 est
1204 1931 1306 1984 quia
1333 1929 1545 1970 Divinum
1572 1929 1743 1970 Verum

244 2003 314 2038 est
337 1996 417 2037 lux
440 1995 566 2045 caeli,
586 2002 634 2037 ut
658 2008 774 2036 nunc
798 1993 966 2035 dictum
989 2001 1074 2042 est,
1094 2000 1140 2035 et
1163 2007 1224 2035 ex
1248 1993 1348 2034 luce
1366 1992 1479 2034 caeli
1498 1999 1568 2033 est
1591 1992 1743 2033 album

244 2067 291 2102 et
313 2056 567 2101 candidum.
630 2059 742 2100 Inde
768 2064 838 2115 est

311 2130 416 2192 Qudd
435 2150 612 2181 Dominus
625 2159 706 2180 cum
723 2148 1000 2180 transformatus
1016 2154 1071 2179 est
1084 2156 1205 2178 coram
1226 2146 1344 2184 Petro,
1360 2145 1498 2188 Jacobo
1515 2152 1551 2177 et
1563 2145 1742 2187 Johanne,

423 2194 660 2235 “apparuerit
675 2193 785 2224 facies
800 2192 917 2233 Ipsius
931 2193 1021 2223 sicut
1038 2191 1111 2228 Sol,
1130 2201 1172 2222 ac
1190 2191 1445 2222 vestimentum
1466 2189 1583 2230 Ipsius
1601 2196 1639 2221 ut
1656 2189 1716 2220 lux
1727 2189 1745 2200 ”

419 2237 564 2278 (Mami.
580 2237 664 2269 xvii.
681 2236 724 2277 2),
745 2246 787 2267 ac
802 2243 841 2268 ut
861 2237 1013 2267 “album
1038 2233 1255 2275 fulgurans’'
1271 2234 1370 2275 (Luc.
1388 2234 1432 2265 ix.
1451 2234 1517 2274 29),
1538 2240 1573 2264 et
1594 2234 1615 2247 ‘⁸
1627 2233 1746 2273 splen-

419 2282 525 2314 dens.
539 2306 547 2313 .
561 2281 711 2350 ‚ut11liix.
731 2280 933 2321 cujusmodi
957 2279 1047 2311 fullo
1071 2288 1179 2320 super
1195 2285 1290 2310 terra
1314 2288 1387 2309 non
1414 2283 1533 2318 potest
1549 2276 1745 2308 dealbare''

419 2325 546 2366 (Marc.
563 2325 610 2357 ix.
636 2327 644 2344 ¹
660 2325 704 2364 3).

312 2370 417 2412 Quod
433 2369 570 2410 angelis
588 2369 633 2400 ad
656 2367 857 2409 sepulcrum
884 2367 1031 2399 Domini
1055 2373 1152 2398 esset
1168 2365 1418 2398 indumentum
1436 2365 1557 2396 album
1575 2365 1667 2396 sicut
1685 2363 1745 2396 nix

419 2413 564 2453 (Matth.
581 2413 702 2444 xxviii.
718 2412 761 2452 3),
782 2418 817 2443 et
834 2412 1028 2452 splendens
1045 2410 1142 2450 (Luc.
1157 2410 1251 2442 xxiv.
1273 2409 1327 2449 4);

312 2457 418 2500 Quod
433 2456 665 2497 apparuerint
677 2456 833 2497 Johanni
850 2461 989 2496 septem
1005 2455 1124 2495 angeli
1143 2464 1164 2486 e
1184 2454 1319 2494 templo
1335 2453 1451 2485 induti
1471 2453 1545 2484 lino
1559 2452 1694 2489 mundo
1711 2459 1746 2483 et

421 2500 610 2541 splendido
627 2499 671 2540 (A
670 2505 742 2541 poc.
756 2510 814 2531 xv.
829 2499 863 2539 ὁ)
876 2510 884 2536 ·,

312 2545 418 2587 Quod
441 2550 579 2576 stantes
603 2550 687 2575 ante
711 2544 880 2575 thronum
898 2542 995 2582 Agni
1012 2540 1132 2574 amicti
1150 2542 1253 2573 stolis
1277 2541 1368 2572 albis
1385 2539 1501 2582 (Apoc.
1517 2540 1563 2571 vi.
1581 2548 1617 2570 11
1633 2549 1641 2578 ;
1665 2549 1743 2580 cap.

421 2589 481 2620 vii.
495 2598 527 2629 9.
546 2596 596 2626 13,
614 2596 674 2626 14:
698 2597 775 2628 cap.
789 2587 860 2619 xix.
880 2584 970 2626 1218);

312 2633 418 2675 Quod
435 2632 611 2664 exercitus
629 2631 792 2664 Sedentis
805 2640 914 2671 super
927 2631 1028 2671 Equo
1041 2630 1124 2661 albo
1139 2634 1375 2670 sequerentur
1390 2627 1512 2668 Ipsum
1527 2637 1635 2668 super
1646 2627 1746 2668 equis

421 2676 524 2713 albis,
544 2675 657 2707 induti
674 2676 823 2716 byssino
840 2675 923 2706 albo
940 2682 977 2706 et·
994 2674 1128 2705 mundo
1145 2672 1261 2714 (Apoc.
1276 2672 1347 2704 xiv.
1366 2671 1429 2711 14).

249 2753 362 2795 Inde
388 2758 459 2794 est

312 2818 418 2861 Quod
435 2817 597 2850 Aharoni
614 2817 747 2849 fuerint
763 2823 883 2848 vestes
900 2817 975 2855 lini,
995 2827 1036 2848 ac
1062 2816 1140 2848 illas
1159 2815 1315 2847 induerit
1332 2824 1412 2846 cum
1430 2815 1497 2846 iret
1514 2814 1608 2845 intra
1626 2813 1744 2845 velum

421 2862 466 2894 ad
484 2861 769 2902 propitiatorium
786 2860 911 2901 (Levit.
925 2861 997 2893 xvi.
1014 2868 1087 2899 1-5,
1105 2860 1182 2900 32);

249 2949 462 2990 “linum''
492 2962 552 2990 ex
587 2948 800 2989 albedine
834 2948 975 2988 etiam
1006 2946 1235 3001 significat
1265 2959 1423 2987 verum
1455 2957 1501 2995 (n.
1521 2956 1611 2992 7601,
1631 2954 1742 2993 9959)-

248 3010 473 3064 Quoniam
516 3010 737 3052 “album'’
777 3009 1000 3063 signifieat
1041 3022 1211 3058 verum,
1252 3022 1303 3050 ac
1345 3022 1451 3049 vera
1491 3013 1595 3048 sunt
1630 3019 1744 3060 quae
