2060 3476
312 341 391 400 598
720 354 1053 389 APOCALvPsffi
1084 357 1383 390 EXPLICATA.

308 467 397 510 duo
428 468 507 509 sed
539 468 668 509 unica
705 468 912 518 Persona,
946 467 1183 522 conjun&a
1214 471 1328 511 sicut
1362 469 1511 510 anima
1541 475 1587 511 et
1620 483 1807 523 corpus,

307 531 554 572 secundum
581 529 831 572 doc'trinam
860 532 916 572 ab
941 531 1141 573 ecclesiis
1166 538 1397 585 receptam
1423 546 1482 572 ex
1510 531 1622 572 Fide
1647 531 1796 573 Atha-

278 593 503 648 §nasiana
568 592 718 646 Quare
749 607 997 647 agnoscere
1030 594 1240 634 Divinum
1274 595 1316 634 in
1352 594 1564 634 Humano
1598 594 1792 643 Domini,

306 668 385 696 seu
411 655 622 696 Divinum
651 655 923 714 Humanum,
947 663 1016 698 est
1039 657 1293 710 primarium
1319 655 1550 704 ecclesiae,
1574 669 1652 710 per
1673 657 1792 710 quod

306 716 589 771 conjunctim
622 725 668 760 et
690 719 792 772 quia
814 720 1083 772 primarium,
1103 725 1172 759 est
1195 719 1331 759 etiam
1355 719 1543 772 primum
1562 718 1792 760 ecclesiae.

308 779 534 834 Quoniam
570 782 655 823 hoc
696 782 886 836 primum
925 781 1142 822 ecclesiae
1178 787 1262 830 est,
1296 781 1399 822 ideo
1436 781 1655 822 Dominus
1692 794 1791 822 cum

304 844 349 884 in
371 845 540 886 mundo
560 844 639 886 fuit
658 845 794 886 toties
816 845 933 885 dixit
950 843 1038 884 illis
1060 858 1171 897 quos
1189 844 1380 892 sanavit,
1402 847 1426 864 “
1441 843 1654 885 Credisne
1672 844 1791 897 quod

304 906 390 948 hoc
418 908 585 961 possim
611 907 755 948 facere
770 906 808 948 ?”
839 913 886 948 et
913 919 1016 947 cum
1039 907 1370 960 responderunt
1397 906 1516 960 quod
1539 907 1790 954 crederent,

304 970 435 1019 dixit,
475 970 618 1011 “Fiat
659 969 903 1011 secundum
945 969 1079 1010 fidem
1116 969 1278 1010 tuam.”
1357 969 1458 1010 Hoc
1500 969 1636 1010 toties
1673 970 1789 1010 dixit

303 1039 353 1074 ut
389 1033 579 1086 primum
613 1032 848 1074 crederent
880 1032 1000 1086 quod
1038 1032 1128 1086 Ipsi
1164 1046 1223 1073 ex
1258 1031 1423 1073 Divino
1463 1032 1675 1073 Humano
1711 1045 1791 1073 suo

303 1102 425 1137 esset
448 1096 612 1137 Divina
633 1096 990 1149 omnipotentia;
1023 1108 1127 1136 nam
1150 1095 1319 1149 absque
1343 1094 1420 1136 illa
1445 1093 1532 1136 fide
1555 1108 1644 1136 non
1667 1095 1790 1135 inco-

303 1158 401 1199 hari
440 1159 588 1212 potuit
629 1157 846 1209 ecclesia;
897 1164 944 1199 et
983 1158 1152 1212 absque
1192 1157 1269 1198 illa
1308 1157 1394 1199 fide
1435 1171 1525 1198 non
1567 1155 1790 1210 conjunffi

302 1221 468 1262 Divino
499 1222 700 1270 fuissent,
733 1220 813 1262 sed
847 1221 1041 1274 separati
1072 1220 1130 1262 ab
1160 1219 1252 1270 illo,
1285 1226 1331 1262 et
1363 1221 1424 1262 sic
1457 1219 1565 1261 nihil
1597 1220 1703 1261 boni
1734 1220 1791 1260 ab

304 1284 410 1337 Ipso
431 1285 628 1338 recipere
650 1284 917 1338 potuissent.
964 1283 1128 1324 Postea
1145 1283 1296 1324 docuit
1319 1283 1539 1324 Dominus
1561 1282 1790 1336 quomodo

302 1346 597 1396 salvarentur,
635 1347 755 1401 quod
796 1355 958 1400 nempe
994 1346 1245 1399 reciperent
1281 1346 1492 1387 Divinum
1525 1345 1695 1386 Verum
1732 1345 1789 1385 ab

303 1409 425 1463 Ipso,
464 1416 511 1451 et
547 1409 632 1451 hoc
669 1409 880 1462 recipitur
913 1408 1094 1462 quando
1126 1407 1377 1462 applicatur
1411 1414 1457 1449 et
1493 1407 1789 1461 implantatur

301 1473 422 1513 vitae
462 1486 540 1526 per
578 1472 724 1513 facere
760 1471 897 1523 illud;
940 1472 1041 1512 ideo
1082 1471 1299 1513 Dominus
1339 1471 1478 1512 toties
1518 1471 1634 1511 dixit
1670 1470 1788 1524 quod

305 1535 506 1576 facerent
532 1535 669 1576 verba
700 1535 858 1588 Ipsius.
919 1534 994 1575 Ex
1025 1534 1092 1575 his
1123 1541 1334 1575 constare
1365 1540 1518 1588 potest
1548 1533 1669 1587 quod
1701 1532 1790 1573 duo

303 1597 394 1646 illa,
428 1611 589 1651 nempe
626 1597 809 1638 credere
845 1598 889 1638 in
926 1597 1170 1638 Dominum
1203 1603 1250 1638 et
1285 1596 1431 1638 facere
1461 1596 1598 1637 verba
1629 1595 1788 1649 Ipsius,

302 1674 438 1701 unum
470 1661 650 1709 faciant,
683 1666 729 1701 et
766 1660 885 1714 quod
923 1659 1180 1700 nullatenus
1212 1659 1406 1713 separari
1442 1659 1643 1712 possint;
1685 1670 1789 1699 nam
1851 1702 1854 1705 Α

303 1724 378 1777 qui
410 1737 500 1765 non
526 1723 632 1764 facit
662 1723 799 1764 verba
831 1723 1014 1764 Domini
1046 1723 1081 1763 is
1113 1736 1203 1764 non
1235 1722 1378 1763 credit
1411 1722 1456 1762 in
1480 1721 1660 1775 Ipsum;
1692 1727 1789 1761 tum

300 1788 375 1840 qui
406 1792 536 1840 putat
569 1800 617 1827 se
647 1785 830 1827 credere
862 1786 905 1826 in
932 1786 1085 1839 Ipsum
1118 1791 1164 1827 et
1205 1799 1296 1826 non
1327 1785 1432 1826 facit
1463 1785 1600 1826 verba
1631 1784 1788 1837 Ipsius,

299 1863 383 1891 nec
411 1849 552 1901 credit
577 1849 621 1890 in
649 1849 827 1903 Ipsum;
860 1855 930 1890 est
952 1849 1070 1889 enim
1097 1849 1317 1889 Dominus
1343 1848 1387 1888 in
1409 1847 1498 1888 suis
1519 1847 1679 1896 verbis,
1703 1846 1788 1886 hoc

300 1919 385 1961 est,
418 1913 462 1953 in
493 1913 582 1953 suis
614 1912 744 1960 veris,
777 1917 822 1952 et
860 1925 919 1952 ex
951 1910 1038 1952 illis
1069 1911 1148 1952 dat
1186 1911 1406 1952 Dominus
1441 1910 1610 1951 homini
1640 1908 1788 1949 fidem.

301 1975 378 2015 Ex
403 1975 471 2016 his
493 1975 645 2028 paucis
671 1974 771 2015 sciri
797 1980 949 2028 potest
975 1974 1094 2027 quod
1127 1972 1381 2027 conjunctio
1407 1985 1508 2014 cum
1541 1972 1705 2012 Divino
1731 1972 1788 2012 sit

299 2052 378 2092 per
402 2038 681 2091 agnitionem
707 2037 888 2078 Domini
910 2043 956 2078 et
983 2051 1062 2090 per
1088 2037 1396 2090 receptionem
1423 2035 1572 2076 Divini
1597 2034 1706 2075 Veri
1732 2034 1790 2074 ab

299 2101 433 2155 Ipso:
475 2101 561 2142 hoc
593 2101 744 2154 itaque
776 2106 845 2141 est
877 2100 996 2153 quod
1028 2098 1307 2152 significatur
1337 2112 1415 2152 per
1440 2097 1559 2151 quod
1588 2096 1789 2150 “Agnus

297 2163 539 2205 redemerit
565 2163 665 2204 Deo
691 2176 772 2203 nos
796 2163 840 2202 in
866 2163 1082 2215 sanguine
1104 2175 1184 2203 suo
1201 2161 1235 2212 ;''
1266 2161 1385 2215 quod
1411 2174 1488 2214 per
1507 2157 1790 2212 “1¹1Agnum”

298 2226 576 2280 significetur
607 2226 826 2267 Dominus
858 2225 1006 2279 quoad
1039 2225 1250 2265 Divinum
1278 2224 1552 2272 Humanum,
1586 2222 1790 2277 videatur

298 2301 434 2341 Supra
467 2287 529 2341 (n.
558 2298 580 2339 3
591 2286 676 2340 14).
753 2296 864 2336 (Plura
882 2298 923 2326 de
941 2297 990 2325 his
1007 2296 1175 2325 videantur
1193 2295 1225 2324 in
1245 2295 1403 2325 Doc'trina
1420 2295 1530 2324 Novae
1547 2294 1790 2332 Hierosolymae,

297 2356 330 2377 n.
344 2356 500 2385 293-297;
523 2350 554 2375 et
577 2346 623 2384 [in
639 2345 791 2383 collectis]
815 2355 855 2374 ex
868 2345 1009 2374 Arcanis
1024 2345 1219 2378 Caelestibus,
1236 2344 1288 2379 ibi,
1304 2352 1335 2373 n.
1351 2343 1507 2381 300-306;
1530 2347 1566 2372 ut
1586 2347 1618 2371 et
1637 2342 1680 2371 ad
1694 2342 1790 2371 finem

297 2394 394 2433 hujus
408 2394 521 2432 operis,
537 2393 592 2422 ubi
607 2393 658 2422 De
674 2393 815 2422 Domino
830 2392 863 2421 in
877 2392 981 2430 specie
995 2396 1115 2429 agetur.

382 2448 463 2504 [c.]
515 2448 651 2502 Quod
685 2449 908 2502 “sanguis
921 2448 941 2464 ’'
971 2447 1201 2501 significet
1232 2446 1447 2488 Divinum
1478 2445 1651 2487 Verum
1682 2459 1787 2499 pro-

298 2511 465 2552 cedens
483 2524 509 2552 a
531 2511 742 2560 Domino,
762 2517 807 2552 et
830 2510 950 2564 quod
968 2510 1160 2550 salvatio
1186 2523 1264 2562 per
1288 2508 1588 2561 “sanguinem
1615 2508 1758 2561 Ipsius
1770 2508 1789 2523 '’

297 2574 520 2628 significet
545 2587 624 2627 per
644 2574 950 2627 receptionem
977 2571 1257 2613 Divini-Veri
1283 2571 1340 2611 ab
1362 2571 1481 2624 Ipso,
1504 2571 1548 2610 in
1571 2577 1789 2624 sequente

298 2637 489 2680 articulo
511 2637 696 2678 dicetur.
759 2635 893 2689 Quod
916 2642 1067 2676 autem
1092 2633 1378 2676 “redimere’'
1400 2633 1622 2687 significet
1645 2633 1788 2674 vindi-

266 2715 400 2759 ⁸‚care
426 2707 473 2741 et
499 2699 701 2748 liberare,
729 2705 774 2739 et
807 2712 908 2739 cum
940 2698 995 2739 de
1028 2698 1238 2746 Domino,
1267 2696 1492 2737 vindicare
1524 2701 1570 2736 et
1601 2695 1788 2736 liberare

297 2764 354 2804 ab
390 2762 576 2811 inferno,
613 2767 659 2802 et
697 2762 758 2802 sic
796 2761 1006 2802 addicare
1043 2766 1089 2801 et
1127 2759 1398 2812 conjungere
1436 2757 1542 2807 Sibi,
1581 2764 1788 2798 constare

294 2831 452 2879 potest
478 2839 504 2866 a
530 2825 639 2866 locis
665 2824 956 2877 sequentibus
972 2822 1181 2876 z—Apud
1206 2821 1409 2870 Esaiam,

365 2922 487 2964 “Quis
503 2921 603 2953 venit
626 2930 671 2952 ex
696 2920 810 2952 Edom
815 2944 906 2957 .....
916 2919 1086 2951 incedens
1111 2918 1147 2949 in
1172 2917 1400 2949 multitudine
1425 2916 1565 2948 roboris
1582 2916 1662 2949 sui?
1707 2915 1785 2956 Ego

469 2965 530 3006 qui
553 2965 681 3006 loquor
704 2964 741 2995 in
767 2963 914 3004 justitia,
942 2972 1094 3003 magnus
1118 2961 1164 2993 ad
1184 2961 1396 2992 salvandum
1411 2970 1435 2997 ;.
1449 2985 1456 2992 .
1470 2985 1478 2992 .
1493 2969 1592 2992 .nam
1609 2959 1687 2991 dies
1705 2959 1784 2991 vin-

469 3007 585 3040 dictae
610 3008 645 3040 in
670 3007 776 3039 corde
800 3016 892 3044 meo,
913 3013 948 3038 et
972 3015 1089 3037 annus
1107 3005 1374 3045 redemptorum
1396 3012 1556 3035 meorum
1574 3003 1712 3034 venit:.
1727 3027 1734 3034 .
1748 3027 1756 3034 .
1770 3027 1778 3034 .

2046 3130 2060 3476 sas-Q-
