2060 3476
287 352 302 382 1
315 350 367 395 54
697 346 1034 381 APOCALYPSIS
1063 346 1364 380 EXPLICATA.

281 463 422 501 personis
445 462 591 492 do6trina
605 462 680 499 veri,
695 463 839 492 videatur
853 471 884 491 n.
901 468 989 499 2534,
1005 461 1100 499 7269;
1130 465 1162 490 et
1178 461 1266 499 quod
1286 460 1399 490 similia
1418 468 1476 498 per
1490 462 1507 474 ⁴·
1517 458 1709 498 apostolos,'·
1723 467 1775 489 su·

281 522 348 551 pra,
375 521 407 567 n.
429 513 533 552 100.)

408 573 413 585 l

351 591 373 604 ‘¹
386 589 487 622 Beati
500 599 579 621 cum
592 590 731 630 probris
743 589 928 620 affecerint
941 598 1017 626 vos,
1034 594 1070 620 et
1083 588 1259 629 persecuti
1271 587 1415 625 fuerint,
1430 587 1654 627 dixerintque
1667 596 1776 618 omne

455 635 602 664 verbum
621 633 752 664 malum
770 638 895 664 contra
906 642 972 664 vos
985 633 1213 669 mentientes,
1230 637 1375 672 prepter
1390 631 1449 662 Me
1463 640 1470 670 ;
1494 631 1647 671 gaudete
1664 636 1699 662 et
1715 640 1776 662 ex·

455 677 577 715 uitate,
598 677 766 717 quoniam
784 686 919 708 merces
936 682 1056 707 vestra
1071 676 1184 707 multa
1207 676 1243 706 in
1257 675 1364 706 caelis
1379 684 1386 712 ;
1412 675 1461 706 sic
1478 674 1575 706 enim
1599 674 1775 715 persecuti

456 727 541 752 sunt
558 721 761 761 prophetas,
782 720 841 760 qui
857 726 940 751 ante
957 729 1023 751 vos
1034 719 1052 731 '¹
1069 718 1213 759 (Mattlz.
1227 729 1260 750 v.
1277 716 1362 756 [¹111,
1379 717 1432 758 12)
1447 727 1453 756 ;

351 765 373 779 ¹‘
385 763 485 796 Beati
502 774 580 795 cum
598 764 680 795 odio
697 763 885 795 habuerint
898 773 962 794 vos
979 763 1156 801 homines,
1171 768 1206 794 et
1221 771 1301 793 cum
1318 761 1577 802 separaverint,
1592 766 1627 792 et
1643 761 1774 800 probro

457 807 652 846 affecerint,
667 813 702 838 et
719 807 888 847 ejecerint
902 815 1032 838 nomen
1048 812 1205 837 vestrum
1219 806 1310 837 sicut
1323 805 1468 842 malum,
1482 810 1629 845 propter
1647 804 1774 836 Filium

457 851 614 882 hominis
629 860 651 935 ;).
666 875 674 882 .
688 850 897 883 ,seeundum
911 850 978 882 hoc
991 849 1169 882 faciebant
1183 848 1364 890 prophetis
1379 854 1496 884 patres
1510 857 1634 880 eorum
1644 847 1662 860 '’
1674 847 1770 889 (Luc.

459 904 505 927 vi.
521 902 572 932 22,
588 902 628 933 23
646 918 653 926 .

289 981 442 1023 Simile
468 982 587 1036 quod
613 982 658 1023 in
684 982 752 1023 his
784 981 909 1031 locis,
938 980 1215 1035 significatur
1241 981 1379 1022 etiam
1411 994 1489 1034 per
1514 979 1652 1021 verba
1677 979 1773 1021 Do·-

286 1046 408 1094 mini,
441 1045 562 1099 quod
593 1045 788 1086 secuturi
821 1044 974 1098 Ipsum
1005 1050 1050 1085 et
1088 1044 1310 1098 portaturi
1346 1056 1523 1084 crucem
1555 1055 1695 1092 suam,
1729 1043 1774 1085 in

284 1108 353 1149 his
379 1107 670 1162 sequentibus
687 1121 755 1148 :—

353 1197 489 1239 ⁴‘Jesus
506 1197 595 1229 dixit
611 1197 792 1237 discipulis
809 1197 895 1235 suis,
912 1197 948 1229 Si
966 1197 1044 1238 quis
1059 1197 1134 1229 vult
1151 1203 1234 1238 post
1251 1196 1312 1228 Me
1325 1197 1460 1234 venire,
1478 1197 1632 1237 abneget
1644 1203 1774 1229 semet-

460 1241 588 1281 ipsum,
615 1246 650 1272 et
676 1241 777 1272 tollat
799 1250 939 1272 crucem
963 1250 1076 1278 suam.
1102 1246 1139 1272 et
1161 1247 1329 1283 sequatur
1354 1240 1443 1272 Me'¹
1461 1240 1605 1282 (Matth.
1621 1241 1693 1273 xvi.
1711 1249 1771 1280 24;

457 1285 570 1317 Marc.
586 1284 659 1316 viii.
674 1284 729 1324 34)
743 1293 750 1320 :

288 1360 553 1414 “abnegare
579 1374 627 1402 se
652 1361 796 1414 ipsum
809 1360 828 1374 ‘⁸
854 1366 924 1401 est
951 1359 1132 1413 rejicere
1158 1359 1277 1401 mala
1302 1374 1416 1415 quae
1442 1374 1501 1401 ex
1527 1360 1727 1415 proprio.
1758 1386 1761 1390 -

353 1459 374 1472 ‘⁴
386 1458 454 1499 Qui
471 1468 543 1489 non
562 1464 681 1499 portat
697 1467 836 1490 crucem
851 1468 963 1496 suam,
983 1465 1018 1490 et
1035 1458 1133 1490 venit
1157 1465 1239 1499 post
1257 1458 1328 1497 Me,
1350 1469 1423 1490 non
1441 1464 1559 1500 potest
1576 1468 1676 1490 meus
1693 1467 1773 1490 esse

457 1502 650 1542 discipulus
663 1501 680 1513 ”
697 1501 793 1541 (Luc.
809 1502 878 1533 xiv.
894 1501 969 1542 27);

348 1545 454 1587 Jesus
478 1545 567 1576 dixit
590 1545 634 1576 ad
662 1545 927 1576 adolescentem
952 1546 1110 1583 divitem,
1141 1547 1163 1560 ‘¹
1176 1545 1296 1577 Unum
1321 1545 1383 1577 tibi
1408 1545 1530 1583 deest;
1561 1545 1629 1582 abi,
1659 1545 1772 1577 vende

453 1598 683 1673 quae)cunque
694 1590 804 1621 habes
808 1613 900 1627 .....
909 1595 944 1620 et
954 1590 1047 1626 veni,
1062 1599 1209 1631 sequere
1222 1589 1292 1626 Me,
1307 1594 1455 1629 portans
1467 1597 1607 1619 crucem
1619 1587 1637 1599 '⁹
1647 1588 1771 1627 (Marc.

453 1641 486 1664 x.
501 1640 540 1664 21
569 1642 577 1672 ;

284 1734 362 1774 per
388 1720 473 1760 hoc
500 1720 544 1760 in
571 1733 705 1760 sensu
731 1719 949 1773 spirituali
975 1718 1260 1771 intelligitur,
1288 1717 1407 1771 quod
1433 1715 1674 1770 rejecturus
1701 1731 1771 1758 es-

284 1790 354 1824 set
394 1782 506 1823 falsa
546 1796 659 1836 quae
700 1788 829 1823 erant
871 1780 1104 1823 doctrinae
1142 1780 1370 1834 Judaicae,
1412 1787 1458 1821 et
1504 1786 1771 1833 accepturus

281 1845 532 1887 doctrinam
550 1846 641 1886 veri
664 1859 690 1886 a
713 1845 924 1894 Domino,
944 1851 990 1886 et
1013 1844 1133 1898 quod
1155 1844 1380 1884 subiturus
1403 1843 1769 1896 impugnationes

285 1916 330 1950 et
350 1909 631 1950 tentationes
649 1922 675 1949 a
697 1908 818 1949 salsis
836 1922 845 1959 ;
878 1922 1014 1962 quare
1031 1907 1246 1948 falluntur
1262 1907 1335 1960 qui
1353 1906 1542 1947 credunt
1561 1906 1680 1960 quod
1698 1907 1778 1959 qui-

281 1971 524 2012 Dominum
552 1971 711 2012 volunt
744 1972 868 2025 sequi
894 1971 1118 2012 vendituri
1144 1971 1233 2011 sint
1260 1983 1339 2010 sua
1364 1969 1497 2018 bona,
1526 1975 1571 2010 et
1599 1970 1769 2022 passuri

282 2048 473 2078 crucem.
536 2034 762 2088 Quoniam
795 2035 1016 2075 Dominus
1047 2040 1144 2074 erat
1171 2034 1315 2087 ipsum
1347 2033 1559 2073 Divinum
1583 2030 1767 2080 Verum,

281 2098 400 2152 quod
435 2096 573 2151 (apud
599 2098 865 2146 Johannem,
890 2111 985 2150 cap.
1010 2098 1035 2137 i.
1065 2108 1154 2148 1—3,
1184 2094 1252 2150 14)
1276 2101 1464 2136 vocatur
1489 2094 1769 2143 “Verbum”

279 2160 382 2201 ideo
407 2174 485 2214 per
506 2161 626 2214 quod
650 2160 871 2201 Dominus
898 2173 1055 2213 passus
1077 2160 1135 2200 sit
1160 2158 1216 2200 Se
1238 2157 1456 2211 flagellari
1481 2164 1528 2199 et
1555 2157 1766 2211 crucifigi,

280 2222 558 2276 significatur
580 2223 699 2277 quod
726 2237 751 2264 a
772 2222 953 2276 Judaeis
979 2223 1043 2263 ita
1068 2220 1234 2263 factum
1256 2223 1314 2262 sit
1337 2235 1438 2262 cum
1461 2221 1627 2263 Divino
1644 2221 1769 2263 Vero

278 2284 400 2338 quod
429 2285 474 2324 in
505 2284 675 2325 Verbo.
737 2294 849 2334 (Quod
864 2295 972 2324 omnia
985 2303 1067 2332 quae
1082 2294 1122 2323 de
1139 2294 1287 2323 Passione
1303 2293 1434 2322 Domini
1448 2294 1535 2331 apud
1551 2294 1769 2331 Evangelistas

279 2352 504 2382 memorantur,
517 2348 678 2377 involvant
698 2352 729 2377 et
750 2348 925 2385 significent
939 2348 1027 2384 quod
1047 2346 1163 2386 Judaei
1185 2347 1229 2375 ita
1250 2347 1401 2376 Divinum
1416 2347 1536 2376 Verum
1553 2347 1769 2382 tractaverint.

279 2402 423 2431 videatur
436 2411 540 2440 supra,
567 2411 600 2432 n.
618 2393 697 2444 83.)
756 2391 908 2444 Quare
930 2391 1040 2432 dicit
1063 2391 1302 2439 Dominus,

345 2480 367 2493 ‘⁴
379 2478 600 2510 Mementote
617 2479 794 2510 sermonis
813 2479 882 2510 mei
897 2489 920 2514 ;.
935 2504 942 2511 .
956 2504 964 2510 .
978 2480 1022 2510 ,si
1051 2478 1110 2510 Me
1135 2478 1310 2519 persecuti
1327 2484 1421 2516 sunt.
1441 2479 1548 2510 etiam
1565 2489 1630 2511 vos
1651 2488 1768 2520 perse-

450 2528 600 2563 quentur
611 2522 629 2534 ”
647 2522 746 2564 (Joh.
761 2532 818 2554 xv.
835 2522 900 2562 20).

278 2610 412 2665 Quod
427 2610 585 2664 Judaei
602 2611 646 2651 in
661 2611 809 2664 specie
827 2610 1143 2664 intelligantur
1160 2624 1238 2664 per
1254 2614 1279 2631 “
1292 2610 1521 2651 diabolum
1533 2609 1552 2626 ’'
1566 2611 1639 2665 qui
1657 2624 1765 2651 con-

271 2672 469 2727 jefi'curus
500 2679 621 2715 esset
653 2673 896 2727 discipulos
929 2673 1111 2714 Domini
1143 2674 1188 2714 in
1219 2674 1463 2723 custodias,
1491 2679 1538 2715 et
1570 2673 1689 2727 quod
1720 2674 1764 2714 in

276 2750 442 2790 genere
463 2735 778 2790 intelligantur
799 2749 956 2777 omnes
986 2737 1096 2790 “qui
1118 2751 1165 2777 se
1190 2736 1385 2789 Judaeos
1407 2742 1574 2777 vocant
1601 2742 1647 2776 et
1673 2749 1763 2776 non

276 2806 396 2849 sunt,
424 2799 503 2840 sed
530 2812 766 2852 synagoga
792 2799 1010 2840 satanae”
1040 2798 1306 2853 (secundum
1332 2813 1385 2840 ea
1411 2813 1524 2853 quae
1550 2813 1695 2852 supra,
1721 2813 1761 2839 n.

280 2873 370 2915 119,
391 2873 481 2912 120,
497 2861 639 2903 allata
653 2861 795 2916 sunt),
812 2868 941 2915 patet
958 2876 984 2902 a
1002 2862 1185 2903 Domini
1198 2862 1345 2903 verbis
1363 2862 1481 2916 apud
1496 2862 1760 2911 Johannem,

343 2952 365 2966 ‘¹
377 2950 570 2992 Loquelam
587 2960 704 2982 meam
722 2961 794 2982 non
813 2951 1040 2991 cognoscitis,
1061 2951 1142 2991 quia
1159 2961 1232 2982 non
1250 2952 1400 2991 potestis
1417 2951 1539 2982 audire
1557 2961 1759 2982 sermonem

447 3003 565 3026 meum
579 3003 586 3033 ;
611 3004 675 3026 vos
693 3004 737 3026 ex
753 3000 853 3035 patre
870 2994 1013 3026 diabolo
1030 2995 1129 3032 estis,
1150 3000 1185 3026 et
1208 2995 1385 3026 desideria
1401 2995 1511 3035 patris
1528 2994 1637 3026 vestri
1655 2994 1761 3026 vultis
