2060 3476
270 327 349 373 104
595 299 602 313 Χ
840 322 1180 357 APOCALYPSIS.

731 772 1108 836 CAPUT
1179 772 1364 870 11.-

502 1163 677 1202 tenens
702 1163 893 1216 septem
919 1151 1080 1200 stellas
1105 1152 1153 1199 in
1177 1151 1351 1200 dextra
1374 1168 1477 1206 sua,
1502 1150 1760 1199 ambulans

503 1230 551 1278 in
577 1229 741 1277 medio
765 1240 955 1293 septem
980 1227 1382 1277 candelabrorum
1407 1245 1679 1276 aureorum.

337 1323 378 1354 2.
429 1306 561 1354 Novi
586 1323 737 1369 opera
760 1315 858 1359 tua,
883 1316 933 1353 et
960 1305 1177 1355 laborem
1202 1315 1355 1359 tuum,
1381 1314 1431 1352 et
1453 1303 1760 1352 tolerantiam

216 1420 220 1426 x
266 1394 415 1437 tuam,
446 1393 496 1430 et
525 1382 658 1446 quod
688 1399 787 1430 non
816 1382 972 1445 possis
1001 1381 1125 1430 ferre
1154 1380 1323 1437 malos,
1349 1391 1401 1429 et
1429 1379 1761 1444 exploraveris

265 1459 484 1507 dicentes
504 1476 559 1507 se
578 1476 690 1506 esse
709 1457 972 1522 apostolos,
993 1468 1043 1506 et
1067 1475 1166 1506 non
1186 1468 1314 1512 sunt,
1335 1467 1385 1506 et
1408 1457 1654 1505 inveneris
1673 1473 1761 1504 eos

266 1536 543 1584 mendaces.

230 1608 233 1612 ’
336 1629 379 1674 3.
429 1613 492 1660 Et
527 1612 811 1667 sustinuisti,
849 1622 899 1660 et
932 1611 1237 1660 tolerantiam
1274 1611 1442 1667 habes,
1475 1621 1526 1659 et
1560 1620 1763 1675 propter

266 1707 449 1739 nomen
476 1708 639 1738 meum
664 1689 905 1743 laborasti,
931 1699 980 1736 et
1004 1705 1105 1736 non
1130 1687 1361 1736 defecisti,

333 1782 378 1828 4.
429 1767 531 1815 Sed
568 1767 727 1814 habeo
765 1755 998 1814 adversus
1035 1775 1099 1819 te,
1136 1765 1271 1828 quod
1308 1764 1590 1813 charitatem
1626 1773 1761 1812 tuam

267 1844 474 1907 primam
499 1842 764 1906 reliqueris.
936 1904 943 1912 .

336 1922 378 1968 5.
429 1920 626 1968 Memor
655 1930 763 1968 esto
796 1919 960 1983 itaque
993 1918 1124 1967 unde
1154 1918 1404 1971 excideris,
1434 1928 1484 1966 et
1515 1918 1760 1981 resipisce,

266 2008 316 2045 et
339 1997 494 2060 prima
519 2014 669 2059 opera
693 1996 790 2051 sac;
828 1996 902 2043 sin
928 1996 1103 2050 minus,
1124 1995 1317 2044 veniam
1341 1995 1427 2043 tibi
1452 1995 1560 2050 cito,
1581 2004 1632 2043 et
1655 2011 1759 2042 mo-

266 2074 395 2121 vebo
415 2072 761 2120 candelabrum
786 2082 924 2120 tuum
948 2068 1143 2120 de‘loco
1167 2089 1272 2126 suo,
1296 2072 1336 2119 si
1361 2088 1458 2119 non
1485 2070 1760 2135 resipueris.

335 2153 379 2197 6.
429 2149 530 2197 Sed
559 2149 651 2197 hoc
679 2149 845 2204 habes,
876 2149 1009 2212 quod
1038 2148 1183 2197 odisti
1213 2165 1365 2212 opera
1394 2147 1761 2204 Nicolaitarum,

267 2243 394 2290 quae
419 2236 469 2273 et
494 2226 605 2290 Ego
630 2225 727 2273 odi.

336 2314 379 2362 7.
429 2303 636 2350 Habens
655 2319 824 2350 aurem
843 2302 1006 2372 audiat
1024 2302 1141 2365 quid
1167 2301 1373 2365 Spiritus
1392 2302 1505 2349 dicit
1523 2301 1760 2350 ecclesiis:

267 2379 482 2427 vincenti
507 2378 637 2426 dabo
663 2377 725 2426 illi
751 2378 897 2427 edere
922 2378 985 2426 de
1010 2378 1186 2426 arbore
1206 2378 1350 2433 vitae,
1371 2395 1497 2442 quae
1522 2378 1571 2426 in
1596 2378 1760 2427 medio

267 2455 478 2519 paradisi
505 2455 614 2504 Dei.

267 1077 649 1261 AEGELO
677 1076 955 1140 Ephesinae
980 1074 1229 1124 Ecclesiae
1253 1075 1439 1124 scribe:
1479 1074 1623 1124 Haec
1648 1074 1763 1123 dicit

337 2634 382 2680 8.
431 2632 494 2679 Et
512 2631 710 2696 Angelo
731 2631 979 2680 Ecclesiae
1001 2632 1382 2695 Smyrnaeorum
1399 2632 1583 2680 scribe:
1620 2632 1763 2680 Haec

269 2708 384 2756 dicit
409 2708 594 2756 Primus
619 2719 668 2756 et
694 2708 920 2764 Ultimus,
947 2709 1028 2772 qui
1053 2709 1138 2756 suit
1162 2719 1382 2757 mortuus
1407 2719 1458 2757 et
1481 2709 1612 2757 vivit.

339 2799 384 2843 9.
434 2784 567 2832 Novi
594 2795 680 2832 tua
704 2802 870 2848 opera,
896 2795 947 2833 et
974 2783 1305 2840 afflictionem,
1331 2796 1381 2833 et
1408 2795 1760 2850 paupertatem,

269 2859 441 2908 ffidives
465 2860 555 2908 sed
579 2877 647 2915 es,
673 2871 723 2908 et
750 2860 1099 2924 blasphemiam
1124 2861 1386 2909 dicentium
1407 2862 1621 2926 Judaeos
1650 2876 1760 2911 esse

270 2952 323 2983 se
362 2946 412 2984 et
435 2953 532 2984 non
558 2948 684 2992 sunt,
710 2938 798 2986 sed
822 2956 1080 3003 synagoga
1103 2950 1314 2988 satanae.
