2060 3476
696 350 803 383 cAP.
827 351 894 391 11.,
918 351 1056 383 VERs.
1084 351 1254 394 14.-—N.
1284 353 1372 394 140.
1702 350 1781 395 177

285 469 388 505 atur
409 464 549 505 etiam
571 477 718 518 supra,
738 477 780 505 n.
805 461 992 517 131[a]).
1045 462 1157 504 Inde
1180 476 1260 516 per
1277 462 1397 516 quod
1423 463 1589 504 “asina
1609 468 1679 504 ter
1701 454 1780 504 de‘-

284 526 462 568 flexerit
489 541 514 568 e
539 526 650 576 via‚”
675 525 955 580 significatur
979 526 1100 580 quod
1126 524 1387 567 intellectus
1413 525 1666 567 illustratus
1689 539 1781 567 non

285 590 585 631 concordaret
617 602 719 630 cum
755 590 1038 642 cogitatione
1075 589 1450 642 praestigiatoris,
1483 588 1605 648 quod
1641 589 1781 630 etiam

284 653 556 707 intelligitur
581 666 660 707 per
684 653 805 706 quod
831 651 1021 706 angelus
1048 652 1165 693 dixit
1192 652 1250 692 ad
1279 651 1545 701 Bileamum,

354 754 376 766 “
390 752 565 837 Ece1e1eg3>
582 752 676 784 exivi
693 752 729 784 in
746 751 948 789 adversum,
968 751 1051 793 quia
1067 751 1162 783 mala
1178 757 1233 783 est
1245 751 1304 783 via
1317 760 1438 782 coram
1455 761 1513 783 me
1523 750 1542 763 ”
1555 749 1680 791 (Num.
1694 751 1782 786 xxii.

474 799 483 815 ¹
499 805 540 836 32
569 806 576 836 ;

285 899 365 939 per
393 885 549 926 “viam
562 884 581 900 ’'
607 886 651 926 in
684 898 818 926 sensu
849 883 1070 938 spirituali
1101 884 1243 925 Verbi
1275 883 1554 937 significatur
1584 883 1629 924 id
1661 884 1781 938 quod

285 946 425 987 homo
455 961 515 987 eX
545 947 804 987 intentione
835 947 1014 999 cogitat
1046 956 1205 995 (videatur
1218 957 1251 985 in
1266 965 1362 994 opere
1382 957 1433 985 De
1451 956 1541 985 Caelo
1555 959 1586 985 et
1599 956 1735 995 Infirno.
1750 965 1782 986 n.

283 1026 354 1055 479,
369 1024 438 1055 534,
454 1025 530 1054 590:
551 1017 629 1046 etin
644 1017 800 1055 opusculo
815 1017 866 1046 De
885 1017 1001 1046 Ultimo
1016 1016 1158 1057 Judicio,
1174 1026 1205 1046 n.
1221 1017 1274 1055 48)
1293 1020 1302 1057 ;
1333 1005 1455 1060 quod
1481 1005 1700 1046 detentus
1721 1005 1780 1046 Sit

285 1082 311 1109 a
336 1069 619 1122 cogitatione
644 1075 691 1109 et
714 1061 969 1109 intentione
995 1068 1252 1121 praestigiis
1279 1067 1437 1108 utendi
1463 1081 1542 1121 per
1568 1068 1780 1109 timorem

285 1133 458 1180 mortis,
486 1137 616 1184 patet
642 1131 700 1172 ab
725 1131 878 1184 angeli
904 1129 1035 1172 dictis
1061 1131 1118 1172 ad
1145 1131 1286 1180 illum,

353 1229 471 1314 “Nisi(
491 1230 594 1262 asina
616 1230 832 1314 declinasset
855 1240 976 1262 coram
1002 1240 1072 1268 me,
1092 1231 1213 1271 utique
1237 1230 1346 1262 etiam
1365 1239 1460 1261 nunc
1483 1235 1518 1262 te
1542 1229 1752 1262 occidissem
1763 1228 1782 1241 ''

472 1275 583 1306 Num.
597 1274 681 1306 xxii.
698 1282 738 1313 33
756 1299 763 1306 .
829 1280 833 1283 ⁴

284 1368 508 1410 Auditum
539 1383 566 1410 a
597 1368 802 1410 Bileamo
834 1369 949 1410 sicut
981 1369 1108 1410 asina
1140 1368 1294 1410 locuta
1325 1369 1383 1410 sit
1415 1368 1474 1410 ad
1505 1367 1658 1418 illum;
1701 1367 1782 1408 sed

284 1445 424 1486 usque
451 1445 542 1473 non
573 1431 651 1473 illa
682 1431 838 1473 locuta
869 1438 954 1481 est,
983 1445 1138 1473 verum
1170 1432 1326 1473 audita
1356 1438 1427 1472 est
1460 1430 1641 1485 loquela
1666 1431 1781 1471 sicut

283 1496 341 1536 ab
366 1495 468 1537 illa:
502 1496 622 1550 quod
648 1497 713 1537 ita
739 1497 812 1545 sit,
836 1510 915 1550 per
935 1497 1085 1537 vivam
1111 1497 1443 1550 experientiam
1469 1495 1578 1536 mihi
1604 1495 1782 1549 saepius

284 1566 519 1601 ostensum
556 1566 653 1611 est;
698 1560 856 1601 datum
893 1566 964 1601 est
1001 1560 1155 1601 audire
1192 1574 1332 1613 equos
1370 1560 1486 1600 sicut
1524 1558 1779 1613 loquentes,

284 1623 404 1677 quod
430 1629 586 1664 tamen
612 1636 703 1664 non
729 1629 826 1664 erat
853 1623 911 1664 ab
936 1623 1024 1664 illis
1051 1623 1130 1664 sed
1158 1624 1273 1664 sicut
1297 1623 1354 1664 ab
1380 1622 1494 1663 illis:
1529 1635 1631 1663 curn
1659 1621 1781 1662 Bile-

284 1699 389 1726 amo
414 1684 653 1727 actualiter
677 1686 742 1727 ita
766 1684 933 1727 factum
959 1692 1045 1735 est,
1074 1686 1133 1727 ob
1160 1691 1344 1727 causam
1370 1692 1420 1727 ut
1449 1686 1782 1727 describeretur

284 1748 474 1789 historia
495 1748 572 1789 illa
594 1750 638 1789 in
662 1749 818 1790 Verbo
842 1755 1028 1803 propter
1050 1762 1232 1790 sensum
1254 1749 1482 1790 internum
1506 1749 1550 1789 in
1577 1748 1779 1802 singulis,

284 1813 328 1852 in
360 1826 448 1866 quo
480 1812 748 1853 describitur
774 1812 1004 1866 quomodo
1037 1812 1260 1853 Dominus
1291 1818 1469 1853 tutatur
1499 1811 1602 1853 illos
1633 1812 1707 1866 qui
1738 1812 1782 1852 in

284 1876 400 1916 vetis
427 1881 473 1916 et
505 1875 636 1916 bonis
663 1882 784 1924 sunt,
814 1890 870 1917 ne
903 1875 1144 1917 laedantur
1175 1890 1201 1917 a
1233 1875 1401 1916 talibus
1433 1876 1507 1929 qui
1539 1875 1784 1929 loquuntur

284 1939 410 1992 quasi
442 1953 501 1979 ex
538 1938 858 1988 illustratione,
892 1945 939 1980 et
971 1946 1128 1980 tamen
1160 1940 1360 1980 animum
1393 1945 1440 1980 et
1477 1939 1781 1980 intentionem

285 2002 531 2043 seducendi
562 2009 741 2055 gerunt.
823 2002 911 2055 Qui
948 2003 1093 2044 credit
1130 2003 1251 2056 quod
1289 2002 1518 2044 Bileamus
1555 2002 1784 2055 potuisset

285 2065 465 2106 laedere
487 2065 602 2106 filios
627 2066 806 2106 Israelis
830 2080 909 2119 per
927 2067 1211 2120 praestigias,
1232 2066 1426 2107 multum
1448 2064 1642 2115 fallitur;
1676 2077 1782 2104 nam

284 2129 559 2183 praestigiae
591 2129 701 2170 nihil
739 2130 981 2183 quicquam
1012 2129 1263 2171 valuissent
1296 2135 1457 2170 contra
1487 2128 1590 2169 illos
1608 2142 1618 2180 ;
1660 2128 1782 2182 quod

285 2192 423 2233 etiam
455 2193 550 2246 ipse
577 2192 805 2233 Bileamus
830 2193 1012 2243 fatetur,
1040 2193 1250 2242 dicendo,

354 2292 377 2305 “
389 2290 581 2375 Norzlealet
594 2292 770 2376 divi-nath}
783 2298 909 2324 contra
924 2292 1110 2334 Jacobum,
1126 2301 1192 2324 nec
1208 2292 1423 2333 praestigiae
1440 2297 1565 2323 contra
1581 2290 1753 2323 Israelem
1763 2289 1783 2303 ”

514 2346 586 2367 um.
602 2345 699 2368 xxm.
715 2344 756 2375 23
774 2361 781 2368 .

287 2428 421 2484 Quod
454 2429 684 2471 Bileamus
721 2430 938 2472 seducere
974 2432 1200 2484 potuisset
1238 2430 1364 2471 illum
1401 2429 1618 2484 populum
1655 2429 1778 2479 dolo,

286 2499 384 2534 erat
425 2507 562 2534 causa
598 2495 701 2547 quia
736 2494 928 2548 populus
969 2494 1045 2535 ille
1082 2494 1187 2535 talis
1223 2494 1304 2535 fuit
1342 2494 1505 2545 corde;
1556 2494 1780 2547 Jehovam

286 2557 424 2597 modo
451 2570 528 2597 ore
560 2557 776 2598 colebant
809 2558 889 2598 sed
922 2557 1221 2611 Baalpeorem
1254 2558 1416 2609 corde;
1449 2564 1497 2599 et
1529 2558 1632 2611 quia
1663 2556 1781 2598 tales

286 2626 430 2669 erant,
458 2620 561 2660 ideo
593 2619 679 2661 hoc
713 2621 981 2674 permissum
1013 2621 1108 2661 suit.
1170 2620 1412 2662 Praeterea
1443 2620 1677 2661 sciendum
1709 2626 1780 2661 est

285 2683 406 2737 quod
431 2682 570 2723 homo
593 2684 737 2736 possit
763 2684 808 2724 in
838 2683 1142 2725 illustratione
1168 2698 1267 2725 esse
1298 2684 1448 2738 quoad
1479 2681 1778 2731 intellectum,

285 2747 470 2788 tametsi
500 2747 545 2787 in
578 2746 699 2787 malo
725 2753 795 2788 est
826 2747 975 2800 quoad
1001 2747 1316 2798 voluntatem;
1348 2747 1541 2789 facultas
1564 2748 1683 2788 enim
1710 2748 1778 2787 in-

285 2808 559 2851 tellectualis
582 2815 793 2863 separata
815 2816 886 2851 est
912 2824 938 2851 a
958 2810 1179 2852 facultate
1201 2810 1457 2852 voluntaria
1479 2810 1598 2864 apud
1620 2823 1779 2851 omnes

284 2873 358 2926 qui
380 2886 471 2913 non
493 2873 748 2925 regenerati
770 2879 890 2922 sunt,
914 2879 962 2914 at
985 2873 1130 2914 solum
1153 2873 1273 2928 apud
1294 2873 1397 2915 illos
1419 2874 1493 2927 qui
1519 2874 1777 2926 regenerati

284 2941 390 2976 sunt
416 2942 553 2976 unum
584 2941 753 2988 agunt:
787 2934 1047 2977 intellectus
1073 2938 1193 2978 enim
1225 2943 1296 2978 est
1327 2938 1456 2986 scire,
1482 2938 1701 2989 cogitare,
1730 2942 1777 2977 et

285 2997 407 3053 loqui
432 3012 539 3040 vera
554 3013 564 3050 ς
597 2998 846 3040 voluntatis
873 3006 1026 3041 autem
1058 3006 1128 3042 est
1155 3000 1273 3042 velle
1304 3000 1381 3041 illa
1407 3014 1521 3054 quae
1544 2999 1775 3052 intelligit,
