2060 3476
605 363 712 397 CAP.
738 363 823 404 111.‚
846 339 986 394 VERs.
1013 360 1184 393 12.—-N.
1207 349 1374 404 222[b].
1662 359 1744 402 329

248 483 321 520 tus
346 477 566 520 ecclesiae
591 483 714 526 tunc,
738 476 803 518 ita
823 474 966 531 qualis
991 480 1090 516 erat
1111 473 1206 515 vita
1232 484 1387 514 eorum
1410 471 1484 525 qui
1509 470 1567 511 ab
1592 469 1741 511 eccle-

247 542 338 593 sia;
370 555 506 595 quare
528 539 672 582 simile
698 553 778 593 per
801 537 1052 579 “volumen
1075 537 1174 578 libri
1184 536 1204 552 ”
1226 535 1297 577 hic
1321 533 1600 588 significatur
1621 532 1743 587 quod

248 619 328 659 per
343 604 544 645 “librum
560 604 682 645 vitae
692 602 712 618 ”
729 615 862 656 supra
878 615 888 653 ;
920 607 968 642 et
990 601 1093 654 quia
1109 601 1204 641 vita
1225 598 1404 640 illorum
1421 597 1592 651 absque
1612 596 1744 637 bonis

249 669 415 709 amoris
437 674 484 709 et
508 667 625 708 veris
655 665 759 707 fidei
789 665 885 715 fuit,
912 665 1074 706 dicitur
1099 663 1219 718 quod
1248 663 1503 716 “scriptum
1530 674 1663 714 super
1689 674 1744 701 eo

249 738 405 773 essent
431 730 798 778 lamentationes,
826 728 1025 782 gemitus
1051 733 1098 769 et
1124 724 1368 781 plan&us.‘’
1429 724 1565 778 Quod
1591 723 1693 766 Lex

316 828 493 868 Inscripta
515 827 621 859 fuerit
643 826 773 858 tabulis
795 825 956 866 lapideis,
983 830 1019 857 et
1042 824 1174 865 scripta
1195 823 1309 864 digito
1335 822 1402 854 Dei
1425 821 1552 863 (Exod.
1568 821 1664 853 xxxi.
1684 821 1744 852 18:

422 872 528 904 Deut.
544 871 590 903 iv.
609 879 669 910 13;
694 879 770 911 cap.
786 869 834 902 ix.
853 869 918 910 10),

249 957 540 1012 significabat
561 958 684 1012 quod
705 957 830 998 vitae
853 954 1158 1009 imprimenda
1179 959 1362 1004 (11.9416);
1393 966 1474 1006 per
1497 950 1746 1004 “Legem''

249 1020 370 1060 enim
392 1019 438 1059 in
459 1017 620 1059 εῒῐὶἇὶο
641 1031 778 1058 sensu
798 1015 1120 1068 intelliguntur
1137 1014 1299 1055 decem
1320 1017 1572 1066 praecepta
1593 1011 1746 1051 Deca-

251 1076 360 1132 logi,
387 1084 436 1119 at
463 1078 508 1118 in
539 1077 637 1118 lato
662 1089 799 1117 sensu
824 1081 976 1116 totum
1001 1074 1208 1115 Verbum
1232 1080 1557 1122 (n.6752‚[117463);
1588 1076 1655 1133 et'
1666 1083 1748 1124 per

252 1137 524 1193 “lapidem'’
549 1137 833 1191 significatur
858 1135 1047 1184 Verum,
1073 1134 1135 1175 ibi
1165 1133 1383 1174 Divinum
1407 1131 1583 1173 Verum
1612 1141 1659 1180 (n.
1677 1141 1748 1178 643,

250 1212 340 1248 1298,
354 1218 444 1248 3720,
460 1209 550 1247 6426,
566 1209 655 1246 3609,
673 1207 800 1246 10376).
858 1195 1016 1237 Simile
1042 1193 1324 1248 significatur
1348 1206 1429 1246 per

314 1296 419 1338 Quod
433 1304 540 1336 super
551 1293 738 1326 duodecim
754 1292 931 1333 lapidibus
944 1290 1142 1331 desumptis
1156 1300 1200 1321 ex
1212 1277 1370 1331 jordane
1387 1287 1628 1319 scriberentur
1640 1286 1751 1318 verba

424 1339 530 1380 Legis
547 1337 684 1379 (Deutr.
700 1336 810 1368 xxvii.
827 1344 902 1375 2-4,
919 1335 938 1367 8
952 1345 959 1374 ;
987 1336 1064 1377 Jos.
1080 1334 1126 1366 iv.
1143 1342 1174 1373 3,
1191 1332 1292 1374 seq.).

250 1422 390 1478 Apud
414 1420 701 1470 Ezechielem,

318 1499 419 1531 “Fili
442 1498 610 1536 hominis,
630 1507 731 1530 sume
754 1492 981 1537 tibi'lignum
1006 1503 1128 1532 unum,
1148 1499 1183 1525 et
1207 1492 1321 1525 scribe
1345 1501 1453 1532 super
1470 1491 1568 1528 illud,
1588 1490 1750 1533 Jehudae

423 1549 459 1575 et
475 1542 557 1574 filiis
581 1541 724 1574 Israelis
741 1547 776 1572 et
792 1540 898 1572 sociis
913 1549 920 1576 ;
944 1545 980 1570 et
996 1548 1097 1570 sume
1121 1537 1258 1578 lignum
1275 1536 1437 1573 alterum,
1457 1541 1493 1566 et
1509 1534 1624 1566 scribe
1641 1543 1750 1574 super

423 1586 522 1625 illud,
540 1585 711 1628 Josepho,
731 1585 868 1625 lignum
895 1582 1089 1624 Ephraimi,
1109 1587 1145 1613 et
1161 1581 1279 1612 omnis
1295 1580 1423 1611 domus
1446 1578 1590 1610 Israelis
1607 1584 1642 1609 et
1659 1577 1750 1609 soci-

425 1639 527 1662 orum
544 1629 641 1670 ejus:
666 1634 793 1670 postea
809 1626 988 1667 conjunge
1011 1627 1073 1658 illa
1094 1635 1206 1657 unum
1223 1634 1302 1655 cum
1323 1624 1436 1655 altero
1461 1622 1525 1654 tibi
1549 1622 1585 1653 in
1611 1622 1748 1662 lignum

424 1683 547 1712 unum,
566 1679 606 1705 ut
621 1673 694 1704 sint
708 1681 819 1704 unum
837 1672 943 1703 ambo
960 1671 997 1702 in
1014 1679 1124 1701 manu
1141 1666 1289 1701 [²]mea''
1307 1668 1455 1710 (xxxvii.
1477 1668 1528 1706 16,
1545 1666 1598 1708 17)
1613 1678 1620 1700 :

251 1769 356 1824 quid
387 1769 502 1810 haec
529 1767 788 1822 significant
814 1780 949 1808 nemo
975 1765 1097 1823 scire.
1120 1769 1290 1818 potest,
1318 1763 1402 1803 nisi
1427 1762 1501 1816 qui
1530 1761 1616 1802 scit
1643 1760 1749 1814 quid

250 1838 646 1887 repraesentatum
677 1837 748 1872 est
779 1844 859 1885 per
884 1829 1123 1883 Jehudam,
1151 1834 1198 1868 et
1230 1826 1336 1880 quid
1368 1839 1447 1879 per
1471 1823 1747 1878 Josephum;

250 1911 329 1951 per
348 1896 573 1950 Jehudam
595 1899 988 1948 repraesentatum
1011 1898 1082 1933 est
1107 1903 1298 1944 regnum
1321 1889 1523 1930 caeleste
1547 1887 1747 1931 Domini,

252 1967 298 2001 et
321 1974 399 2014 per
413 1958 663 2013 Josephum
680 1970 871 2011 regnum
890 1954 1122 2010 spirituale
1147 1954 1291 2008 Ipsius
1308 1967 1318 2004 ;
1351 1959 1398 1993 et
1417 1966 1496 2005 per
1512 1954 1538 1971 “
1552 1950 1748 1991 scribere

252 2023 355 2065 illos
386 2037 519 2076 super
548 2022 655 2063 bina
686 2020 848 2074 ligna,'‘
881 2018 1159 2072 significatur
1190 2023 1339 2058 status
1370 2015 1536 2056 amoris
1567 2020 1614 2055 et
1645 2013 1750 2054 inde

254 2087 376 2127 vitae
400 2086 655 2139 utriusque3
689 2076 947 2136 conjunctio
969 2095 1124 2123 eorum
1151 2082 1194 2121 in
1218 2093 1354 2120 unum
1378 2078 1554 2119 caelum
1578 2075 1749 2130 signifi-

253 2155 381 2191 catur
412 2162 492 2203 per
523 2148 645 2203 quod
679 2147 1015 2200 “conjungeret
1046 2157 1181 2185 unum
1221 2156 1323 2184 cum
1355 2142 1502 2183 altero
1534 2142 1578 2181 in
1612 2153 1749 2181 unum

251 2211 440 2265 lignum,
474 2216 524 2252 ut
555 2210 648 2251 sint
680 2222 818 2250 unum
849 2208 986 2249 ambo
1017 2208 1062 2248 in
1094 2220 1230 2247 manu
1257 2204 1432 2247 [²¹mea.’'
1492 2204 1648 2246 Simile
1679 2217 1759 2258 per

254 2274 333 2315 illa
359 2273 640 2328 significatur
665 2272 786 2327 quod
812 2285 891 2326 per
917 2271 1101 2312 Domini
1126 2270 1278 2318 verba,

323 2372 346 2385 ‘¹
356 2370 458 2402 Alias
471 2370 579 2402 etiam
593 2379 680 2402 oves
695 2369 824 2407 habeo,
841 2378 931 2409 quae
945 2377 1018 2399 non
1032 2373 1116 2399 sunt
1132 2377 1178 2398 ex
1192 2367 1260 2398 hoc
1274 2366 1360 2398 ovili
1373 2376 1380 2404 ς
1401 2366 1481 2398 illas
1493 2375 1635 2407 quoque
1648 2374 1756 2405 opor-

428 2420 479 2446 tet
497 2414 558 2446 Me
570 2413 746 2446 adducere
749 2437 843 2451 .....
850 2418 887 2444 et
903 2412 963 2444 fiet
975 2421 1067 2443 unus
1083 2421 1171 2452 grex
1184 2417 1220 2443 et
1235 2420 1328 2442 unus
1347 2411 1475 2442 Pastor
1486 2409 1619 2452 ''(Jol1.
1634 2419 1668 2442 x.
1686 2408 1753 2448 16).

257 2504 391 2557 Quod
417 2504 635 2557 scriptum
660 2503 791 2544 fuerit
816 2506 988 2556 “super
1017 2500 1230 2555 lignum‚”
1256 2506 1354 2541 erat
1380 2500 1483 2553 quia
1510 2499 1721 2552 “lignum
1734 2498 1753 2513 ”

256 2565 486 2618 significat
516 2565 702 2613 bonum,
734 2571 780 2605 et
810 2564 982 2605 bonum
1013 2569 1085 2603 est
1115 2562 1237 2616 quod
1268 2561 1522 2614 conjungit.
1581 2571 1660 2608 (Sed
1674 2571 1754 2599 haec

255 2625 368 2654 melius
381 2625 536 2662 patebunt
550 2633 590 2653 ex
604 2624 664 2653 illis
678 2632 761 2661 quae
774 2623 808 2652 in
821 2623 962 2652 Arcanis
977 2622 1166 2651 Caelestibus
1180 2626 1307 2650 ostensa
1319 2625 1409 2649 sunt:
1432 2628 1557 2657 nempe,
1572 2619 1671 2656 Quod
1685 2627 1754 2656 reg-

255 2678 334 2699 num
345 2669 505 2707 spirituale
516 2673 590 2698 ante
601 2669 774 2698 adventum
790 2668 920 2697 Domini
935 2676 1001 2696 non
1015 2667 1108 2696 fuerit
1120 2666 1202 2695 sicut
1216 2670 1288 2703 post
1302 2666 1475 2694 adventum
1492 2665 1605 2702 Ipsius,
1619 2673 1650 2693 n.
1662 2664 1752 2700 6372.

255 2717 351 2752 8054:
374 2715 463 2751 quod
477 2713 520 2742 illi
534 2713 704 2751 praecipue
715 2713 824 2742 salvati
835 2713 897 2741 sint
910 2722 967 2750 per
978 2713 1150 2741 adventum
1163 2711 1294 2740 Domini
1309 2711 1342 2739 in
1354 2711 1522 2744 mundum,
1535 2714 1566 2738 et
1577 2710 1666 2746 quod
1677 2714 1755 2737 tunc

254 2759 417 2797 conjuncfti
439 2759 498 2787 illis
512 2758 566 2795 qui
588 2767 606 2787 e
621 2758 746 2787 caelesti
767 2766 866 2795 regno
888 2757 1019 2787 Domini
1041 2757 1177 2791 fuerunt,
1193 2756 1226 2785 in
1244 2764 1344 2784 unum
1360 2755 1494 2789 caelum,
1510 2764 1541 2783 n.
1558 2755 1647 2788 2661,
1664 2753 1754 2789 2716,

255 2806 346 2842 2833,
362 2806 451 2841 2834,
467 2804 557 2841 3969,
572 2803 663 2840 6854,
678 2803 768 2840 6914,
783 2809 873 2840 7035,
887 2811 978 2840 7091,
993 2803 1083 2838 7828,
1098 2810 1188 2838 7932.
1205 2803 1294 2834 8018,
1311 2802 1399 2837 8159,
1416 2801 1504 2837 8321,
1523 2799 1613 2837 9684.
1657 2799 1755 2835 Quod

255 2850 321 2878 duo
334 2850 448 2886 Regna
458 2849 530 2883 sint,
542 2848 677 2877 caeleste
691 2852 723 2876 et
737 2847 913 2885 spirituale;
936 2851 967 2875 et
978 2847 1066 2884 quod
1081 2851 1143 2875 tres
1154 2846 1243 2876 Caeli
1254 2845 1326 2879 sint,
1342 2849 1373 2874 et
1383 2845 1473 2881 quod
1487 2845 1530 2872 illi
1546 2843 1708 2881 conjunoti
1723 2843 1754 2871 in

254 2903 357 2923 unum
372 2894 506 2927 caelum,
522 2893 667 2922 videatur
679 2892 712 2921 in
727 2901 824 2930 opere
838 2892 890 2921 De
907 2892 1000 2921 Caelo
1014 2891 1197 2929 etlnserno,
1209 2899 1240 2920 n.
1257 2891 1367 2924 20-28,
1380 2894 1411 2918 et
1426 2898 1535 2926 29-40.
1579 2889 1678 2925 Quod
1699 2896 1756 2925 per

256 2937 471 2978 “Jehudam’'
488 2938 521 2966 in
541 2946 637 2966 sensu
657 2937 923 2975 repraesentativo
943 2936 1136 2974 significetur
1150 2944 1284 2973 regnum
1304 2935 1439 2964 caeleste
1462 2933 1602 2967 Domini,
1618 2942 1648 2962 n.
1664 2933 1754 2970 3654,

255 2985 345 3021 3881,
361 2986 451 3020 5583,
466 2983 556 3020 5603,
572 2984 662 3019 5782,
677 2982 773 3019 6363:
796 2982 885 3018 quod
905 2990 963 3019 per
978 2980 1210 3020 “Josephum'’
1227 2988 1361 3017 regnum
1381 2979 1542 3016 spirituale
1564 2977 1707 3011 Domini,
1722 2986 1754 3007 n.

255 3025 345 3066 3969,
361 3036 451 3066 3971,
466 3028 556 3066 4669,
571 3027 667 3065 6417;
697 3027 786 3065 quod
805 3035 864 3065 per
885 3029 901 3040 ¹⁴
914 3026 1092 3064 Ephraim¹¹
1116 3025 1329 3055 intenedmale
1350 3024 1500 3054 ecclesiae
1521 3022 1699 3061 spiritualis,
1722 3030 1754 3052 n.
