2060 3476
331 360 412 414 566
742 369 1074 404 APOCALvrffls
1105 371 1404 405 EmecATA.

406 491 529 535 322.
571 487 594 505 ‘¹
609 481 791 527 Gnatum·
820 481 1015 523 Animalia
1053 487 1097 524 et
1134 482 1272 537 viginti
1301 486 1477 536 quatuor·
1507 483 1694 523 seniores
1721 495 1819 535 pro-

328 540 518 581 cidat-unt
543 553 683 581 comm
710 541 1054 594 Aqn0.''—Quod
1084 541 1307 595 significet
1338 541 1612 594 agnitionem
1640 548 1683 582 et
1715 541 1819 582 inde

322 601 689 656 glorificationem
705 601 889 643 Domini
905 602 961 643 ab
975 602 1145 656 angelis
1162 602 1439 655 superiorum
1455 601 1686 650 caelorum,
1705 615 1816 643 con-

327 670 422 705 stat
449 678 507 705 ex
535 663 865 717 significatione
890 667 1120 718 “quatuor
1142 664 1422 706 Animalium
1448 670 1495 715 et
1519 665 1681 717 viginti
1707 678 1816 718 qua-

328 732 431 767 tuor
447 726 713 775 seniorum,”
731 727 851 780 quod
869 727 959 768 sint
981 727 1025 767 in
1042 740 1211 780 genere
1230 733 1379 768 toturn
1398 726 1588 775 caelum,
1608 726 1651 768 in
1667 727 1816 780 specie

328 795 482 829 autem
518 789 663 830 intimi
704 789 832 838 caeli,
864 789 1051 843 proinde
1087 789 1238 842 angeli
1276 789 1551 843 superiorum
1589 788 1814 830 caelorum

331 849 407 904 (de
438 865 527 904 qua
553 865 700 906 supra,
729 865 770 892 n.
801 850 1003 905 313[a]);
1036 851 1107 892 hic
1135 852 1179 891 in
1206 852 1355 904 specie
1381 851 1557 893 illorum
1589 850 1816 892 caelorum

328 912 494 967 angeli,
518 914 621 967 quia
643 914 686 954 in
709 913 1000 967 sequentibus
1022 912 1072 954 fit
1099 912 1368 967 glorificatio
1390 913 1447 954 ab
1472 913 1647 967 angelis
1670 914 1816 954 inferi-

329 988 455 1016 orum
487 975 740 1016 caelorum:
774 981 821 1016 et
853 989 912 1016 ex
944 975 1275 1028 significatione
1304 976 1632 1030 “prociderunt
1664 989 1816 1017 coram

329 1037 509 1091 Agno,”
526 1038 646 1092 quod
664 1039 722 1078 sit
740 1038 915 1091 agnitio
933 1051 992 1079 ex
1011 1037 1167 1078 humili
1185 1038 1320 1079 corde
1338 1052 1347 1089 ;
1370 1038 1490 1092 quod
1513 1042 1538 1059 ‘⁴
1552 1038 1785 1092 procidere
1799 1038 1818 1053 ”

328 1099 553 1154 significet
568 1099 941 1148 humiliationem,
958 1095 1129 1142 et'tunc
1148 1101 1456 1154 receptionem
1471 1106 1518 1142 et
1536 1101 1817 1154 agnitionem

329 1163 480 1209 corde,
513 1163 718 1203 videatur
744 1176 877 1216 supra
911 1161 973 1216 (n.
1006 1162 1137 1216 290);
1178 1163 1298 1216 quod
1329 1163 1612 1216 intelligatur
1643 1164 1818 1216 agnitio

330 1225 480 1265 Divini
505 1224 702 1265 Humani
726 1225 922 1274 Domini,
947 1231 1091 1278 patet,
1111 1238 1215 1266 nam
1238 1225 1281 1266 id
1304 1239 1382 1278 per
1407 1224 1655 1278 “Agnum”
1678 1226 1817 1278 signi-

328 1286 488 1328 ficatur
512 1286 739 1341 (videatur
765 1301 911 1341 supra,
936 1300 978 1328 n.
1002 1285 1154 1341 [¹¹314).
1201 1287 1358 1329 Paucis
1380 1287 1518 1328 etiam
1545 1287 1616 1328 hic
1644 1287 1818 1328 dicetur

329 1350 510 1403 quinam
547 1355 652 1391 sunt
689 1349 803 1391 caeli
835 1350 1086 1403 superiores
1127 1356 1174 1391 et
1210 1351 1392 1404 quinam
1424 1349 1538 1391 caeli
1573 1349 1818 1391 inferiores.

329 1411 445 1453 Sunt
468 1412 581 1453 caeli
605 1418 724 1462 tres;
749 1413 932 1453 tertium
956 1426 1034 1453 seu
1051 1413 1259 1453 intimum
1279 1412 1455 1454 caelum
1478 1419 1548 1453 est
1571 1413 1643 1453 ubi
1666 1412 1819 1465 angeli

329 1475 404 1529 qui
429 1475 473 1516 in
500 1474 687 1516 caelesti
713 1488 867 1516 amore
893 1480 1013 1524 sunt,
1042 1475 1289 1522 secundum
1316 1489 1393 1516 seu
1420 1475 1616 1516 medium
1643 1474 1818 1516 caelum

330 1544 401 1579 est
425 1538 497 1578 ubi
519 1538 670 1590 angeli
693 1538 766 1591 qui
791 1538 835 1578 in
859 1536 1077 1590 spirituali
1100 1550 1267 1585 amore,
1293 1538 1483 1590 primum
1507 1551 1584 1578 seu
1610 1536 1818 1578 ultimum
1851 1545 1852 1548 ’

331 1600 507 1642 caelum
544 1606 614 1641 est
651 1600 724 1640 ubi
761 1599 912 1653 angeli
957 1600 1031 1654 qui
1076 1600 1119 1640 in
1166 1599 1384 1653 spirituali
1422 1599 1614 1640 naturali
1650 1612 1817 1640 amore.

329 1662 535 1703 Tertium
559 1676 636 1703 seu
658 1662 864 1703 intimum
889 1661 1065 1702 caelum
1089 1661 1377 1714 conjungitur
1394 1674 1495 1702 cum
1518 1661 1718 1702 secundo
1741 1675 1818 1702 seu

330 1725 480 1766 medio
511 1738 590 1778 per
620 1723 811 1777 angelos
842 1723 1153 1773 intermedios,
1181 1724 1255 1778 qui
1286 1730 1508 1766 vocantur
1538 1723 1689 1777 angeli
1716 1737 1818 1770 cae-

329 1787 469 1828 lestes
509 1785 764 1840 spirituales
805 1792 851 1827 et
898 1785 1151 1839 spirituales
1197 1785 1447 1836 caelestes;
1499 1785 1545 1826 hi
1585 1798 1673 1826 una
1717 1798 1818 1826 cum

328 1849 503 1902 angelis
526 1850 647 1890 tertii
670 1862 747 1890 seu
769 1848 914 1890 intimi
937 1847 1050 1889 caeli
1068 1848 1352 1889 constituunt
1371 1848 1621 1902 superiores
1640 1847 1816 1897 caelos;

329 1918 376 1953 at
409 1911 563 1965 reliqui
605 1912 648 1952 in
681 1910 881 1952 secundo
913 1924 990 1951 seu
1022 1910 1172 1951 medio
1205 1909 1334 1951 caelo
1366 1923 1454 1950 una
1485 1923 1587 1950 cum
1623 1909 1709 1950 illis
1745 1910 1817 1963 qui

328 1975 372 2015 in
410 1975 554 2028 primo
591 1988 668 2015 seu
705 1973 865 2015 ultimo
902 1972 1030 2015 caelo
1066 1973 1352 2014 constituunt
1387 1972 1616 2013 inferiores
1652 1971 1815 2013 caelos.

331 2035 578 2090 “Quatuor
600 2035 861 2078 Animalia”
884 2034 1143 2089 significant
1166 2030 1209 2075 in
1231 2035 1382 2088 specie
1404 2035 1588 2076 tertium
1611 2048 1688 2075 seu
1711 2034 1816 2075 inti-

330 2112 452 2140 mum
484 2098 674 2148 caelum,
703 2105 749 2140 et
778 2099 976 2151 “viginti
1002 2104 1194 2151 quatuor
1220 2096 1449 2138 seniores’'
1471 2096 1717 2138 secundum
1740 2110 1818 2137 seu

330 2162 526 2203 medium
559 2161 735 2202 caelum
766 2161 887 2215 quod
924 2158 1213 2213 conjunctum
1245 2166 1316 2200 est
1353 2160 1490 2201 tertio
1521 2173 1598 2200 seu
1630 2159 1817 2209 intimo;

329 2225 394 2266 ita
424 2223 555 2265 simul
592 2224 842 2280 superiores
874 2222 1039 2263 caelos.
1102 2222 1170 2262 De
1207 2221 1382 2275 angelis
1419 2221 1712 2270 intermediis,
1745 2222 1819 2275 qui

329 2292 553 2328 vocantur
585 2285 809 2327 caelestes
842 2283 1097 2338 spirituales
1135 2290 1180 2325 et
1214 2283 1469 2338 spirituales
1501 2283 1739 2332 caelestes,
1773 2288 1818 2325 et'

329 2350 386 2391 de
409 2347 725 2403 conjunfflone
748 2348 870 2389 tertii
892 2347 1005 2389 caeli
1031 2359 1133 2388 cum
1156 2346 1356 2387 secundo
1378 2360 1457 2400 per
1474 2345 1589 2395 illos,
1614 2346 1818 2387 videatur

329 2412 374 2451 in
396 2411 598 2452 Arcanz's
626 2409 905 2452 caelestibus
927 2419 972 2457 (n.
995 2426 1082 2456 1577,
1101 2421 1188 2457 1824.
1205 2420 1293 2457 2184,
1306 2427 1396 2456 4047.
1412 2419 1502 2456 4286,
1518 2420 1608 2456 4585,
1623 2425 1714 2456 4592,
1729 2426 1816 2457 4594.

329 2471 420 2508 6435,
435 2470 524 2507 6526,
541 2471 629 2506 8787,
647 2467 772 2502 [²18802‚
788 2468 895 2506 9671).

409 2525 517 2570 323
525 2514 620 2569 [a].
637 2515 868 2556 “Habentes
880 2513 1155 2567 unusquisque
1169 2512 1577 2566 ot'tharas.''—-÷Q.uod
1591 2511 1820 2565 significet

329 2577 638 2629 confessionem
651 2590 707 2616 ex
722 2575 843 2616 veris
860 2573 1189 2627 spiritualibus,
1210 2580 1394 2615 constat
1412 2588 1471 2615 ex
1489 2572 1820 2626 significatione

333 2638 612 2686 “citharae‚''
630 2638 749 2691 quod
773 2639 830 2678 sit
853 2637 1077 2678 confessio
1099 2651 1158 2678 ex
1180 2637 1296 2677 veris
1317 2635 1632 2690 spiritualibus.
1685 2634 1819 2688 Quod

330 2716 409 2756 per
437 2700 703 2742 “citharas‘’
729 2700 772 2740 id
795 2699 1086 2752 significetur,
1115 2705 1185 2740 est
1211 2699 1313 2752 quia
1333 2698 1508 2739 cithara
1530 2705 1626 2739 erat
1651 2698 1818 2738 instru-

331 2769 535 2804 mentum
563 2762 880 2810 chordaceum,
909 2767 956 2802 et
982 2774 1061 2815 per
1086 2761 1162 2802 illa
1187 2761 1489 2802 instrumenta
1511 2759 1819 2813 significantur

330 2825 593 2879 spiritualia,
611 2838 688 2865 seu
710 2838 823 2877 quae
841 2825 935 2864 veri
957 2830 1061 2864 sunt
1078 2837 1087 2874 ;
1114 2830 1161 2864 at
1184 2837 1262 2876 per
1278 2823 1580 2864 instrumenta
1597 2822 1819 2863 inflatoria

329 2887 642 2941 significantur
662 2886 892 2935 caelestia,
917 2900 996 2927 seu
1018 2886 1094 2926 illa
1115 2899 1229 2939 quae
1251 2885 1357 2926 boni
1379 2891 1497 2926 sunt.
1549 2884 1683 2937 Quod
1706 2883 1819 2925 talia

330 2964 409 3004 per
434 2950 736 3001 instrumenta
768 2950 937 2989 musica
968 2947 1290 3001 significentur,
1323 2954 1394 2988 est
1426 2961 1484 2988 ex
1517 2947 1666 2997 sonis;
1710 2959 1814 2987 narn

331 3026 467 3053 sonus
499 3011 822 3065 correspondet
855 3009 1191 3061 affe&ionibus;
1229 3010 1366 3051 etiarn
1398 3010 1441 3050 in
1469 3008 1597 3051 caelo
1623 3009 1816 3062 percipi-
