2060 3476
257 343 342 375 220
579 363 581 365 -
670 341 1003 374 APOCALYPSIS
1034 324 1335 375 EXPLICA'l'A.

256 461 341 504 est,
365 460 411 496 et
433 454 675 496 formatum
697 455 754 495 ad
777 455 1021 507 imaginem
1040 454 1180 496 caeli:
1214 468 1304 495 non
1328 460 1480 495 autem
1502 454 1620 508 apud
1642 453 1744 495 illos

255 518 373 571 apud
391 532 502 572 quos
521 518 747 559 internum
765 518 966 559 clausum
985 524 1078 568 est3
1115 518 1273 558 horum
1296 518 1481 558 beatum
1499 523 1568 558 est
1586 516 1744 569 jucun·

255 580 361 621 dum
394 580 592 626 honoris.
621 580 792 633 gloriae
819 587 865 622 et
898 580 1020 630 lucri,
1049 581 1167 634 quod
1195 580 1441 633 jucundum
1473 579 1644 620 homini
1675 586 1745 621 est

255 642 470 695 quamdiu
494 642 607 682 Vivit
632 642 677 682 in
702 642 886 683 mundo.
945 653 1024 691 (Sed
1043 653 1075 682 id
1093 657 1166 690 post
1185 657 1330 686 mortem,
1347 661 1420 681 cum
1440 652 1538 681 homo
1557 651 1592 680 fit
1610 651 1745 689 spiritus,

254 700 384 729 vertitur
398 700 429 728 in
445 701 809 739 correspondens,·qu0d
830 706 877 730 est
898 706 1012 730 tetrum
1035 706 1066 730 et
1087 702 1200 735 dirum,
1217 701 1360 729 videatur
1380 700 1412 729 in
1434 709 1530 738 opere
1546 700 1596 729 De
1614 700 1704 729 Caelo
1719 700 1751 729 et

256 747 392 785 lnferno,
409 756 438 776 n.
456 745 525 784 [¹148
529 754 643 784 5-490;
667 752 697 776 et
711 749 799 784 quod
812 749 942 777 beatum
958 748 1046 782 caeli,
1062 748 1150 784 quod
1171 747 1325 785 gaudium
1341 747 1474 776 caeleste
1489 751 1629 780 vocatur,
1645 746 1683 775 sit
1697 755 1747 775 so-

255 793 321 821 lum
337 793 395 822 illis
407 793 461 830 qui
479 793 538 831 [in]
555 794 677 822 interno
692 799 765 823 sunt
780 798 816 824 et
825 795 899 823 inde
913 794 945 822 in
960 799 1100 828 externo,
1112 794 1144 822 in
1159 794 1273 822 eodem
1288 802 1393 831 opere,
1406 803 1436 823 n.
1449 800 1605 831 395-414:
1628 797 1659 822 et
1670 792 1748 830 quid

256 839 418 868 Internum
435 845 466 869 et
482 834 666 875 Externum,
683 841 715 869 in
731 841 890 870 Doc‘trina
905 841 1015 870 Novae
1029 841 1276 878 Hierosolymae,
1292 849 1323 870 n.
1339 840 1463 878 36-53.)

335 892 469 944 169.
510 901 614 940 [Vers.
632 903 694 941 24]
725 897 749 915 ¹¹
765 892 876 933 Vobis
890 896 1025 933 autem
1041 892 1144 939 dico,
1160 896 1204 932 ot
1215 892 1383 945 reliquis
1395 892 1435 932 in
1453 890 1747 945 Thyamis?—

259 951 393 1005 Quod
430 953 653 1006 significet
694 953 894 994 omnibus
915 960 957 994 et
996 953 1187 1006 singulis
1228 954 1353 1006 apud
1384 967 1490 1007 quos
1527 953 1748 994 internum

255 1017 523 1070 conjunc‘Jum
543 1023 611 1057 est
625 1023 814 1066 externo,
835 1023 1017 1058 constat
1044 1031 1102 1058 ex
1129 1017 1231 1066 illis,
1258 1031 1372 1071 quae
1399 1019 1529 1070 supra
1557 1015 1618 1069 (n.
1647 1014 1744 1069 150)

257 1077 377 1120 dieta
403 1086 448 1120 et
475 1086 661 1120 ostensa
687 1086 805 1128 sunt,
830 1080 949 1133 quod
973 1093 1136 1133 nempe
1158 1081 1201 1120 in
1226 1081 1403 1133 scriptis
1429 1080 1486 1120 ad
1513 1078 1745 1132 Angelum

257 1142 490 1184 Ecclesiae
516 1144 560 1184 in
587 1143 817 1195 Thyatiris
843 1140 1155 1184 describantur
1181 1142 1243 1183 illi
1269 1144 1343 1196 qui
1369 1143 1413 1183 in
1439 1141 1617 1184 interno
1644 1148 1746 1182 sunt

256 1212 302 1246 et
334 1206 439 1246 inde
475 1207 519 1246 in
557 1212 765 1255 externo,
799 1206 862 1247 ita
898 1207 1016 1260 apud
1054 1220 1165 1261 quos
1202 1207 1427 1247 internum
1459 1204 1746 1259 conjunctum

257 1275 326 1309 est
353 1275 564 1310 externo.

337 1342 463 1386 1¹70.
496 1333 759 1388 “Quicunque
772 1347 850 1375 ηοη
862 1334 986 1375 habet
995 1334 1220 1375 doctrinam
1233 1333 1573 1386 honest-Quod
1589 1333 1755 1385 signifi-

257 1401 330 1435 cet
352 1395 478 1447 apud
493 1409 599 1448 quos
605 1396 851 1449 jucundum
867 1403 1108 1445 externum,
1125 1396 1244 1450 quod
1254 1402 1321 1436 est
1320 1395 1565 1450 jucundum
1582 1393 1744 1435 amoris

257 1458 333 1498 sui
366 1465 408 1498 et
447 1459 612 1507 mundi,
657 1473 740 1499 non
780 1459 1049 1508 dominatur,
1091 1465 1273 1500 constat
1319 1473 1378 1500 ex
1419 1457 1749 1511 significatione

261 1519 562 1562 “doctrinae'’
584 1522 715 1571 illius,
739 1535 872 1575 quam
898 1522 1116 1575 “Jezabel
1139 1523 1293 1563 dicens
1315 1536 1363 1562 se
1386 1521 1716 1575 prophetissam
1729 1519 1749 1535 ’'

259 1584 412 1635 docuit
439 1591 485 1625 et
512 1598 590 1638 per
614 1598 747 1639 quam
774 1586 970 1634 seduxit,
998 1586 1117 1639 quod
1150 1586 1207 1626 sit
1229 1584 1473 1637 jucundum
1499 1584 1662 1624 amoris
1684 1583 1750 1623 sui

259 1654 305 1688 et
342 1649 495 1688 mundi
530 1647 606 1701 (de
643 1662 730 1702 qua
766 1662 911 1702 supra,
946 1662 987 1689 n.
1026 1648 1264 1702 159—161):
1309 1662 1387 1701 per
1425 1644 1749 1688 “doctrinam'’

259 1711 330 1752 hic
358 1711 634 1764 significatur
659 1712 766 1760 vita,
795 1712 858 1752 ita
884 1725 961 1765 per
989 1716 1119 1752 “non
1151 1712 1317 1752 habere
1344 1711 1467 1752 illam
1479 1710 1499 1726 ’‘
1524 1708 1749 1763 significa-

260 1781 331 1814 tur
363 1788 453 1815 non
485 1775 635 1815 vivere
667 1775 913 1815 secundum
945 1774 1095 1825 illam;
1137 1774 1407 1827 intelligitur
1433 1773 1552 1814 enim
1584 1773 1750 1814 habere

259 1835 509 1878 d0&rinam
533 1838 576 1878 in
599 1851 661 1886 se,
681 1844 726 1878 et
750 1838 915 1878 habere
933 1836 1183 1879 doctrinam
1202 1838 1244 1877 in
1269 1851 1316 1878 se
1334 1843 1404 1878 est
1422 1837 1466 1876 in
1484 1837 1602 1876 vita:
1646 1836 1750 1877 inde

260 1907 402 1954 patet,
441 1901 560 1955 quod
599 1915 677 1954 per
716 1899 1005 1943 “doctrinam
1045 1900 1300 1954 Jezabelis''
1336 1899 1618 1952 intelligatur
1657 1899 1751 1939 vita

259 1965 423 2004 amoris
450 1965 515 2005 sui
540 1971 586 2005 et
614 1965 780 2004 mundi.

343 2038 460 2082 171.
482 2029 559 2069 “Et
573 2028 732 2082 quinon
749 2032 1026 2082 cognoverunt
1033 2027 1237 2081 profunda
1253 2030 1444 2074 satanae,
1461 2030 1507 2067 ut
1519 2025 1751 2069 dicunt.''--‚

262 2091 395 2146 Quod
429 2090 651 2143 significet
678 2089 1031 2143 illaqueationem
1052 2089 1108 2131 ab
1139 2089 1245 2137 illis,
1270 2094 1479 2129 constare
1511 2093 1664 2141 potest
1691 2101 1750 2128 ex

260 2155 329 2204 eo,
357 2154 476 2207 quod
503 2167 679 2194 amores
705 2154 771 2193 sui
797 2159 843 2193 et
870 2152 1024 2193 mundi
1050 2153 1140 2194 sint
1167 2153 1241 2206 qui
1263 2157 1456 2204 regnant
1479 2151 1524 2191 in
1555 2150 1750 2199 infernis,

261 2225 307 2260 et
338 2217 458 2271 quod
491 2216 554 2256 illi
581 2230 757 2256 amores
783 2229 963 2269 prorsus
990 2216 1185 2269 oppositi
1218 2216 1306 2255 sint
1333 2214 1558 2255 amoribus
1583 2214 1627 2254 in
1655 2213 1750 2254 Do-

243 2282 429 2322 'minum
452 2286 499 2320 et
521 2293 629 2332 erga
651 2280 906 2332 proximum
929 2280 1001 2332 qui
1023 2285 1214 2332 regnant
1237 2279 1281 2319 in
1304 2277 1455 2319 caelo:
1492 2276 1753 2325 “satanas,”

262 2358 340 2398 per
376 2356 508 2396 quem
549 2342 817 2395 intelligitur
853 2342 1070 2382 infernum
1115 2341 1340 2391 (videatur
1380 2354 1525 2394 supra,
1564 2354 1604 2380 n.
1652 2339 1749 2393 120)

262 2407 478 2448 continuo
504 2406 690 2458 inspirat
717 2418 892 2445 amores
917 2405 983 2445 sui
1014 2411 1061 2446 et
1088 2405 1254 2452 mundi,
1287 2411 1334 2445 et
1366 2404 1449 2444 hos
1480 2416 1656 2456 quoque
1681 2416 1751 2443 re-

261 2471 368 2524 cipit
401 2470 537 2510 homo
569 2482 627 2508 ex
655 2468 866 2521 jucundo,
899 2469 1003 2521 quia
1034 2468 1072 2508 ei
1105 2469 1255 2508 insunt
1288 2481 1347 2508 ex
1386 2466 1672 2514 hereditario,
1705 2472 1752 2507 et

261 2533 367 2574 inde
404 2538 507 2572 sunt
544 2531 636 2584 ejus
674 2532 926 2584 proprium3
968 2531 1031 2571 ita
1067 2531 1262 2571 insinuat
1299 2544 1346 2571 se
1382 2529 1602 2570 infernum
1634 2529 1751 2582 apud

261 2597 504 2652 hominem,
539 2601 585 2635 et
617 2595 656 2635 ei
688 2594 916 2647 illaqueat.
990 2593 1115 2634 Haec
1154 2600 1257 2634 sunt
1294 2606 1407 2646 quae
1444 2591 1752 2644 significantur

263 2673 342 2713 per
369 2658 625 2712 “profunda
651 2656 874 2698 satanae.'’
926 2657 1056 2697 Pauci
1079 2657 1214 2697 etiam
1238 2662 1341 2696 sunt
1364 2655 1437 2708 qui
1463 2655 1548 2695 hoc
1572 2648 1750 2703 norunt,

263 2718 473 2776 quoniam
499 2734 676 2761 amores
703 2720 779 2769 illi,
809 2720 911 2773 quia
942 2725 1046 2761 sunt
1079 2719 1305 2772 proprium
1331 2718 1501 2759 homini
1531 2731 1590 2758 ex
1622 2717 1751 2758 here-

263 2785 438 2833 ditario,
472 2783 657 2825 trahunt
689 2783 746 2823 ad
783 2796 830 2823 se
862 2789 1063 2839 mentem
1096 2781 1187 2835 ejus
1223 2795 1302 2835 per
1332 2779 1654 2822 allectamenta
1690 2793 1750 2820 ex

257 2847 468 2900 jucundo,
497 2853 542 2887 et
569 2847 630 2886 sic
657 2846 925 2886 abstrahunt
951 2859 977 2886 a
998 2844 1202 2897 jucundis
1228 2857 1430 2885 amorum
1457 2842 1583 2891 caeli,
1611 2855 1760 2902 usque

263 2911 378 2951 adeo
410 2916 458 2950 ut
490 2909 662 2949 nesciat
695 2908 798 2961 quid
826 2907 1023 2961 jucunda
1055 2907 1179 2948 caeli.
1241 2907 1326 2948 Illa
1352 2905 1559 2959 jucunda,
1587 2905 1764 2957 nempe'

263 2986 466 3014 amorum
493 2973 559 3013 sui
584 2978 630 3013 et
657 2972 823 3020 mundi,
848 2977 950 3012 sunt
978 2985 1091 3025 quae
1114 2970 1329 3011 claudunt
1356 2970 1580 3010 internum
1604 2967 1747 3008 homi-
