2060 3476
736 344 844 378 CAP.
867 345 912 385 1.,
936 343 1075 376 VERS.
1096 335 1245 387 4.-Ν,
1273 346 1334 388 19.
1733 347 1784 378 21

474 457 525 501 [n.
539 456 623 500 23];
658 459 716 490 “et
735 466 758 490 a
781 459 914 500 septem
937 455 1154 499 spiritibus?
1174 455 1339 498 signifieat
1361 456 1538 488 Divinum
1563 456 1602 488 in
1624 457 1711 488 caelo
1736 456 1788 500 [n.

473 501 556 546 24];
589 501 671 545 “qui
682 504 768 535 sumt
780 501 814 534 1’11
831 503 1016 545 conspectu
1033 500 1149 535 throni
1167 500 1320 544 Ιρείιιε,’
1338 499 1502 543 signifieat
1516 501 1745 544 praesentiam
1760 506 1791 532 et

474 546 719 579 brovidentiam
739 546 792 590 [n.
810 545 886 589 25].

318 626 343 660 ,ι-
414 622 433 649 ⁸·
474 626 489 649 Ι
515 615 603 650 -lesu
632 615 805 654 Chrl'st0,''
829 615 995 657 significat
1020 627 1042 647 a
1069 616 1220 648 Domino
1246 616 1360 658 quoad
1381 615 1558 647 Divinum
1585 615 1788 648 Humanum

474 661 524 709 (n.
543 660 585 692 26
616 672 626 700 ;
661 660 760 704 “lpse
780 660 890 694 Testis
913 660 1033 699 fidelis,
1039 661 1061 673 ¹¹
1079 660 1245 702 significat
1268 672 1290 692 a
1313 671 1378 702 quo
1399 671 1496 692 omne
1510 671 1629 692 verum
1646 660 1684 692 in
1701 662 1788 692 caelo

473 711 619 749 111.27,·
643 705 743 748 “lpse
754 704 1004 748 Primoyem‘tus
1017 715 1060 738 ex
1070 704 1429 761 mortuisf'sign'ificat
1439 715 1481 736 ex
1490 715 1554 746 quo
1563 704 1789 736 omnebonum

474 750 518 782 ibi
535 750 586 793 [n.
604 749 688 792 28];
719 752 776 783 “et
791 749 869 793 lpse
885 749 1048 792 PrInceps
1063 759 1184 793 regum
1200 750 1343 787 terrae‚'
1350 748 1537 790 'signifieat
1552 760 1595 780 ex
1610 757 1675 791 quo
1692 760 1790 781 omne

471 805 589 826 verum
605 805 648 825 ex
663 795 745 826 bono
760 805 798 826 m
811 795 941 826 ecclesia
957 794 1008 837 [n.
1023 794 1108 837 29];
1127 793 1281 827 “amanti
1292 803 1357 827 nos
1374 796 1410 827 et
1425 793 1559 826 lavanti
1570 803 1634 827 nos
1652 792 1685 826 in
1702 803 1789 827 san-

471 838 572 884 yut'ne
593 839 684 876 suos
691 838 883 879 'significat
904 839 1015 881 Ipsius
1028 840 1200 878 Amorem,
1215 843 1247 871 et
1267 839 1548 881 regenerationem
1570 838 1612 869 ab
1636 839 1710 881 Ipso
1724 843 1791 881 per

471 893 552 916 vera
567 893 653 926 quae
667 882 709 915 ab
724 883 799 926 [pso
817 883 869 927 [n.
886 883 963 926 30].

313 952 345 985 6.
378 952 438 987 “Et
473 952 548 987 best
566 963 631 987 nos
646 963 749 997 reyes
766 956 802 988 e!
816 954 1059 993 sacerdotesst
1075 953 1240 996 significat
1261 954 1353 996 quod
1365 953 1406 985 ab
1422 954 1497 995 Ipso
1511 954 1617 985 simus
1632 953 1670 985 in
1687 964 1789 996 regno

469 998 580 1040 [psius
592 999 768 1041 spzrituali
781 1003 813 1031 et
826 999 956 1031 caelesti
973 999 1024 1042 [n.
1038 998 1121 1042 31];
1154 999 1244 1032 “Deo
1261 1002 1297 1032 et
1311 998 1409 1032 Patri
1420 999 1511 1036 suo,'
1518 997 1711 1040 'significat
1726 1004 1791 1039 per

466 1042 643 1074 Divinurn
663 1043 784 1075 Verum
800 1047 832 1075 et
844 1044 1019 1075 Dzvz'num
1032 1043 1170 1080 Bonum
1186 1043 1238 1086 [n.
1250 1042 1334 1087 32];
1353 1042 1446 1086 “Ipsi
1456 1042 1568 1086 ρΙονῘα
1585 1045 1621 1076 et
1635 1042 1770 1076 robur
1755 1053 1789 1076 111

470 1087 611 1121 caecula
637 1087 866 1144 saeculorum,
874 1088 896 1100 '⁹
923 1087 1086 1129 significat
1110 1089 1202 1130 quod
1224 1088 1285 1119 illa
1312 1099 1334 1119 a
1359 1089 1425 1119 solo
1452 1088 1526 1130 Ipso
1551 1087 1590 1119 in
1614 1092 1788 1119 aeternum

471 1131 524 1175 [n.
542 1130 625 1174 33]·
616 1155 626 1170 ,
652 1132 812 1170 “amem''
827 1131 992 1174 significat
1007 1132 1291 1176 corfirmationem
1307 1132 1481 1164 Divinam
1500 1132 1552 1176 [n.
1570 1131 1646 1175 34].

372 1263 465 1306 19.
508 1262 697 1307 [Vers.4.]
739 1253 1228 1307 “dohannes.''—Quod
1274 1253 1499 1308 significet
1538 1254 1785 1295 Dominum

290 1315 440 1368 quoad
473 1315 734 1367 deblrz'nam,
772 1322 956 1357 constat
996 1330 1056 1357 ex
1097 1317 1517 1370 repraesentatione
1551 1316 1784 1370 Johannis,

291 1377 412 1431 quod
443 1379 502 1420 sit
537 1378 706 1420 bonum
731 1379 895 1420 amoris
929 1378 1006 1433 (de
1038 1393 1126 1434 qua
1150 1393 1297 1433 supra,
1314 1393 1357 1420 n.
1384 1379 1460 1433 8);
1492 1385 1539 1421 et
1575 1380 1679 1434 quia
1714 1387 1786 1422 est

290 1441 459 1483 bonum
491 1443 670 1493 amoris,
703 1449 773 1484 est
810 1443 855 1483 in
891 1456 1100 1496 supremo
1132 1456 1267 1484 sensu
1305 1442 1540 1491 Dominus,
1574 1444 1785 1497 quoniam

291 1510 426 1546 omn'e
451 1505 620 1547 bonum
646 1506 811 1547 amoris
837 1512 907 1547 est
932 1519 960 1547 a
985 1506 1209 1547 Domino:
1242 1506 1395 1555 homo,
1423 1507 1605 1560 spiritus
1631 1501 1688 1548 et'
1704 1520 1786 1547 an-

290 1567 434 1621 gelus,
458 1575 563 1610 sunt
595 1569 731 1610 modo
762 1570 1032 1622 recipientes
1050 1583 1060 1621 ;
1097 1576 1144 1610 et
1176 1570 1250 1624 qui
1281 1576 1386 1611 sunt
1412 1570 1696 1623 recipientes,
1723 1570 1787 1611 illi

290 1631 500 1673 dicuntur
532 1632 789 1686 significare
819 1632 865 1673 id
901 1633 1021 1686 quod
1054 1646 1082 1674 a
1118 1633 1330 1674 Domino.
1402 1631 1557 1674 Simile
1596 1632 1647 1674 fit
1684 1646 1786 1674 cum

290 1694 444 1735 multis
472 1694 570 1736 aliis
606 1696 650 1736 in
681 1695 851 1745 Verbo,
885 1702 934 1737 ut
971 1709 1073 1737 cum
1104 1695 1386 1744 Abrahamo,
1420 1695 1565 1746 Isaeo,
1597 1696 1784 1749 Jacobo‚

286 1757 480 1806 Davide,
507 1758 622 1807 Elia,
650 1757 846 1808 EHsaeo,
871 1758 1079 1812 Johanne
1106 1759 1328 1813 Baptista,
1356 1759 1504 1808 Petro,
1532 1765 1579 1801 et
1604 1759 1786 1814 reliquis

290 1819 555 1874 Apostolis:
594 1822 896 1875 unusquisque
928 1836 987 1863 ex
1020 1822 1108 1863 illis
1139 1821 1363 1875 significat
1395 1822 1576 1876 aliquod
1609 1823 1783 1864 bonum

289 1889 368 1924 aut
387 1890 548 1924 'verum
574 1883 687 1925 caeli
718 1891 765 1926 et
797 1884 1031 1933 ecclesiae,
1064 1885 1145 1926 sed
1176 1899 1316 1939 usque
1347 1898 1506 1926 omnes
1537 1885 1601 1926 illi
1632 1887 1677 1927 in
1708 1900 1784 1927 su-

280 1959 445 2000 premo
466 1960 600 1988 sensu
622 1947 878 2001 significant
901 1948 1172 1989 Dominum:
1206 1949 1320 1989 sicut
1345 1948 1532 1989 “David
1543 1948 1562 1964 '’
1582 1949 1627 1989 in
1651 1963 1785 1991 sensu

288 2009 468 2051 interno
493 2009 716 2064 significat
743 2010 955 2058 Divinum
973 2011 1144 2052 Verum
1171 2012 1215 2052 in
1241 2024 1384 2064 regno
1410 2011 1641 2065 spirituali,
1665 2014 1785 2066 quod

288 2073 460 2126 regium
487 2073 669 2115 Domini
701 2074 887 2125 dicitur3
921 2088 1056 2128 quare
1087 2075 1131 2115 in
1163 2088 1298 2115 sensu
1324 2088 1533 2128 supremo
1558 2075 1784 2128 significat

289 2135 535 2177 Dominum
566 2137 715 2190 quoad
746 2137 791 2178 id
823 2151 977 2179 verum
1009 2144 1055 2179 et
1087 2138 1236 2192 quoad
1267 2138 1471 2191 regium;
1509 2146 1784 2192 quapropter

289 2199 450 2240 dicitur
481 2199 537 2241 de
569 2200 743 2242 Davide
774 2201 819 2242 in
844 2200 1015 2250 Verbo,
1043 2201 1163 2255 quod
1190 2207 1405 2242 venturus
1436 2207 1483 2242 et
1515 2208 1784 2254 regnaturus

288 2263 347 2305 sit
380 2277 512 2317 super
541 2263 656 2305 filios
688 2264 866 2306 Israelis
902 2263 1078 2318 (Ezeclz.
1111 2266 1289 2306 xxxvii.
1317 2276 1385 2317 24,
1413 2274 1493 2318 253
1533 2265 1698 2306 Hosch.
1726 2266 1782 2307 iii.

291 2325 349 2380 5).
410 2326 623 2368 Similiter
649 2327 843 2369 “Elias”
868 2334 914 2369 et
948 2328 1228 2378 “Elisaeusff
1253 2329 1326 2383 qui
1357 2329 1460 2383 quia
1484 2329 1529 2369 in
1555 2342 1689 2370 sensu
1719 2330 1785 2370 in-

287 2395 419 2430 terno
441 2381 695 2443 significant
717 2389 934 2441 Verbum,
952 2391 1086 2433 ideo
1075 2405 1119 2432 in
1146 2405 1279 2433 sensu
1301 2405 1510 2445 supremo
1527 2391 1783 2445 significant

290 2451 532 2493 Dominum
553 2466 580 2494 a
601 2465 690 2507 quo
706 2452 922 2494 Verbum.
984 2463 1125 2502 (Quod¹¹
1136 2463 1247 2494 Elias''
1264 2468 1326 2494 et¹¹
1339 2463 1507 2494 Elisaeus''
1522 2464 1698 2502 significent
1706 2465 1785 2494 Ver-

286 2514 375 2548 bum,
386 2513 431 2543 ita
444 2514 621 2550 Dominum
636 2515 744 2552 quoad
754 2515 908 2550 Verbum,
919 2515 1064 2545 videatur
1076 2524 1108 2545 n.
1121 2515 1210 2552 2762,
1221 2513 1252 2542 [¹]
1254 2522 1350 2552 5247;
1371 2515 1488 2554 pan’ter
1499 2517 1516 2530 “
1524 2515 1690 2555 Johannes
1702 2516 1784 2553 Bap-

278 2562 388 2598 'tista‚''
404 2563 460 2601 qui
473 2563 546 2594 ideo
561 2563 665 2594 dietus
679 2569 725 2594 est
740 2567 757 2580 ¹⁸
769 2564 884 2600 Elias,’'
900 2574 931 2595 n.
947 2565 1037 2603 7643,
1052 2573 1149 2603 9372:
1177 2565 1267 2602 quod
1282 2568 1299 2579 ¹¹
1311 2563 1447 2594 Petrus''
1463 2564 1617 2602 significet
1631 2564 1737 2599 fidem,
1753 2571 1784 2595 et

286 2614 362 2643 inde
377 2613 554 2643 Dominum
567 2614 675 2651 quoad
690 2613 797 2648 fidem,
810 2613 887 2651 quia
900 2614 979 2643 fides
994 2619 1042 2643 est
1055 2623 1075 2643 a
1090 2615 1243 2649 Domino.
1255 2614 1402 2644 videatur
1414 2623 1520 2653 supra,
1532 2624 1564 2645 n.
1576 2614 1630 2657 9.)
1666 2604 1781 2645 Inde

287 2669 498 2705 constare
519 2669 674 2718 potest
692 2664 810 2705 unde
832 2670 902 2705 est
919 2664 1039 2719 quod
1060 2665 1359 2718 “Johannes’'
1377 2665 1601 2719 significet
1620 2665 1780 2706 Domi-

287 2740 407 2768 num.
469 2726 604 2780 Quod
637 2726 860 2780 significet
892 2727 1041 2781 quoad
1073 2726 1338 2778 doctrinam,
1367 2735 1438 2770 est
1470 2729 1572 2782 quia
1603 2729 1779 2777 dicitur,

289 2789 778 2843 “Johannes-septem
817 2790 1092 2842 Ecclesiis;‘'
1138 2797 1185 2832 et
1225 2805 1304 2844 per
1345 2794 1570 2844 “septem
1616 2790 1780 2831 Eccle-

287 2852 405 2894 sias”
431 2853 476 2893 in
507 2865 642 2893 sensu
672 2853 852 2900 interno
876 2852 1194 2906 intelliguntur
1218 2867 1377 2894 omnes
1403 2855 1476 2907 qui
1507 2854 1551 2894 in
1577 2854 1694 2893 veris
1721 2867 1781 2893 ex

287 2916 410 2956 bono
435 2929 513 2956 seu
543 2916 588 2956 in
619 2914 706 2956 fide
731 2929 790 2956 ex
816 2915 1040 2957 charitate
1066 2923 1186 2965 sunt,
1215 2929 1319 2957 nam
1345 2916 1408 2956 illi
1435 2922 1539 2957 sunt
1566 2916 1639 2969 qui
1669 2915 1780 2956 faci-

289 2984 369 3020 unt
401 2978 655 3029 ecclesiam,
683 2984 730 3019 et
758 2976 962 3020 doctrina
994 2985 1064 3021 est
1089 2993 1203 3033 quae
1229 2979 1365 3021 docet
1397 2979 1486 3020 illa.
1548 2979 1661 3020 lnde
1693 2984 1776 3028 est,
