2060 3476
735 336 842 369 CAP.
866 337 930 378 11.‚
954 329 1263 387 VERS·,8·-N·
1293 340 1382 371 112.
1729 342 1804 387 135

350 481 355 486 .
391 458 508 490 112.
544 458 649 498 [Vers.
665 459 708 498 8.]
734 449 813 489 “ft
827 448 981 503 Anyelo
999 449 1214 491 Ecclesiae
1234 450 1550 505 Smyrnaeorum
1565 452 1808 494 sor-ibe.'¹--

311 508 447 563 Quod
480 510 703 564 significet
734 511 800 552 ad
826 511 1170 553 recordationem
1200 512 1294 554 illis
1325 513 1449 554 intra
1478 514 1700 555 ecclesiam
1732 514 1813 568 qui
1860 565 1863 569 ι

309 573 463 614 volunt
496 574 740 628 intelligere
786 574 986 623 Verbum,
1023 582 1066 616 et
1101 576 1291 616 nondum
1326 576 1591 630 intelligunt,
1628 585 1671 618 et
1709 578 1809 619 inde

303 643 473 690 parum
497 630 642 679 adhuc
665 638 710 679 in
730 639 1048 692 cognitionibus
1069 640 1170 680 veri
1191 647 1233 681 et
1258 640 1362 681 boni
1382 647 1498 690 sunt,
1523 656 1635 694 quas
1661 648 1807 683 tamen

308 701 436 741 corde
455 701 722 751 desiderant,
746 708 929 743 constat
955 716 1014 743 ex
1038 702 1369 756 significatione
1393 705 1626 746 “scribere
1643 705 1662 720 '’
1685 706 1805 759 quod

310 764 368 805 sit
399 765 456 805 ad
487 766 848 806 recordationem
883 764 952 819 (ut
985 779 1130 819 supra,
1165 780 1207 808 n.
1233 766 1337 820 95);
1371 774 1417 808 et
1449 782 1508 808 ex
1541 768 1804 822 significati-

310 841 396 868 one
421 828 631 882 “Angeli
664 829 898 870 Ecclesiae
925 828 1314 883 Smyrnaeorum‚'’
1336 832 1456 885 quod
1483 833 1572 872 sint
1604 831 1667 872 illi
1690 833 1807 873 intra

310 891 548 933 ecclesiam
574 893 647 946 qui
673 893 832 934 volunt
858 893 1113 947 intelligere
1139 893 1341 935 Verbum
1369 901 1415 936 et
1442 896 1643 936 nondum
1670 895 1806 936 intel-

310 954 471 1008 lig'unt,
505 962 551 997 et
582 957 686 997 inde
718 970 874 1010 parum
906 957 950 997 in
982 958 1318 1010 cognitionibus
1344 959 1437 999 veri
1469 965 1514 1000 et
1547 959 1653 1000 boni
1685 965 1804 1006 sunt,

309 1031 419 1071 quas
441 1025 596 1060 tamen
620 1020 757 1060 corde
780 1020 1038 1061 desiderant
1057 1035 1066 1071 3
1099 1021 1220 1074 quod
1245 1021 1290 1062 hi
1313 1035 1392 1075 per
1415 1021 1680 1075 “Angelum
1715 1022 1805 1063 Ec-

308 1081 472 1123 clesiae
494 1082 845 1136 Smyrnaeorum
858 1083 877 1099 ’'
909 1083 1236 1137 intelligantur,
1265 1091 1448 1126 constat
1480 1100 1539 1126 ex
1571 1086 1659 1126 illis
1691 1100 1806 1140 quae

307 1145 365 1185 ad
391 1145 516 1186 illum
539 1146 774 1200 Angelum
797 1148 965 1201 scripta
991 1154 1110 1196 sunt,
1135 1162 1249 1202 quae
1276 1155 1550 1202 sequuntur;
1584 1162 1689 1189 nam
1716 1163 1806 1190 non

307 1207 487 1249 aliunde
508 1210 609 1250 sciri
631 1216 800 1263 potest,
817 1212 997 1264 quinam
1017 1225 1095 1264 per
1113 1211 1346 1264 Angelum
1365 1212 1555 1265 cujusvis
1573 1212 1808 1254 Ecclesiae

307 1270 638 1325 intelliguntur,
666 1286 800 1326 quam
833 1288 892 1315 ex
925 1275 1104 1328 scriptis
1131 1275 1188 1315 ad
1220 1274 1345 1316 illum
1377 1276 1420 1316 in
1447 1289 1582 1316 sensu
1613 1277 1806 1317 interno.

308 1333 360 1375 In
382 1335 468 1376 illis
490 1349 604 1389 quae
624 1334 683 1378 ad
706 1336 939 1390 Angelum
963 1338 1220 1391 Ephesinae
1244 1338 1492 1387 Ecclesiae,
1512 1340 1569 1380 de
1591 1353 1680 1392 quo
1698 1352 1807 1380 mox

306 1397 426 1450 prius
452 1400 620 1452 scripta
645 1405 764 1449 sunt,
792 1400 1007 1454 descripti
1039 1407 1144 1442 sunt
1176 1402 1250 1455 qui
1282 1402 1325 1441 in
1353 1402 1690 1454 cognitionibus
1715 1403 1808 1443 veri

306 1467 354 1502 et
385 1461 491 1503 boni
522 1469 642 1512 sunt,
670 1470 717 1504 et
750 1477 840 1504 non
872 1464 1003 1505 simul
1036 1471 1114 1505 aut
1141 1465 1342 1505 nondum
1369 1465 1413 1505 in
1441 1466 1536 1506 vita
1561 1465 1807 1506 secundum

305 1523 432 1576 illas;
465 1525 536 1567 hic
568 1540 684 1568 nunc
718 1527 1031 1568 describuntur
1062 1528 1125 1568 illi
1161 1528 1235 1581 qui
1271 1529 1315 1568 in
1348 1529 1684 1582 cognitionibus
1715 1529 1808 1569 veri

306 1594 353 1628 et
375 1588 482 1629 boni
505 1596 609 1630 sunt
633 1597 678 1631 et
702 1591 832 1631 simul
855 1592 899 1631 in
917 1592 1011 1632 vita
1033 1592 1279 1632 secundum
1302 1591 1429 1642 illas;
1462 1592 1506 1632 hi
1529 1592 1680 1646 itaque
1703 1599 1807 1632 sunt

306 1651 380 1704 qui
410 1652 455 1692 in
481 1652 717 1695 affectione
743 1655 836 1695 veri
862 1669 922 1696 ex
949 1656 1123 1708 origine
1149 1655 1368 1708 spirituali
1394 1662 1529 1713 sunt;
1560 1655 1622 1696 illi
1654 1661 1806 1696 autem

305 1715 380 1769 qui
406 1716 450 1756 in
476 1715 714 1758 affectione
736 1719 828 1758 veri
851 1732 911 1759 ex
939 1719 1111 1771 origine
1138 1718 1347 1759 naturali.
1409 1718 1523 1760 Sunt
1547 1717 1807 1760 affectiones

305 1779 398 1819 veri
424 1780 468 1820 in
494 1793 661 1833 genere
687 1795 747 1822 ex
773 1782 889 1822 binis
912 1783 1171 1835 originibus,
1196 1795 1360 1835 nempe
1387 1796 1446 1823 ex
1474 1783 1647 1835 origine
1674 1789 1805 1823 natu-

304 1833 386 1882 rali
417 1849 463 1884 et
495 1857 554 1884 ex
582 1845 754 1897 origine
780 1845 1012 1898 spirituali.
1075 1845 1147 1885 Illi
1178 1846 1251 1899 qui
1283 1846 1327 1885 in
1360 1844 1596 1886 affectione
1622 1846 1714 1886 veri
1746 1860 1804 1887 ex

305 1906 478 1959 origine
510 1908 703 1949 naturali
734 1915 854 1957 sunt,
882 1907 1091 1962 spectant
1119 1909 1328 1962 primario
1354 1909 1411 1950 ad
1443 1923 1491 1950 se
1518 1916 1563 1950 et
1591 1910 1647 1950 ad
1677 1924 1804 1950 mun-

306 1970 426 2019 dum,
453 1976 500 2011 et
525 1971 630 2012 inde
656 1972 885 2013 naturales
917 1979 1048 2023 sunt;
1091 1979 1139 2014 at
1171 1972 1234 2013 illi
1266 1974 1339 2026 qui
1370 1974 1414 2013 in
1446 1971 1682 2014 affectione
1714 1975 1806 2015 veri

305 2047 364 2074 ex
390 2034 563 2087 origine
595 2035 812 2089 spirituali
843 2043 961 2085 sunt,
987 2034 1196 2090 spectant
1228 2037 1438 2090 primario
1469 2037 1526 2077 ad
1560 2037 1804 2078 Dominum

305 2102 352 2138 et
400 2097 458 2138 ad
506 2098 696 2147 caelum,
743 2105 790 2140 et
838 2099 943 2140 inde
988 2099 1243 2153 spirituales
1293 2106 1411 2141 sunt.
1481 2099 1679 2141 Affectio
1728 2115 1806 2142 seu
1865 2131 1879 2138 -

305 2174 432 2201 amor
466 2161 660 2202 hominis
697 2162 769 2203 vel
810 2161 988 2216 spectat
1030 2163 1240 2204 deorsum
1277 2163 1350 2204 vel
1388 2163 1565 2217 spectat
1603 2178 1802 2205 sursum:

307 2225 381 2278 qui
398 2222 641 2278 [uspeeiant
659 2226 715 2266 ad
735 2239 782 2266 se
799 2233 845 2267 et
863 2227 920 2267 ad
939 2226 1168 2274 mundum,
1183 2226 1246 2266 illi
1264 2225 1473 2280 spectant
1492 2227 1700 2268 deorsum
1721 2242 1729 2277 ;
1757 2235 1805 2269 at

307 2288 381 2341 qui
407 2287 616 2341 spectant
643 2289 700 2329 ad
733 2289 978 2330 Dominum
1001 2296 1048 2331 et
1079 2290 1136 2330 ad
1163 2289 1352 2338 caelum,
1377 2290 1440 2330 illi
1472 2289 1682 2343 spectant
1708 2305 1804 2332 sur-

305 2363 416 2391 sum.
478 2351 700 2393 Interiora
730 2353 937 2402 hominis,
965 2367 1080 2407 quae
1106 2354 1271 2394 mentis
1298 2353 1391 2406 ejus
1424 2360 1542 2402 sunt,
1568 2352 1806 2396 actualiter

305 2412 515 2467 spectant
541 2414 644 2456 illuc
672 2429 760 2469 quo
783 2415 876 2468 ejus
898 2430 1024 2457 amor
1046 2431 1124 2457 seu
1150 2415 1341 2464 affthio,
1366 2430 1471 2457 nam
1498 2430 1625 2458 amor
1651 2418 1803 2458 deter-

305 2477 448 2518 minat
479 2477 582 2527 illa;
616 2485 662 2519 et
693 2479 838 2532 qualis
870 2486 939 2520 est
972 2481 1294 2521 determinatio
1320 2481 1583 2521 interiorum
1610 2481 1804 2522 hominis

305 2554 419 2594 quae
445 2539 539 2593 ejus
571 2543 737 2582 mentis
764 2549 882 2591 sunt,
911 2543 1014 2584 talis
1045 2543 1183 2584 homo
1215 2550 1319 2597 post
1347 2550 1540 2584 mortem
1573 2551 1728 2586 manet
1759 2546 1803 2586 in

304 2610 553 2645 aeternum.
634 2603 849 2658 Spectare
881 2606 1090 2647 deorsum
1125 2613 1202 2647 aut
1239 2620 1413 2647 sursum
1451 2614 1521 2648 est
1559 2622 1619 2648 ex
1651 2621 1804 2649 amore

304 2681 384 2721 per
408 2666 707 2718 intellthum,
735 2670 799 2711 ita
824 2683 902 2723 per
927 2670 1005 2711 illa
1030 2685 1145 2724 quae
1170 2671 1366 2712 formant
1393 2678 1440 2712 et
1466 2671 1635 2713 faciunt
1666 2671 1802 2712 intel-

305 2729 487 2780 lectum,
515 2745 631 2785 quae
656 2739 761 2773 sunt
787 2734 1073 2786 cognitiones
1099 2735 1191 2775 veri
1217 2741 1263 2775 et
1290 2734 1410 2774 boni.
1473 2734 1607 2788 Quod
1634 2735 1690 2776 de
1716 2735 1803 2775 illis

304 2794 422 2835 intra
453 2795 692 2837 ecclesiam
724 2797 797 2849 qui
828 2797 872 2837 in
899 2798 1233 2851 cognitionibus
1265 2800 1357 2840 veri
1389 2805 1435 2840 et
1466 2799 1573 2840 boni
1604 2806 1723 2847 sunt,
1756 2807 1802 2840 et

305 2870 395 2898 non
421 2858 551 2898 simul
584 2865 662 2899 aut
695 2860 897 2901 nondum
928 2861 972 2901 in
998 2861 1092 2902 vita
1118 2862 1364 2903 secundum
1391 2862 1506 2911 illas,
1534 2863 1597 2903 ita
1629 2863 1684 2903 de
1716 2862 1803 2902 illis

304 2921 378 2974 qui
408 2921 453 2971 in
484 2920 719 2962 affectione
745 2923 836 2963 veri
869 2937 928 2964 ex
960 2924 1133 2977 ori-gine
1159 2924 1351 2966 naturali
1373 2931 1492 2973 sunt,
1517 2925 1573 2966 ad
1603 2924 1801 2978 “Ange-

305 2983 396 3024 lum
419 2983 676 3038 Ephesinae
699 2985 934 3028 Ecclesiae
946 2986 965 3002 '’
987 2988 1202 3041 scriptum
1228 2989 1299 3038 sit,
1324 2995 1370 3030 et
1394 3002 1510 3030 nunc
1534 2989 1590 3029 ad
1611 2988 1800 3042 “Ange-
