<?xml version="1.0" encoding="UTF-8"?>
<!DOCTYPE html PUBLIC "-//W3C//DTD XHTML 1.0 Transitional//EN"
    "http://www.w3.org/TR/xhtml1/DTD/xhtml1-transitional.dtd">
<html xmlns="http://www.w3.org/1999/xhtml" xml:lang="en" lang="en">
 <head>
  <title>
</title>
<meta http-equiv="Content-Type" content="text/html;charset=utf-8" />
  <meta name='ocr-system' content='tesseract 3.04.00' />
  <meta name='ocr-capabilities' content='ocr_page ocr_carea ocr_par ocr_line ocrx_word'/>
</head>
<body>
  <div class='ocr_page' id='page_1' title='image "apocalypsisexpli01sweduoft_0532.png"; bbox 0 0 2060 3476; ppageno 0'>
   <div class='ocr_carea' id='block_1_1' title="bbox 398 351 1468 403">
    <p class='ocr_par' dir='ltr' id='par_1_1' title="bbox 398 351 1468 403">
     <span class='ocr_line' id='line_1_1' title="bbox 398 351 1468 403; baseline 0.001 -10"><span class='ocrx_word' id='word_1_1' title='bbox 398 351 479 403; x_wconf 82' lang='lat'>526</span> <span class='ocrx_word' id='word_1_2' title='bbox 806 360 1138 394; x_wconf 74' lang='lat' dir='ltr'>APOCALvPffls</span> <span class='ocrx_word' id='word_1_3' title='bbox 1169 361 1468 394; x_wconf 83' lang='lat' dir='ltr'>EXPLICATA.</span> 
     </span>
    </p>
   </div>
   <div class='ocr_carea' id='block_1_2' title="bbox 393 475 1881 655">
    <p class='ocr_par' dir='ltr' id='par_1_2' title="bbox 393 475 1881 655">
     <span class='ocr_line' id='line_1_2' title="bbox 394 475 1881 531; baseline 0.002 -16"><span class='ocrx_word' id='word_1_4' title='bbox 394 488 529 527; x_wconf 90' lang='lat' dir='ltr'>quare</span> <span class='ocrx_word' id='word_1_5' title='bbox 556 488 634 528; x_wconf 88' lang='lat' dir='ltr'>per</span> <span class='ocrx_word' id='word_1_6' title='bbox 658 475 848 516; x_wconf 89' lang='lat' dir='ltr'>“caelos</span> <span class='ocrx_word' id='word_1_7' title='bbox 858 475 877 491; x_wconf 95' lang='grc'>”</span> <span class='ocrx_word' id='word_1_8' title='bbox 898 475 1214 529; x_wconf 88' lang='lat' dir='ltr'>intelliguntur</span> <span class='ocrx_word' id='word_1_9' title='bbox 1235 476 1349 518; x_wconf 85' lang='lat' dir='ltr'>caeli</span> <span class='ocrx_word' id='word_1_10' title='bbox 1372 476 1445 517; x_wconf 89' lang='lat' dir='ltr'>ubi</span> <span class='ocrx_word' id='word_1_11' title='bbox 1471 475 1706 526; x_wconf 85' lang='lat' dir='ltr'>Dominus,</span> <span class='ocrx_word' id='word_1_12' title='bbox 1729 482 1776 518; x_wconf 89' lang='lat' dir='ltr'>et</span> <span class='ocrx_word' id='word_1_13' title='bbox 1802 490 1881 531; x_wconf 87' lang='lat' dir='ltr'>per</span> 
     </span>
     <span class='ocr_line' id='line_1_3' title="bbox 396 536 1878 592; baseline 0.001 -15"><span class='ocrx_word' id='word_1_14' title='bbox 396 541 601 578; x_wconf 83' lang='lat' dir='ltr'>“terram</span> <span class='ocrx_word' id='word_1_15' title='bbox 615 536 635 552; x_wconf 89' lang='lat'><strong>”</strong></span> <span class='ocrx_word' id='word_1_16' title='bbox 665 537 858 579; x_wconf 84' lang='lat' dir='ltr'>ecclesia</span> <span class='ocrx_word' id='word_1_17' title='bbox 889 539 962 579; x_wconf 91' lang='lat' dir='ltr'>ubi</span> <span class='ocrx_word' id='word_1_18' title='bbox 993 540 1131 580; x_wconf 84' lang='lat' dir='ltr'>etiam</span> <span class='ocrx_word' id='word_1_19' title='bbox 1164 538 1410 589; x_wconf 87' lang='lat' dir='ltr'>Dominus;</span> <span class='ocrx_word' id='word_1_20' title='bbox 1445 552 1524 592; x_wconf 89' lang='lat' dir='ltr'>per</span> <span class='ocrx_word' id='word_1_21' title='bbox 1553 538 1878 588; x_wconf 89' lang='lat' dir='ltr'>“frumentum‚</span> 
     </span>
     <span class='ocr_line' id='line_1_4' title="bbox 393 600 1878 655; baseline 0.001 -15"><span class='ocrx_word' id='word_1_22' title='bbox 393 606 591 640; x_wconf 87' lang='lat' dir='ltr'>mustum</span> <span class='ocrx_word' id='word_1_23' title='bbox 606 606 653 642; x_wconf 95' lang='lat' dir='ltr'>et</span> <span class='ocrx_word' id='word_1_24' title='bbox 672 600 845 642; x_wconf 90' lang='lat' dir='ltr'>oleum&#39;&#39;</span> <span class='ocrx_word' id='word_1_25' title='bbox 859 601 1171 655; x_wconf 83' lang='lat' dir='ltr'>significantur</span> <span class='ocrx_word' id='word_1_26' title='bbox 1184 602 1334 643; x_wconf 83' lang='lat' dir='ltr'>omnia</span> <span class='ocrx_word' id='word_1_27' title='bbox 1349 601 1607 642; x_wconf 86' lang='lat' dir='ltr'><strong>nutritionis</strong></span> <span class='ocrx_word' id='word_1_28' title='bbox 1622 601 1878 655; x_wconf 83' lang='lat' dir='ltr'>spiritualis,</span> 
     </span>
    </p>
   </div>
   <div class='ocr_carea' id='block_1_3' title="bbox 392 663 1880 777">
    <p class='ocr_par' dir='ltr' id='par_1_3' title="bbox 392 663 1880 777">
     <span class='ocr_line' id='line_1_5' title="bbox 392 663 1880 719; baseline 0.002 -16"><span class='ocrx_word' id='word_1_29' title='bbox 392 676 507 716; x_wconf 85' lang='lat' dir='ltr'>quae</span> <span class='ocrx_word' id='word_1_30' title='bbox 533 670 638 705; x_wconf 91' lang='lat' dir='ltr'>sunt</span> <span class='ocrx_word' id='word_1_31' title='bbox 668 665 788 705; x_wconf 90' lang='lat' dir='ltr'>bona</span> <span class='ocrx_word' id='word_1_32' title='bbox 815 665 979 706; x_wconf 81' lang='lat' dir='ltr'>amoris</span> <span class='ocrx_word' id='word_1_33' title='bbox 1011 671 1058 707; x_wconf 90' lang='lat' dir='ltr'>et</span> <span class='ocrx_word' id='word_1_34' title='bbox 1089 664 1325 707; x_wconf 82' lang='lat' dir='ltr'>charitatis</span> <span class='ocrx_word' id='word_1_35' title='bbox 1350 677 1403 706; x_wconf 92' lang='lat' dir='ltr'>ac</span> <span class='ocrx_word' id='word_1_36' title='bbox 1429 678 1536 706; x_wconf 81' lang='lat' dir='ltr'>vera</span> <span class='ocrx_word' id='word_1_37' title='bbox 1566 663 1681 706; x_wconf 86' lang='lat' dir='ltr'>fidei.</span> <span class='ocrx_word' id='word_1_38' title='bbox 1741 664 1880 719; x_wconf 92' lang='lat' dir='ltr'>Apud</span> 
     </span>
     <span class='ocr_line' id='line_1_6' title="bbox 392 726 680 777; baseline 0.007 -11"><span class='ocrx_word' id='word_1_39' title='bbox 392 726 680 777; x_wconf 77' lang='lat' dir='ltr'><em>Malachiam,</em></span> 
     </span>
    </p>
   </div>
   <div class='ocr_carea' id='block_1_4' title="bbox 461 817 1881 946">
    <p class='ocr_par' dir='ltr' id='par_1_4' title="bbox 461 817 1881 946">
     <span class='ocr_line' id='line_1_7' title="bbox 461 817 1880 860; baseline 0.001 -11"><span class='ocrx_word' id='word_1_40' title='bbox 461 817 577 849; x_wconf 87' lang='lat' dir='ltr'>“Non</span> <span class='ocrx_word' id='word_1_41' title='bbox 602 824 804 859; x_wconf 83' lang='lat' dir='ltr'>corrumpet</span> <span class='ocrx_word' id='word_1_42' title='bbox 819 819 923 850; x_wconf 88' lang='lat' dir='ltr'>vobis</span> <span class='ocrx_word' id='word_1_43' title='bbox 947 817 1100 850; x_wconf 71' lang='lat' dir='ltr'>frud&#39;tum</span> <span class='ocrx_word' id='word_1_44' title='bbox 1125 825 1251 857; x_wconf 80' lang='lat' dir='ltr'>terrae.</span> <span class='ocrx_word' id='word_1_45' title='bbox 1271 828 1386 860; x_wconf 90' lang='lat' dir='ltr'>neque</span> <span class='ocrx_word' id='word_1_46' title='bbox 1410 819 1499 850; x_wconf 88' lang='lat' dir='ltr'>orba</span> <span class='ocrx_word' id='word_1_47' title='bbox 1521 818 1587 850; x_wconf 88' lang='lat' dir='ltr'>erit</span> <span class='ocrx_word' id='word_1_48' title='bbox 1610 818 1713 851; x_wconf 86' lang='lat' dir='ltr'>vobis</span> <span class='ocrx_word' id='word_1_49' title='bbox 1735 819 1819 851; x_wconf 86' lang='lat' dir='ltr'>vitis</span> <span class='ocrx_word' id='word_1_50' title='bbox 1843 819 1880 851; x_wconf 84' lang='lat' dir='ltr'>in</span> 
     </span>
     <span class='ocr_line' id='line_1_8' title="bbox 566 862 1881 903; baseline 0.002 -10"><span class='ocrx_word' id='word_1_51' title='bbox 566 871 653 901; x_wconf 87' lang='lat' dir='ltr'>agro</span> <span class='ocrx_word' id='word_1_52' title='bbox 666 873 690 894; x_wconf 87' lang='lat'>:.</span> <span class='ocrx_word' id='word_1_53' title='bbox 705 886 712 894; x_wconf 93' lang='lat'><strong>.</strong></span> <span class='ocrx_word' id='word_1_54' title='bbox 726 886 733 894; x_wconf 90' lang='lat'><strong>.</strong></span> <span class='ocrx_word' id='word_1_55' title='bbox 748 862 1016 902; x_wconf 85' lang='lat' dir='ltr'>.praedicabunt</span> <span class='ocrx_word' id='word_1_56' title='bbox 1029 872 1094 894; x_wconf 90' lang='lat' dir='ltr'>vos</span> <span class='ocrx_word' id='word_1_57' title='bbox 1110 863 1234 894; x_wconf 89' lang='lat' dir='ltr'>beatos</span> <span class='ocrx_word' id='word_1_58' title='bbox 1248 872 1374 894; x_wconf 90' lang='lat' dir='ltr'>omnes</span> <span class='ocrx_word' id='word_1_59' title='bbox 1390 868 1527 903; x_wconf 86' lang='lat' dir='ltr'>gentes,</span> <span class='ocrx_word' id='word_1_60' title='bbox 1543 868 1578 894; x_wconf 93' lang='lat' dir='ltr'>et</span> <span class='ocrx_word' id='word_1_61' title='bbox 1594 862 1692 895; x_wconf 88' lang='lat' dir='ltr'>eritis</span> <span class='ocrx_word' id='word_1_62' title='bbox 1704 872 1770 895; x_wconf 88' lang='lat' dir='ltr'>vos</span> <span class='ocrx_word' id='word_1_63' title='bbox 1786 868 1881 895; x_wconf 86' lang='lat' dir='ltr'>terra</span> 
     </span>
     <span class='ocr_line' id='line_1_9' title="bbox 565 905 1044 946; baseline 0.002 -10"><span class='ocrx_word' id='word_1_64' title='bbox 565 905 807 946; x_wconf 85' lang='lat' dir='ltr'>beneplaciti”</span> <span class='ocrx_word' id='word_1_65' title='bbox 824 905 886 945; x_wconf 85' lang='lat' dir='ltr'>(iii.</span> <span class='ocrx_word' id='word_1_66' title='bbox 904 914 954 944; x_wconf 91' lang='lat'>11,</span> <span class='ocrx_word' id='word_1_67' title='bbox 971 906 1044 946; x_wconf 87' lang='lat'>12);</span> 
     </span>
    </p>
   </div>
   <div class='ocr_carea' id='block_1_5' title="bbox 390 993 1880 1295">
    <p class='ocr_par' dir='ltr' id='par_1_5' title="bbox 390 993 1880 1295">
     <span class='ocr_line' id='line_1_10' title="bbox 390 993 1878 1049; baseline 0.001 -15"><span class='ocrx_word' id='word_1_68' title='bbox 390 993 502 1034; x_wconf 86' lang='lat' dir='ltr'>haec</span> <span class='ocrx_word' id='word_1_69' title='bbox 530 994 739 1035; x_wconf 88' lang='lat' dir='ltr'>dicuntur</span> <span class='ocrx_word' id='word_1_70' title='bbox 764 994 820 1035; x_wconf 89' lang='lat' dir='ltr'>de</span> <span class='ocrx_word' id='word_1_71' title='bbox 846 994 932 1035; x_wconf 87' lang='lat' dir='ltr'>illis</span> <span class='ocrx_word' id='word_1_72' title='bbox 958 994 1078 1048; x_wconf 84' lang='lat' dir='ltr'>apud</span> <span class='ocrx_word' id='word_1_73' title='bbox 1103 1008 1215 1048; x_wconf 87' lang='lat' dir='ltr'>quos</span> <span class='ocrx_word' id='word_1_74' title='bbox 1241 1001 1288 1036; x_wconf 92' lang='lat' dir='ltr'>et</span> <span class='ocrx_word' id='word_1_75' title='bbox 1319 995 1363 1035; x_wconf 92' lang='lat' dir='ltr'>in</span> <span class='ocrx_word' id='word_1_76' title='bbox 1389 994 1547 1049; x_wconf 88' lang='lat' dir='ltr'>quibus</span> <span class='ocrx_word' id='word_1_77' title='bbox 1573 994 1768 1036; x_wconf 86' lang='lat' dir='ltr'>ecclesia</span> <span class='ocrx_word' id='word_1_78' title='bbox 1789 1009 1798 1046; x_wconf 89' lang='lat'><strong>;</strong></span> <span class='ocrx_word' id='word_1_79' title='bbox 1831 1001 1878 1036; x_wconf 92' lang='lat' dir='ltr'>et</span> 
     </span>
     <span class='ocr_line' id='line_1_11' title="bbox 392 1055 1880 1112; baseline 0.001 -15"><span class='ocrx_word' id='word_1_80' title='bbox 392 1057 493 1110; x_wconf 82' lang='lat' dir='ltr'>quia</span> <span class='ocrx_word' id='word_1_81' title='bbox 519 1070 596 1110; x_wconf 91' lang='lat' dir='ltr'>per</span> <span class='ocrx_word' id='word_1_82' title='bbox 621 1055 847 1098; x_wconf 64' lang='lat' dir='ltr'>“fruo&#39;turn</span> <span class='ocrx_word' id='word_1_83' title='bbox 870 1063 1016 1099; x_wconf 84' lang='lat' dir='ltr'>terrae</span> <span class='ocrx_word' id='word_1_84' title='bbox 1027 1057 1047 1073; x_wconf 84' lang='lat'>’&#39;</span> <span class='ocrx_word' id='word_1_85' title='bbox 1068 1064 1115 1099; x_wconf 91' lang='lat' dir='ltr'>et</span> <span class='ocrx_word' id='word_1_86' title='bbox 1141 1058 1319 1099; x_wconf 90' lang='lat' dir='ltr'>“vitem</span> <span class='ocrx_word' id='word_1_87' title='bbox 1341 1058 1385 1099; x_wconf 92' lang='lat' dir='ltr'>in</span> <span class='ocrx_word' id='word_1_88' title='bbox 1407 1057 1548 1112; x_wconf 71' lang='lat' dir='ltr'>agro’&#39;</span> <span class='ocrx_word' id='word_1_89' title='bbox 1570 1057 1880 1112; x_wconf 84' lang='lat' dir='ltr'>significantur</span> 
     </span>
     <span class='ocr_line' id='line_1_12' title="bbox 391 1119 1879 1181; baseline 0.002 -21"><span class='ocrx_word' id='word_1_90' title='bbox 391 1120 510 1160; x_wconf 83' lang='lat' dir='ltr'>bona</span> <span class='ocrx_word' id='word_1_91' title='bbox 532 1125 579 1160; x_wconf 91' lang='lat' dir='ltr'>et</span> <span class='ocrx_word' id='word_1_92' title='bbox 601 1133 706 1161; x_wconf 85' lang='lat' dir='ltr'>vera</span> <span class='ocrx_word' id='word_1_93' title='bbox 729 1119 948 1161; x_wconf 87' lang='lat' dir='ltr'>ecclesiae</span> <span class='ocrx_word' id='word_1_94' title='bbox 975 1119 1073 1174; x_wconf 91' lang='lat' dir='ltr'>(per</span> <span class='ocrx_word' id='word_1_95' title='bbox 1093 1119 1348 1162; x_wconf 69' lang='lat' dir='ltr'>“sru&amp;um&#39;&#39;</span> <span class='ocrx_word' id='word_1_96' title='bbox 1366 1121 1552 1181; x_wconf 24' lang='lat' dir='ltr'>bonaxet</span> <span class='ocrx_word' id='word_1_97' title='bbox 1575 1135 1653 1175; x_wconf 90' lang='lat' dir='ltr'>per</span> <span class='ocrx_word' id='word_1_98' title='bbox 1671 1122 1848 1163; x_wconf 84' lang='lat' dir='ltr'>“vitem</span> <span class='ocrx_word' id='word_1_99' title='bbox 1860 1120 1879 1137; x_wconf 74' lang='lat'>’⁹</span> 
     </span>
     <span class='ocr_line' id='line_1_13' title="bbox 390 1180 1878 1239; baseline 0.002 -16"><span class='ocrx_word' id='word_1_100' title='bbox 390 1196 495 1223; x_wconf 84' lang='lat' dir='ltr'>vera</span> <span class='ocrx_word' id='word_1_101' title='bbox 513 1180 642 1237; x_wconf 88' lang='lat' dir='ltr'>ejus),</span> <span class='ocrx_word' id='word_1_102' title='bbox 662 1183 764 1224; x_wconf 89' lang='lat' dir='ltr'>ideo</span> <span class='ocrx_word' id='word_1_103' title='bbox 782 1189 1005 1224; x_wconf 84' lang='lat' dir='ltr'>vocantur</span> <span class='ocrx_word' id='word_1_104' title='bbox 1024 1188 1181 1226; x_wconf 84' lang='lat' dir='ltr'>“terra</span> <span class='ocrx_word' id='word_1_105' title='bbox 1202 1183 1515 1239; x_wconf 82' lang='lat' dir='ltr'>beneplaciti.&#39;&#39;</span> <span class='ocrx_word' id='word_1_106' title='bbox 1574 1183 1712 1238; x_wconf 92' lang='lat' dir='ltr'>Apud</span> <span class='ocrx_word' id='word_1_107' title='bbox 1739 1183 1878 1226; x_wconf 78' lang='lat' dir='ltr'>Davi-</span> 
     </span>
     <span class='ocr_line' id='line_1_14' title="bbox 390 1246 509 1295; baseline 0 -9"><span class='ocrx_word' id='word_1_108' title='bbox 390 1246 509 1295; x_wconf 88' lang='lat' dir='ltr'>dem,</span> 
     </span>
    </p>
   </div>
   <div class='ocr_carea' id='block_1_6' title="bbox 458 1321 1878 1409">
    <p class='ocr_par' dir='ltr' id='par_1_6' title="bbox 458 1321 1878 1409">
     <span class='ocr_line' id='line_1_15' title="bbox 458 1321 1878 1365; baseline 0.002 -12"><span class='ocrx_word' id='word_1_109' title='bbox 458 1321 643 1362; x_wconf 84' lang='lat' dir='ltr'>“Spiritus</span> <span class='ocrx_word' id='word_1_110' title='bbox 667 1327 747 1354; x_wconf 86' lang='lat' dir='ltr'>tuus</span> <span class='ocrx_word' id='word_1_111' title='bbox 770 1323 887 1354; x_wconf 91' lang='lat' dir='ltr'>bonus</span> <span class='ocrx_word' id='word_1_112' title='bbox 906 1322 1010 1355; x_wconf 91' lang='lat' dir='ltr'>ducat</span> <span class='ocrx_word' id='word_1_113' title='bbox 1034 1332 1090 1355; x_wconf 89' lang='lat' dir='ltr'>me</span> <span class='ocrx_word' id='word_1_114' title='bbox 1115 1323 1151 1355; x_wconf 90' lang='lat' dir='ltr'>in</span> <span class='ocrx_word' id='word_1_115' title='bbox 1175 1329 1306 1355; x_wconf 86' lang='lat' dir='ltr'>terram</span> <span class='ocrx_word' id='word_1_116' title='bbox 1326 1321 1559 1362; x_wconf 47' lang='lat' dir='ltr'>rei-‘titudinis</span> <span class='ocrx_word' id='word_1_117' title='bbox 1582 1329 1727 1365; x_wconf 87' lang='lat' dir='ltr'>propter</span> <span class='ocrx_word' id='word_1_118' title='bbox 1746 1333 1878 1356; x_wconf 86' lang='lat' dir='ltr'>nomen</span> 
     </span>
     <span class='ocr_line' id='line_1_16' title="bbox 563 1364 1574 1409; baseline 0.002 -12"><span class='ocrx_word' id='word_1_119' title='bbox 563 1371 662 1397; x_wconf 88' lang='lat' dir='ltr'>tuum</span> <span class='ocrx_word' id='word_1_120' title='bbox 677 1365 839 1408; x_wconf 88' lang='lat' dir='ltr'>Jehovah</span> <span class='ocrx_word' id='word_1_121' title='bbox 857 1366 997 1398; x_wconf 87' lang='lat' dir='ltr'>vivifiea</span> <span class='ocrx_word' id='word_1_122' title='bbox 1012 1376 1069 1398; x_wconf 91' lang='lat' dir='ltr'>me</span> <span class='ocrx_word' id='word_1_123' title='bbox 1079 1365 1098 1379; x_wconf 92' lang='lat'><strong>”</strong></span> <span class='ocrx_word' id='word_1_124' title='bbox 1114 1366 1259 1407; x_wconf 87' lang='lat' dir='ltr'><em>(Psalm.</em></span> <span class='ocrx_word' id='word_1_125' title='bbox 1273 1367 1380 1400; x_wconf 88' lang='lat' dir='ltr'>cxliii.</span> <span class='ocrx_word' id='word_1_126' title='bbox 1397 1365 1466 1409; x_wconf 89' lang='lat'><em>10[‚</em></span> <span class='ocrx_word' id='word_1_127' title='bbox 1477 1364 1553 1409; x_wconf 92' lang='lat'>11])</span> <span class='ocrx_word' id='word_1_128' title='bbox 1567 1376 1574 1406; x_wconf 86' lang='lat'>;</span> 
     </span>
    </p>
   </div>
   <div class='ocr_carea' id='block_1_7' title="bbox 389 1449 1910 1883">
    <p class='ocr_par' dir='ltr' id='par_1_7' title="bbox 389 1449 1910 1883">
     <span class='ocr_line' id='line_1_17' title="bbox 392 1449 1910 1511; baseline 0.003 -20"><span class='ocrx_word' id='word_1_129' title='bbox 392 1454 550 1492; x_wconf 84' lang='lat' dir='ltr'>“terra</span> <span class='ocrx_word' id='word_1_130' title='bbox 575 1449 884 1492; x_wconf 65' lang='lat' dir='ltr'>rthitudinis”</span> <span class='ocrx_word' id='word_1_131' title='bbox 909 1465 990 1506; x_wconf 87' lang='lat' dir='ltr'>pro</span> <span class='ocrx_word' id='word_1_132' title='bbox 1016 1452 1209 1494; x_wconf 79' lang='lat' dir='ltr'>ecclesia</span> <span class='ocrx_word' id='word_1_133' title='bbox 1239 1453 1284 1494; x_wconf 91' lang='lat' dir='ltr'>in</span> <span class='ocrx_word' id='word_1_134' title='bbox 1310 1467 1397 1507; x_wconf 89' lang='lat' dir='ltr'>qua</span> <span class='ocrx_word' id='word_1_135' title='bbox 1421 1451 1592 1495; x_wconf 61' lang='lat' dir='ltr'>reotum</span> <span class='ocrx_word' id='word_1_136' title='bbox 1624 1459 1671 1495; x_wconf 94' lang='lat' dir='ltr'>et</span> <span class='ocrx_word' id='word_1_137' title='bbox 1695 1466 1876 1511; x_wconf 81' lang='lat' dir='ltr'>verum:</span> <span class='ocrx_word' id='word_1_138' title='bbox 1908 1468 1910 1470; x_wconf 69' lang='grc'>’</span> 
     </span>
     <span class='ocr_line' id='line_1_18' title="bbox 389 1512 1879 1569; baseline 0.003 -15"><span class='ocrx_word' id='word_1_139' title='bbox 389 1519 436 1554; x_wconf 91' lang='lat' dir='ltr'>et</span> <span class='ocrx_word' id='word_1_140' title='bbox 467 1514 570 1567; x_wconf 88' lang='lat' dir='ltr'>quia</span> <span class='ocrx_word' id='word_1_141' title='bbox 598 1512 825 1568; x_wconf 86' lang='lat' dir='ltr'>“Spiritus</span> <span class='ocrx_word' id='word_1_142' title='bbox 855 1514 1087 1568; x_wconf 84' lang='lat' dir='ltr'>Jehovae”</span> <span class='ocrx_word' id='word_1_143' title='bbox 1113 1515 1337 1569; x_wconf 85' lang='lat' dir='ltr'>significat</span> <span class='ocrx_word' id='word_1_144' title='bbox 1369 1516 1582 1558; x_wconf 89' lang='lat' dir='ltr'>Divinum</span> <span class='ocrx_word' id='word_1_145' title='bbox 1613 1516 1799 1565; x_wconf 84' lang='lat' dir='ltr'>Verum,</span> <span class='ocrx_word' id='word_1_146' title='bbox 1831 1523 1879 1558; x_wconf 91' lang='lat' dir='ltr'>et</span> 
     </span>
     <span class='ocr_line' id='line_1_19' title="bbox 389 1577 1876 1634; baseline 0.003 -17"><span class='ocrx_word' id='word_1_147' title='bbox 389 1577 576 1631; x_wconf 89' lang='lat' dir='ltr'>quisque</span> <span class='ocrx_word' id='word_1_148' title='bbox 612 1578 753 1619; x_wconf 89' lang='lat' dir='ltr'>vitam</span> <span class='ocrx_word' id='word_1_149' title='bbox 792 1578 1069 1632; x_wconf 85' lang='lat' dir='ltr'>spiritualem</span> <span class='ocrx_word' id='word_1_150' title='bbox 1110 1593 1189 1632; x_wconf 88' lang='lat' dir='ltr'>per</span> <span class='ocrx_word' id='word_1_151' title='bbox 1225 1579 1269 1620; x_wconf 95' lang='lat' dir='ltr'>id</span> <span class='ocrx_word' id='word_1_152' title='bbox 1309 1580 1487 1634; x_wconf 87' lang='lat' dir='ltr'>accipit,</span> <span class='ocrx_word' id='word_1_153' title='bbox 1526 1594 1662 1634; x_wconf 87' lang='lat' dir='ltr'>quare</span> <span class='ocrx_word' id='word_1_154' title='bbox 1699 1580 1876 1630; x_wconf 86' lang='lat' dir='ltr'>dicitur.</span> 
     </span>
     <span class='ocr_line' id='line_1_20' title="bbox 392 1638 1879 1696; baseline 0.003 -16"><span class='ocrx_word' id='word_1_155' title='bbox 392 1638 621 1693; x_wconf 85' lang='lat' dir='ltr'>“Spiritus</span> <span class='ocrx_word' id='word_1_156' title='bbox 644 1646 746 1682; x_wconf 91' lang='lat' dir='ltr'>tuus</span> <span class='ocrx_word' id='word_1_157' title='bbox 772 1641 917 1683; x_wconf 88' lang='lat' dir='ltr'>bonus</span> <span class='ocrx_word' id='word_1_158' title='bbox 939 1642 1075 1683; x_wconf 86' lang='lat' dir='ltr'>ducat</span> <span class='ocrx_word' id='word_1_159' title='bbox 1102 1642 1214 1691; x_wconf 91' lang='lat' dir='ltr'>me,&#39;&#39;</span> <span class='ocrx_word' id='word_1_160' title='bbox 1236 1649 1282 1684; x_wconf 91' lang='lat' dir='ltr'>et</span> <span class='ocrx_word' id='word_1_161' title='bbox 1307 1642 1549 1696; x_wconf 83' lang='lat' dir='ltr'>“Jehovah</span> <span class='ocrx_word' id='word_1_162' title='bbox 1571 1642 1747 1684; x_wconf 83' lang='lat' dir='ltr'>vivifica</span> <span class='ocrx_word' id='word_1_163' title='bbox 1768 1642 1879 1685; x_wconf 89' lang='lat' dir='ltr'>me.”</span> 
     </span>
     <span class='ocr_line' id='line_1_21' title="bbox 391 1701 1876 1765; baseline 0.003 -22"><span class='ocrx_word' id='word_1_164' title='bbox 391 1701 507 1755; x_wconf 83' lang='lat' dir='ltr'>Quia</span> <span class='ocrx_word' id='word_1_165' title='bbox 526 1706 551 1723; x_wconf 79' lang='lat'>‘⁴</span> <span class='ocrx_word' id='word_1_166' title='bbox 564 1703 713 1744; x_wconf 82' lang='lat' dir='ltr'>terra”</span> <span class='ocrx_word' id='word_1_167' title='bbox 730 1703 954 1757; x_wconf 84' lang='lat' dir='ltr'>significat</span> <span class='ocrx_word' id='word_1_168' title='bbox 972 1704 1226 1754; x_wconf 86' lang='lat' dir='ltr'>ecclesiam,</span> <span class='ocrx_word' id='word_1_169' title='bbox 1245 1711 1292 1747; x_wconf 93' lang='lat' dir='ltr'>et</span> <span class='ocrx_word' id='word_1_170' title='bbox 1309 1706 1382 1746; x_wconf 92' lang='lat' dir='ltr'>ubi</span> <span class='ocrx_word' id='word_1_171' title='bbox 1399 1705 1592 1747; x_wconf 87' lang='lat' dir='ltr'>ecclesia</span> <span class='ocrx_word' id='word_1_172' title='bbox 1609 1705 1668 1746; x_wconf 93' lang='lat' dir='ltr'>ibi</span> <span class='ocrx_word' id='word_1_173' title='bbox 1685 1705 1876 1765; x_wconf 80' lang='lat' dir='ltr'>caelum,</span> 
     </span>
     <span class='ocr_line' id='line_1_22' title="bbox 389 1765 1879 1810; baseline 0.003 -5"><span class='ocrx_word' id='word_1_174' title='bbox 389 1765 491 1806; x_wconf 92' lang='lat' dir='ltr'>ideo</span> <span class='ocrx_word' id='word_1_175' title='bbox 512 1765 598 1806; x_wconf 93' lang='lat' dir='ltr'>hoc</span> <span class='ocrx_word' id='word_1_176' title='bbox 622 1766 784 1807; x_wconf 90' lang='lat' dir='ltr'>dicitur</span> <span class='ocrx_word' id='word_1_177' title='bbox 803 1770 961 1808; x_wconf 83' lang='lat' dir='ltr'>“terra</span> <span class='ocrx_word' id='word_1_178' title='bbox 982 1767 1260 1808; x_wconf 87' lang='lat' dir='ltr'>viventium”</span> <span class='ocrx_word' id='word_1_179' title='bbox 1277 1774 1324 1809; x_wconf 91' lang='lat' dir='ltr'>et</span> <span class='ocrx_word' id='word_1_180' title='bbox 1344 1771 1501 1809; x_wconf 85' lang='lat' dir='ltr'>“terra</span> <span class='ocrx_word' id='word_1_181' title='bbox 1522 1768 1643 1810; x_wconf 88' lang='lat' dir='ltr'>vitae</span> <span class='ocrx_word' id='word_1_182' title='bbox 1659 1767 1695 1809; x_wconf 86' lang='lat'>:’&#39;</span> <span class='ocrx_word' id='word_1_183' title='bbox 1723 1771 1879 1810; x_wconf 85' lang='lat' dir='ltr'>“terra</span> 
     </span>
     <span class='ocr_line' id='line_1_23' title="bbox 389 1828 1041 1883; baseline 0.005 -15"><span class='ocrx_word' id='word_1_184' title='bbox 389 1828 669 1870; x_wconf 90' lang='lat' dir='ltr'>viventium”</span> <span class='ocrx_word' id='word_1_185' title='bbox 695 1829 813 1883; x_wconf 83' lang='lat' dir='ltr'>apud</span> <span class='ocrx_word' id='word_1_186' title='bbox 837 1829 1041 1880; x_wconf 86' lang='lat' dir='ltr'><em>Esaiam,</em></span> 
     </span>
    </p>
   </div>
   <div class='ocr_carea' id='block_1_8' title="bbox 528 1917 1747 1961">
    <p class='ocr_par' dir='ltr' id='par_1_8' title="bbox 528 1917 1747 1961">
     <span class='ocr_line' id='line_1_24' title="bbox 528 1917 1747 1961; baseline 0.002 -12"><span class='ocrx_word' id='word_1_187' title='bbox 528 1918 551 1932; x_wconf 79' lang='lat'>⁸⁸</span> <span class='ocrx_word' id='word_1_188' title='bbox 563 1917 743 1956; x_wconf 85' lang='lat' dir='ltr'>Dixeram,</span> <span class='ocrx_word' id='word_1_189' title='bbox 761 1917 843 1950; x_wconf 91' lang='lat' dir='ltr'>Non</span> <span class='ocrx_word' id='word_1_190' title='bbox 859 1919 990 1951; x_wconf 87' lang='lat' dir='ltr'>videbo</span> <span class='ocrx_word' id='word_1_191' title='bbox 1006 1919 1073 1961; x_wconf 82' lang='lat' dir='ltr'>Jah</span> <span class='ocrx_word' id='word_1_192' title='bbox 1090 1919 1127 1951; x_wconf 85' lang='lat' dir='ltr'>in</span> <span class='ocrx_word' id='word_1_193' title='bbox 1144 1925 1239 1952; x_wconf 87' lang='lat' dir='ltr'>terra</span> <span class='ocrx_word' id='word_1_194' title='bbox 1254 1919 1451 1953; x_wconf 86' lang='lat' dir='ltr'>viventium</span> <span class='ocrx_word' id='word_1_195' title='bbox 1462 1919 1481 1934; x_wconf 82' lang='lat'>’¹</span> <span class='ocrx_word' id='word_1_196' title='bbox 1497 1919 1657 1961; x_wconf 85' lang='lat' dir='ltr'>(xxxviii.</span> <span class='ocrx_word' id='word_1_197' title='bbox 1673 1919 1747 1961; x_wconf 83' lang='lat'>11);</span> 
     </span>
    </p>
   </div>
   <div class='ocr_carea' id='block_1_9' title="bbox 391 1994 892 2048">
    <p class='ocr_par' dir='ltr' id='par_1_9' title="bbox 391 1994 892 2048">
     <span class='ocr_line' id='line_1_25' title="bbox 391 1994 892 2048; baseline 0.002 -13"><span class='ocrx_word' id='word_1_198' title='bbox 391 1999 437 2035; x_wconf 90' lang='lat' dir='ltr'>et</span> <span class='ocrx_word' id='word_1_199' title='bbox 463 1995 582 2048; x_wconf 85' lang='lat' dir='ltr'>apud</span> <span class='ocrx_word' id='word_1_200' title='bbox 607 1994 892 2046; x_wconf 75' lang='lat' dir='ltr'><em>Ezechielem,</em></span> 
     </span>
    </p>
   </div>
   <div class='ocr_carea' id='block_1_10' title="bbox 457 2071 1843 2115">
    <p class='ocr_par' dir='ltr' id='par_1_10' title="bbox 457 2071 1843 2115">
     <span class='ocr_line' id='line_1_26' title="bbox 457 2071 1843 2115; baseline 0.002 -12"><span class='ocrx_word' id='word_1_201' title='bbox 457 2072 479 2085; x_wconf 82' lang='lat'>¹⁴</span> <span class='ocrx_word' id='word_1_202' title='bbox 490 2071 559 2112; x_wconf 76' lang='lat' dir='ltr'>Qui</span> <span class='ocrx_word' id='word_1_203' title='bbox 575 2071 749 2104; x_wconf 85' lang='lat' dir='ltr'>dederunt</span> <span class='ocrx_word' id='word_1_204' title='bbox 765 2078 936 2104; x_wconf 85' lang='lat' dir='ltr'>terrorem</span> <span class='ocrx_word' id='word_1_205' title='bbox 954 2072 990 2104; x_wconf 89' lang='lat' dir='ltr'>in</span> <span class='ocrx_word' id='word_1_206' title='bbox 1007 2079 1102 2105; x_wconf 83' lang='lat' dir='ltr'>terra</span> <span class='ocrx_word' id='word_1_207' title='bbox 1117 2073 1314 2106; x_wconf 85' lang='lat' dir='ltr'>viventium</span> <span class='ocrx_word' id='word_1_208' title='bbox 1325 2073 1344 2086; x_wconf 88' lang='grc'>”</span> <span class='ocrx_word' id='word_1_209' title='bbox 1361 2072 1482 2114; x_wconf 87' lang='lat' dir='ltr'>(xxxii.</span> <span class='ocrx_word' id='word_1_210' title='bbox 1497 2081 1550 2113; x_wconf 87' lang='lat'>23,</span> <span class='ocrx_word' id='word_1_211' title='bbox 1567 2081 1619 2114; x_wconf 82' lang='lat'>24,</span> <span class='ocrx_word' id='word_1_212' title='bbox 1634 2081 1686 2113; x_wconf 84' lang='lat'>25,</span> <span class='ocrx_word' id='word_1_213' title='bbox 1701 2074 1754 2112; x_wconf 86' lang='lat'>26,</span> <span class='ocrx_word' id='word_1_214' title='bbox 1769 2073 1843 2115; x_wconf 89' lang='lat'><strong>27):</strong></span> 
     </span>
    </p>
   </div>
   <div class='ocr_carea' id='block_1_11' title="bbox 391 2143 1143 2197">
    <p class='ocr_par' dir='ltr' id='par_1_11' title="bbox 391 2143 1143 2197">
     <span class='ocr_line' id='line_1_27' title="bbox 391 2143 1143 2197; baseline 0.004 -15"><span class='ocrx_word' id='word_1_215' title='bbox 391 2145 550 2197; x_wconf 64' lang='lat' dir='ltr'>“terra</span> <span class='ocrx_word' id='word_1_216' title='bbox 574 2143 735 2191; x_wconf 85' lang='lat' dir='ltr'>vitae‚”</span> <span class='ocrx_word' id='word_1_217' title='bbox 761 2144 879 2197; x_wconf 85' lang='lat' dir='ltr'>apud</span> <span class='ocrx_word' id='word_1_218' title='bbox 907 2143 1143 2194; x_wconf 86' lang='lat' dir='ltr'>Davidem,</span> 
     </span>
    </p>
   </div>
   <div class='ocr_carea' id='block_1_12' title="bbox 457 2218 1802 2260">
    <p class='ocr_par' dir='ltr' id='par_1_12' title="bbox 457 2218 1802 2260">
     <span class='ocr_line' id='line_1_28' title="bbox 457 2218 1802 2260; baseline 0.001 -10"><span class='ocrx_word' id='word_1_219' title='bbox 457 2221 479 2233; x_wconf 80' lang='lat'>&#39;⁸</span> <span class='ocrx_word' id='word_1_220' title='bbox 490 2219 566 2250; x_wconf 88' lang='lat' dir='ltr'>Nisi</span> <span class='ocrx_word' id='word_1_221' title='bbox 583 2220 761 2251; x_wconf 87' lang='lat' dir='ltr'>crederem</span> <span class='ocrx_word' id='word_1_222' title='bbox 779 2221 899 2252; x_wconf 89' lang='lat' dir='ltr'>videre</span> <span class='ocrx_word' id='word_1_223' title='bbox 917 2221 1066 2252; x_wconf 90' lang='lat' dir='ltr'>bonum.</span> <span class='ocrx_word' id='word_1_224' title='bbox 1080 2245 1088 2253; x_wconf 91' lang='lat'>.</span> <span class='ocrx_word' id='word_1_225' title='bbox 1102 2245 1110 2253; x_wconf 95' lang='lat'><strong><em>.</em></strong></span> <span class='ocrx_word' id='word_1_226' title='bbox 1124 2221 1175 2253; x_wconf 80' lang='lat' dir='ltr'>,in</span> <span class='ocrx_word' id='word_1_227' title='bbox 1193 2227 1287 2252; x_wconf 87' lang='lat' dir='ltr'>terra</span> <span class='ocrx_word' id='word_1_228' title='bbox 1305 2221 1399 2253; x_wconf 89' lang='lat' dir='ltr'>vitae</span> <span class='ocrx_word' id='word_1_229' title='bbox 1410 2220 1428 2233; x_wconf 87' lang='lat'><strong>”</strong></span> <span class='ocrx_word' id='word_1_230' title='bbox 1445 2220 1590 2260; x_wconf 88' lang='lat' dir='ltr'><em>(Psalm.</em></span> <span class='ocrx_word' id='word_1_231' title='bbox 1604 2219 1710 2252; x_wconf 85' lang='lat' dir='ltr'>xxvii.</span> <span class='ocrx_word' id='word_1_232' title='bbox 1728 2218 1780 2260; x_wconf 86' lang='lat'>13)</span> <span class='ocrx_word' id='word_1_233' title='bbox 1794 2228 1802 2258; x_wconf 86' lang='grc'>;</span> 
     </span>
    </p>
   </div>
   <div class='ocr_carea' id='block_1_13' title="bbox 384 2292 1879 3047">
    <p class='ocr_par' dir='ltr' id='par_1_13' title="bbox 390 2292 712 2346">
     <span class='ocr_line' id='line_1_29' title="bbox 390 2292 712 2346; baseline 0 -13"><span class='ocrx_word' id='word_1_234' title='bbox 390 2293 508 2346; x_wconf 86' lang='lat' dir='ltr'>apud</span> <span class='ocrx_word' id='word_1_235' title='bbox 536 2292 712 2342; x_wconf 88' lang='lat' dir='ltr'>Mosen,</span> 
     </span>
    </p>

    <p class='ocr_par' dir='ltr' id='par_1_14' title="bbox 458 2363 1879 2410">
     <span class='ocr_line' id='line_1_30' title="bbox 458 2363 1879 2410; baseline 0.001 -11"><span class='ocrx_word' id='word_1_236' title='bbox 458 2370 480 2383; x_wconf 79' lang='lat'>⁴¹</span> <span class='ocrx_word' id='word_1_237' title='bbox 493 2368 599 2409; x_wconf 88' lang='lat' dir='ltr'>Lapis</span> <span class='ocrx_word' id='word_1_238' title='bbox 617 2363 755 2409; x_wconf 76' lang='lat' dir='ltr'>integer</span> <span class='ocrx_word' id='word_1_239' title='bbox 771 2375 806 2401; x_wconf 90' lang='lat' dir='ltr'>et</span> <span class='ocrx_word' id='word_1_240' title='bbox 821 2368 937 2409; x_wconf 83' lang='lat' dir='ltr'>justus</span> <span class='ocrx_word' id='word_1_241' title='bbox 954 2369 1031 2406; x_wconf 85' lang='lat' dir='ltr'>erit,</span> <span class='ocrx_word' id='word_1_242' title='bbox 1048 2370 1141 2410; x_wconf 90' lang='lat' dir='ltr'>epha</span> <span class='ocrx_word' id='word_1_243' title='bbox 1157 2369 1295 2410; x_wconf 86' lang='lat' dir='ltr'>integra</span> <span class='ocrx_word' id='word_1_244' title='bbox 1311 2375 1347 2400; x_wconf 88' lang='lat' dir='ltr'>et</span> <span class='ocrx_word' id='word_1_245' title='bbox 1362 2369 1458 2410; x_wconf 79' lang='lat' dir='ltr'>justa</span> <span class='ocrx_word' id='word_1_246' title='bbox 1474 2369 1551 2407; x_wconf 83' lang='lat' dir='ltr'>erit,</span> <span class='ocrx_word' id='word_1_247' title='bbox 1566 2374 1606 2401; x_wconf 92' lang='lat' dir='ltr'>ut</span> <span class='ocrx_word' id='word_1_248' title='bbox 1621 2369 1879 2410; x_wconf 84' lang='lat' dir='ltr'>prolongentur</span> 
     </span>
    </p>

    <p class='ocr_par' dir='ltr' id='par_1_15' title="bbox 562 2411 1326 2453">
     <span class='ocr_line' id='line_1_31' title="bbox 562 2411 1326 2453; baseline 0 -10"><span class='ocrx_word' id='word_1_249' title='bbox 562 2412 638 2444; x_wconf 86' lang='lat' dir='ltr'>dies</span> <span class='ocrx_word' id='word_1_250' title='bbox 656 2412 706 2444; x_wconf 88' lang='lat' dir='ltr'>tui</span> <span class='ocrx_word' id='word_1_251' title='bbox 723 2422 829 2453; x_wconf 86' lang='lat' dir='ltr'>super</span> <span class='ocrx_word' id='word_1_252' title='bbox 845 2419 939 2444; x_wconf 91' lang='lat' dir='ltr'>terra</span> <span class='ocrx_word' id='word_1_253' title='bbox 950 2412 968 2425; x_wconf 80' lang='lat'>’¹</span> <span class='ocrx_word' id='word_1_254' title='bbox 985 2412 1104 2452; x_wconf 77' lang='lat' dir='ltr'><em>(Dent.</em></span> <span class='ocrx_word' id='word_1_255' title='bbox 1119 2423 1200 2445; x_wconf 85' lang='lat' dir='ltr'><strong>xxv.</strong></span> <span class='ocrx_word' id='word_1_256' title='bbox 1217 2411 1305 2452; x_wconf 72' lang='lat'><strong>[¹115)</strong></span> <span class='ocrx_word' id='word_1_257' title='bbox 1319 2422 1326 2451; x_wconf 91' lang='lat'>;</span> 
     </span>
    </p>

    <p class='ocr_par' dir='ltr' id='par_1_16' title="bbox 384 2489 1878 3047">
     <span class='ocr_line' id='line_1_32' title="bbox 392 2489 1876 2544; baseline 0 -13"><span class='ocrx_word' id='word_1_258' title='bbox 392 2490 688 2544; x_wconf 82' lang='lat' dir='ltr'>“prolongari</span> <span class='ocrx_word' id='word_1_259' title='bbox 715 2491 809 2531; x_wconf 87' lang='lat' dir='ltr'>dies</span> <span class='ocrx_word' id='word_1_260' title='bbox 835 2504 968 2544; x_wconf 88' lang='lat' dir='ltr'>super</span> <span class='ocrx_word' id='word_1_261' title='bbox 993 2497 1112 2531; x_wconf 82' lang='lat' dir='ltr'>terra</span> <span class='ocrx_word' id='word_1_262' title='bbox 1124 2491 1143 2506; x_wconf 91' lang='lat'>’&#39;</span> <span class='ocrx_word' id='word_1_263' title='bbox 1166 2504 1256 2531; x_wconf 92' lang='lat' dir='ltr'>non</span> <span class='ocrx_word' id='word_1_264' title='bbox 1283 2489 1508 2544; x_wconf 83' lang='lat' dir='ltr'>significat</span> <span class='ocrx_word' id='word_1_265' title='bbox 1533 2489 1876 2531; x_wconf 87' lang='lat' dir='ltr'>diuturnitatem</span> 
     </span>
     <span class='ocr_line' id='line_1_33' title="bbox 388 2552 1876 2604; baseline 0 -10"><span class='ocrx_word' id='word_1_266' title='bbox 388 2554 509 2595; x_wconf 83' lang='lat' dir='ltr'>vitae</span> <span class='ocrx_word' id='word_1_267' title='bbox 534 2554 578 2594; x_wconf 91' lang='lat' dir='ltr'>in</span> <span class='ocrx_word' id='word_1_268' title='bbox 606 2554 788 2602; x_wconf 90' lang='lat' dir='ltr'>mundo,</span> <span class='ocrx_word' id='word_1_269' title='bbox 813 2554 893 2594; x_wconf 91' lang='lat' dir='ltr'>sed</span> <span class='ocrx_word' id='word_1_270' title='bbox 920 2559 1091 2594; x_wconf 84' lang='lat' dir='ltr'>statum</span> <span class='ocrx_word' id='word_1_271' title='bbox 1114 2554 1236 2595; x_wconf 88' lang='lat' dir='ltr'>vitae</span> <span class='ocrx_word' id='word_1_272' title='bbox 1262 2554 1306 2594; x_wconf 92' lang='lat' dir='ltr'>in</span> <span class='ocrx_word' id='word_1_273' title='bbox 1332 2553 1538 2602; x_wconf 81' lang='lat' dir='ltr'>ecclesia,</span> <span class='ocrx_word' id='word_1_274' title='bbox 1563 2553 1628 2594; x_wconf 84' lang='lat' dir='ltr'>ita</span> <span class='ocrx_word' id='word_1_275' title='bbox 1651 2553 1696 2593; x_wconf 92' lang='lat' dir='ltr'>in</span> <span class='ocrx_word' id='word_1_276' title='bbox 1722 2552 1876 2604; x_wconf 84' lang='lat' dir='ltr'>caelo;</span> 
     </span>
     <span class='ocr_line' id='line_1_34' title="bbox 392 2615 1873 2670; baseline 0 -14"><span class='ocrx_word' id='word_1_277' title='bbox 392 2615 716 2670; x_wconf 86' lang='lat' dir='ltr'>“prolongari’&#39;</span> <span class='ocrx_word' id='word_1_278' title='bbox 739 2617 858 2657; x_wconf 86' lang='lat' dir='ltr'>enim</span> <span class='ocrx_word' id='word_1_279' title='bbox 884 2616 1169 2670; x_wconf 85' lang='lat' dir='ltr'>praedicatur</span> <span class='ocrx_word' id='word_1_280' title='bbox 1190 2616 1246 2658; x_wconf 92' lang='lat' dir='ltr'>de</span> <span class='ocrx_word' id='word_1_281' title='bbox 1271 2616 1392 2657; x_wconf 93' lang='lat' dir='ltr'>bono</span> <span class='ocrx_word' id='word_1_282' title='bbox 1418 2622 1464 2657; x_wconf 90' lang='lat' dir='ltr'>et</span> <span class='ocrx_word' id='word_1_283' title='bbox 1490 2615 1583 2668; x_wconf 89' lang='lat' dir='ltr'>ejus</span> <span class='ocrx_word' id='word_1_284' title='bbox 1608 2621 1873 2669; x_wconf 85' lang='lat' dir='ltr'>augmento,</span> 
     </span>
     <span class='ocr_line' id='line_1_35' title="bbox 389 2678 1878 2733; baseline 0.001 -14"><span class='ocrx_word' id='word_1_285' title='bbox 389 2685 436 2720; x_wconf 91' lang='lat' dir='ltr'>et</span> <span class='ocrx_word' id='word_1_286' title='bbox 461 2679 591 2719; x_wconf 85' lang='lat' dir='ltr'>“dies</span> <span class='ocrx_word' id='word_1_287' title='bbox 603 2679 621 2694; x_wconf 92' lang='lat'>’&#39;</span> <span class='ocrx_word' id='word_1_288' title='bbox 643 2678 867 2732; x_wconf 86' lang='lat' dir='ltr'>significat</span> <span class='ocrx_word' id='word_1_289' title='bbox 890 2685 1062 2720; x_wconf 86' lang='lat' dir='ltr'>statum</span> <span class='ocrx_word' id='word_1_290' title='bbox 1084 2679 1229 2720; x_wconf 87' lang='lat' dir='ltr'>vitae:</span> <span class='ocrx_word' id='word_1_291' title='bbox 1264 2685 1309 2720; x_wconf 91' lang='lat' dir='ltr'>et</span> <span class='ocrx_word' id='word_1_292' title='bbox 1332 2680 1435 2733; x_wconf 84' lang='lat' dir='ltr'>quia</span> <span class='ocrx_word' id='word_1_293' title='bbox 1459 2678 1610 2731; x_wconf 84' lang='lat' dir='ltr'>“lapis</span> <span class='ocrx_word' id='word_1_294' title='bbox 1632 2678 1812 2731; x_wconf 87' lang='lat' dir='ltr'>integer</span> <span class='ocrx_word' id='word_1_295' title='bbox 1831 2685 1878 2720; x_wconf 90' lang='lat' dir='ltr'>et</span> 
     </span>
     <span class='ocr_line' id='line_1_36' title="bbox 384 2740 1877 2796; baseline -0.001 -13"><span class='ocrx_word' id='word_1_296' title='bbox 384 2742 561 2796; x_wconf 89' lang='lat' dir='ltr'>justus”</span> <span class='ocrx_word' id='word_1_297' title='bbox 587 2742 660 2796; x_wconf 90' lang='lat' dir='ltr'>qui</span> <span class='ocrx_word' id='word_1_298' title='bbox 692 2748 788 2782; x_wconf 86' lang='lat' dir='ltr'>erat</span> <span class='ocrx_word' id='word_1_299' title='bbox 820 2742 1011 2795; x_wconf 88' lang='lat' dir='ltr'>pondus,</span> <span class='ocrx_word' id='word_1_300' title='bbox 1039 2755 1090 2783; x_wconf 86' lang='lat' dir='ltr'>ac</span> <span class='ocrx_word' id='word_1_301' title='bbox 1120 2741 1275 2795; x_wconf 86' lang='lat' dir='ltr'>“epha</span> <span class='ocrx_word' id='word_1_302' title='bbox 1304 2742 1483 2795; x_wconf 85' lang='lat' dir='ltr'>integra</span> <span class='ocrx_word' id='word_1_303' title='bbox 1514 2747 1560 2782; x_wconf 91' lang='lat' dir='ltr'>et</span> <span class='ocrx_word' id='word_1_304' title='bbox 1587 2740 1738 2794; x_wconf 85' lang='lat' dir='ltr'>justa”</span> <span class='ocrx_word' id='word_1_305' title='bbox 1763 2755 1877 2795; x_wconf 90' lang='lat' dir='ltr'>quae</span> 
     </span>
     <span class='ocr_line' id='line_1_37' title="bbox 388 2803 1873 2858; baseline -0.001 -12"><span class='ocrx_word' id='word_1_306' title='bbox 388 2811 485 2846; x_wconf 86' lang='lat' dir='ltr'>erat</span> <span class='ocrx_word' id='word_1_307' title='bbox 511 2817 732 2853; x_wconf 83' lang='lat' dir='ltr'>mensura,</span> <span class='ocrx_word' id='word_1_308' title='bbox 757 2804 1012 2857; x_wconf 84' lang='lat' dir='ltr'>significant</span> <span class='ocrx_word' id='word_1_309' title='bbox 1033 2817 1188 2845; x_wconf 86' lang='lat' dir='ltr'>verum</span> <span class='ocrx_word' id='word_1_310' title='bbox 1210 2818 1261 2845; x_wconf 89' lang='lat' dir='ltr'>ac</span> <span class='ocrx_word' id='word_1_311' title='bbox 1288 2804 1456 2845; x_wconf 92' lang='lat' dir='ltr'>bonum</span> <span class='ocrx_word' id='word_1_312' title='bbox 1479 2810 1525 2845; x_wconf 94' lang='lat' dir='ltr'>et</span> <span class='ocrx_word' id='word_1_313' title='bbox 1551 2803 1683 2858; x_wconf 83' lang='lat' dir='ltr'>quale</span> <span class='ocrx_word' id='word_1_314' title='bbox 1705 2818 1873 2849; x_wconf 77' lang='lat' dir='ltr'>eorum.</span> 
     </span>
     <span class='ocr_line' id='line_1_38' title="bbox 390 2866 1877 2921; baseline -0.001 -12"><span class='ocrx_word' id='word_1_315' title='bbox 390 2874 437 2909; x_wconf 92' lang='lat' dir='ltr'>et</span> <span class='ocrx_word' id='word_1_316' title='bbox 459 2874 696 2921; x_wconf 89' lang='lat' dir='ltr'>utrumque</span> <span class='ocrx_word' id='word_1_317' title='bbox 719 2867 849 2908; x_wconf 87' lang='lat' dir='ltr'>simul</span> <span class='ocrx_word' id='word_1_318' title='bbox 867 2867 1088 2920; x_wconf 83' lang='lat' dir='ltr'>justitiam</span> <span class='ocrx_word' id='word_1_319' title='bbox 1114 2866 1320 2921; x_wconf 83' lang='lat' dir='ltr'>(“lapis’&#39;</span> <span class='ocrx_word' id='word_1_320' title='bbox 1337 2880 1506 2916; x_wconf 87' lang='lat' dir='ltr'>verum,</span> <span class='ocrx_word' id='word_1_321' title='bbox 1530 2873 1577 2908; x_wconf 94' lang='lat' dir='ltr'>et</span> <span class='ocrx_word' id='word_1_322' title='bbox 1602 2870 1847 2908; x_wconf 88' lang='lat' dir='ltr'>“mensura</span> <span class='ocrx_word' id='word_1_323' title='bbox 1858 2866 1877 2882; x_wconf 93' lang='lat'>&#39;’</span> 
     </span>
     <span class='ocr_line' id='line_1_39' title="bbox 388 2929 1875 2984; baseline -0.001 -12"><span class='ocrx_word' id='word_1_324' title='bbox 388 2929 595 2984; x_wconf 88' lang='lat' dir='ltr'>bonum),</span> <span class='ocrx_word' id='word_1_325' title='bbox 623 2943 675 2971; x_wconf 86' lang='lat' dir='ltr'>ac</span> <span class='ocrx_word' id='word_1_326' title='bbox 708 2943 799 2970; x_wconf 93' lang='lat' dir='ltr'>non</span> <span class='ocrx_word' id='word_1_327' title='bbox 830 2929 984 2971; x_wconf 82' lang='lat' dir='ltr'>fallere</span> <span class='ocrx_word' id='word_1_328' title='bbox 1016 2944 1094 2984; x_wconf 91' lang='lat' dir='ltr'>per</span> <span class='ocrx_word' id='word_1_329' title='bbox 1124 2930 1301 2983; x_wconf 88' lang='lat' dir='ltr'>pondus</span> <span class='ocrx_word' id='word_1_330' title='bbox 1333 2935 1379 2971; x_wconf 93' lang='lat' dir='ltr'>et</span> <span class='ocrx_word' id='word_1_331' title='bbox 1411 2943 1490 2983; x_wconf 92' lang='lat' dir='ltr'>per</span> <span class='ocrx_word' id='word_1_332' title='bbox 1518 2942 1772 2971; x_wconf 84' lang='lat' dir='ltr'>mensuram</span> <span class='ocrx_word' id='word_1_333' title='bbox 1805 2936 1875 2971; x_wconf 85' lang='lat' dir='ltr'>est</span> 
     </span>
     <span class='ocr_line' id='line_1_40' title="bbox 388 2991 1862 3047; baseline -0.001 -13"><span class='ocrx_word' id='word_1_334' title='bbox 388 2993 568 3047; x_wconf 86' lang='lat' dir='ltr'>justum,</span> <span class='ocrx_word' id='word_1_335' title='bbox 588 2992 690 3034; x_wconf 89' lang='lat' dir='ltr'>ideo</span> <span class='ocrx_word' id='word_1_336' title='bbox 712 2991 799 3033; x_wconf 89' lang='lat' dir='ltr'>illis</span> <span class='ocrx_word' id='word_1_337' title='bbox 821 2993 904 3034; x_wconf 86' lang='lat' dir='ltr'>erit</span> <span class='ocrx_word' id='word_1_338' title='bbox 922 2993 1016 3034; x_wconf 89' lang='lat' dir='ltr'>vita</span> <span class='ocrx_word' id='word_1_339' title='bbox 1033 2992 1266 3043; x_wconf 85' lang='lat' dir='ltr'>ecclesiae,</span> <span class='ocrx_word' id='word_1_340' title='bbox 1286 3005 1337 3034; x_wconf 86' lang='lat' dir='ltr'>ac</span> <span class='ocrx_word' id='word_1_341' title='bbox 1360 2998 1521 3046; x_wconf 87' lang='lat' dir='ltr'>postea</span> <span class='ocrx_word' id='word_1_342' title='bbox 1537 2993 1632 3034; x_wconf 85' lang='lat' dir='ltr'>vita</span> <span class='ocrx_word' id='word_1_343' title='bbox 1652 2992 1696 3033; x_wconf 88' lang='lat' dir='ltr'>in</span> <span class='ocrx_word' id='word_1_344' title='bbox 1719 2991 1862 3041; x_wconf 89' lang='lat' dir='ltr'>caelo,</span> 
     </span>
    </p>
   </div>
   <div class='ocr_carea' id='block_1_14' title="bbox 2003 3027 2060 3476">
    <p class='ocr_par' dir='ltr' id='par_1_17' title="bbox 2003 3027 2060 3476">
     <span class='ocr_line' id='line_1_41' title="bbox 2003 3027 2060 3476; baseline 0 0"><span class='ocrx_word' id='word_1_345' title='bbox 2003 3027 2060 3476; x_wconf 95' lang='lat' dir='ltr'> </span> 
     </span>
    </p>
   </div>
  </div>
 </body>
</html>
