2060 3476
659 409 764 442 σΑ-Ρ.
787 410 873 450 111.,
897 410 1035 443 VERs.
1056 411 1204 454 4.—N.
1234 401 1399 457 195[a].
1694 414 1774 459 275

281 521 462 575 quando
487 536 547 563 ex
579 521 798 576 religione
828 522 953 564 illam
980 524 1118 575 vivit;
1151 525 1216 565 ita
1241 526 1424 578 quando
1450 527 1642 579 cogitat,
1671 527 1778 567 dum

280 583 466 625 obvenit
504 584 687 634 malum,
725 586 998 627 insincerum
1035 593 1113 628 aut
1154 587 1383 640 injustum,
1423 589 1544 642 quod
1585 590 1650 630 ita
1687 603 1778 630 non

280 645 533 687 faciendum
559 648 632 696 sit,
660 648 763 701 quia
789 654 859 689 est
886 655 1047 689 contra
1079 649 1205 702 leges
1235 650 1448 691 Divinas:
1483 652 1519 691 is
1545 653 1648 705 quia
1674 652 1777 692 abs-

280 709 396 749 tinet
419 709 477 749 ab
498 709 586 750 illis
610 709 826 751 faciendis
848 717 1034 764 propter
1056 710 1182 765 leges
1210 712 1411 762 Divinas,
1436 713 1519 754 sibi
1541 721 1777 768 comparat

279 771 421 811 vitam
443 771 737 825 spiritualem,
761 779 808 814 et
834 772 1017 814 moralis
1039 773 1132 826 ejus
1155 775 1250 815 vita
1276 781 1382 816 tunc
1410 776 1514 816 inde
1541 782 1638 826 est;
1672 789 1778 819 nam

280 847 359 886 per
386 833 526 875 talem
558 835 889 888 cogitationem
921 842 967 876 et
999 835 1134 877 fidem
1166 837 1304 878 homo
1335 839 1643 879 communicat
1675 852 1777 880 cum

280 895 456 948 angelis
482 897 609 946 caeli,
633 911 686 938 ac
713 911 792 951 per
813 900 1273 940 communicationem
1300 913 1402 940 cum
1425 900 1554 941 caelo
1579 903 1779 955 aperitur

281 957 374 1010 ejus
399 960 604 1000 internus
629 960 874 1014 spiritualis
906 961 1058 1010 homo,
1087 962 1210 1014 cujus
1238 976 1365 1003 mens
1391 969 1462 1004 est
1490 977 1617 1004 mens
1644 978 1777 1018 supe-

279 1022 381 1070 rior,
420 1022 564 1075 qualis
603 1029 674 1064 est
714 1023 890 1076 angelis
931 1024 1058 1072 caeli,
1097 1038 1149 1065 ac
1190 1025 1405 1066 imbuitur
1443 1026 1548 1067 inde
1589 1027 1778 1068 caelesti

280 1083 587 1137 intelligentia
608 1091 654 1126 et
678 1087 913 1139 sapientia.
971 1087 1083 1128 Inde
1110 1094 1322 1128 constare
1348 1094 1504 1141 potest
1531 1090 1652 1142 quod
1679 1103 1778 1130 mo-

280 1146 422 1187 ralem
453 1148 595 1188 vitam
626 1162 687 1189 ex
718 1149 892 1202 origine
923 1149 1143 1203 spirituali
1175 1163 1325 1203 agere,
1360 1151 1418 1191 sit
1451 1165 1510 1191 ex
1542 1151 1775 1205 religione,

279 1221 332 1249 ac
360 1210 479 1250 intra
504 1209 744 1251 ecclesiam
771 1225 830 1252 ex
857 1211 1039 1263 Verbo;
1073 1225 1178 1253 nam
1204 1214 1278 1266 qui
1304 1227 1364 1254 ex
1396 1213 1484 1254 illis
1509 1215 1652 1255 vitam
1679 1228 1777 1255 mo-

278 1271 419 1312 ralem
436 1278 594 1325 agunt,
614 1272 678 1314 illi
700 1271 938 1315 elevantur
954 1288 1088 1327 supra
1105 1275 1361 1316 naturalem
1379 1289 1507 1316 suum
1530 1276 1776 1325 hominem,

279 1339 325 1374 et
362 1335 425 1374 sic
463 1348 597 1388 supra
632 1349 761 1376 suum
798 1337 1041 1389 proprium,
1077 1344 1123 1378 et
1162 1338 1388 1379 ducuntur
1424 1353 1503 1392 per
1539 1339 1715 1380 caelum
1752 1354 1779 1380 a

281 1395 492 1437 Domino.
554 1397 667 1438 Inde
695 1404 766 1439 est
793 1399 913 1452 quod
945 1398 1032 1440 illis
1064 1399 1177 1440 fides
1202 1401 1274 1449 sit,
1304 1401 1441 1441 timor
1467 1401 1566 1450 Dei,
1595 1408 1642 1443 et
1668 1415 1777 1443 con-

280 1460 482 1508 scientia,
503 1466 550 1501 et
572 1474 750 1515 quoque
773 1460 949 1502 affectio
971 1463 1063 1503 veri
1087 1462 1345 1516 spiritualis,
1370 1478 1485 1517 quae
1507 1463 1685 1505 affectio
1706 1472 1777 1506 est

278 1519 454 1562 affectio
480 1523 793 1575 cognitionum
810 1518 912 1564 ⁴veri
939 1530 985 1565 et
1012 1525 1119 1565 boni
1146 1539 1205 1565 ex
1233 1525 1402 1572 Verbo,
1428 1539 1532 1567 nam
1559 1526 1646 1567 hae
1672 1535 1777 1569 sunt

278 1583 366 1624 illis
398 1584 524 1638 leges
561 1585 753 1626 Divinae
785 1586 1032 1627 secundum
1065 1601 1176 1641 quas
1208 1589 1380 1628 vivunt.
1443 1588 1603 1630 Talem
1636 1591 1778 1631 vitam

278 1646 496 1687 moralem
514 1648 672 1688 vivunt
690 1648 821 1689 multi
844 1663 902 1690 ex
921 1649 1149 1702 gentibus,
1170 1651 1379 1703 cogitant
1400 1652 1520 1691 enim
1538 1652 1658 1705 quod
1681 1665 1777 1693 ma-

280 1708 371 1749 lum
400 1722 491 1750 non
522 1709 775 1751 faciendum
802 1712 860 1752 sit
887 1713 990 1765 quia
1016 1718 1086 1753 est
1114 1719 1275 1753 contra
1301 1713 1569 1766 religionem
1594 1728 1776 1766 eorum;

277 1771 382 1811 inde
398 1778 469 1808 est
488 1772 609 1813 Quod
632 1779 726 1813 tam
747 1773 878 1814 multi
896 1788 954 1815 ex
977 1773 1065 1815 illis
1083 1774 1329 1816 salventur.
1392 1775 1605 1818 Vicissim
1623 1784 1777 1819 autem

279 1850 416 1889 agere
435 1837 654 1878 moralem
672 1838 815 1878 vitam
834 1850 925 1878 non
943 1851 1003 1878 ex
1021 1836 1255 1890 religione,
1281 1837 1360 1877 sed
1379 1838 1516 1877 modo
1531 1850 1591 1876 ex
1610 1836 1772 1876 timore

279 1899 393 1953 legis
425 1901 469 1940 in
502 1901 687 1949 mundo,
715 1907 762 1942 et
795 1915 855 1942 ex
889 1901 1053 1941 timore
1080 1898 1280 1953 jacturae
1312 1899 1474 1948 famae,
1507 1899 1693 1939 honoris
1724 1905 1771 1940 et

279 1963 402 2013 lucri,
430 1970 500 2005 est
533 1963 752 2005 moralem
778 1965 921 2004 vitam
953 1977 1089 2017 agere
1122 1977 1212 2004 non
1244 1977 1303 2004 ex
1331 1964 1504 2016 origine
1535 1962 1769 2016 spirituali.

278 2027 358 2068 sed
383 2041 443 2068 ex
470 2028 643 2081 origine
669 2027 890 2078 naturali;
924 2028 1029 2080 inde
1056 2027 1180 2067 nulla
1205 2027 1560 2067 communicatio
1586 2026 1674 2066 illis
1701 2032 1771 2067 est

278 2103 380 2131 cum
395 2090 548 2131 caelo:
573 2097 620 2132 et
644 2091 747 2144 quia
761 2092 971 2144 cogitant
987 2091 1208 2131 insincere
1226 2097 1272 2131 et
1288 2090 1452 2142 injuste
1469 2090 1526 2131 de
1543 2090 1775 2143 proximo,-

278 2154 463 2194 tametsi
494 2153 628 2195 aliter
659 2154 904 2208 loquuntur
936 2159 983 2194 et
1015 2160 1176 2206 agunt,
1205 2154 1308 2194 ideo
1339 2153 1426 2194 illis
1458 2153 1682 2194 clauditur
1707 2154 1772 2193 in-

278 2223 433 2257 ternus
448 2217 691 2270 spiritualis
706 2217 858 2266 homo,
878 2223 925 2258 et
949 2218 1151 2270 aperitur
1169 2217 1307 2257 modo
1329 2217 1534 2258 internus
1551 2216 1771 2257 naturalis

277 2279 430 2329 homo,
453 2294 542 2334 quo
564 2287 725 2334 aperto
746 2281 790 2321 in
813 2280 912 2321 luce
935 2281 1091 2321 mundi
1113 2286 1232 2327 sunt,
1252 2286 1299 2321 at
1323 2294 1414 2321 non
1437 2281 1481 2320 in
1504 2280 1605 2320 luce
1628 2279 1769 2330 cae1i;

280 2357 417 2396 quare
448 2343 586 2384 etiam
617 2343 734 2384 tales
771 2344 815 2384 in
848 2358 896 2384 se
929 2344 1054 2397 parvi
1092 2343 1262 2384 faciunt
1298 2350 1345 2384 et
1380 2343 1563 2397 quidam
1596 2349 1770 2395 negant

278 2406 443 2446 Divina
468 2413 515 2447 et
541 2406 771 2455 caelestia,
799 2420 851 2448 ac
879 2407 1102 2448 Naturam
1129 2413 1175 2448 et
1208 2407 1425 2447 mundum
1452 2407 1644 2447 credunt
1670 2419 1770 2447 esse

278 2481 426 2508 Omne.
465 2478 530 2516 (Ex
541 2479 590 2508 his
604 2488 690 2508 nunc
703 2484 848 2508 constare
863 2484 968 2517 potest
980 2480 1058 2516 quid
1072 2479 1111 2508 sit
1130 2488 1224 2517 agere
1237 2480 1391 2508 moralem
1407 2480 1503 2508 vitam
1519 2488 1559 2508 ex
1573 2479 1695 2516 origine
1708 2479 1772 2516 spi-

277 2532 391 2566 rituali,
407 2536 438 2561 et
453 2532 531 2569 quid
545 2536 592 2561 est
604 2532 691 2561 illam
703 2541 798 2570 agere
812 2542 852 2562 ex
865 2533 987 2570 origine
1002 2533 1137 2562 naturali
1149 2542 1155 2562 :
1187 2533 1245 2561 sed
1259 2533 1339 2561 haec
1353 2533 1385 2561 in
1398 2533 1531 2562 clariore
1543 2533 1615 2561 luce
1628 2532 1772 2569 exposita

276 2585 444 2614 videantur
454 2586 487 2614 in
502 2594 598 2623 opere
614 2586 666 2615 De
683 2586 774 2615 Caelo
788 2589 818 2615 et
831 2587 969 2625 lnferno.
985 2595 1015 2615 n.
1032 2586 1199 2624 528—535.)
1249 2575 1319 2615 De
1337 2575 1426 2615 illis
1448 2577 1523 2629 qui
1545 2574 1768 2615 moralem

277 2636 418 2677 vitam
436 2635 582 2677 solum
600 2651 660 2677 ex
678 2637 850 2690 origine
869 2637 1064 2678 naturali
1082 2643 1241 2690 agunt,
1259 2637 1424 2677 dicitur
1441 2637 1562 2691 quod
1583 2641 1607 2657 ‘⁴
1624 2637 1768 2691 inqui-

277 2705 388 2740 nent
414 2700 691 2740 vestimenta
716 2713 796 2740 sua
813 2700 847 2751 ;”
879 2713 984 2741 nam
1018 2714 1097 2753 per
1125 2699 1471 2741 “vestimenta’'
1497 2699 1770 2753 intelligitur

275 2762 320 2802 id
352 2762 472 2816 quod
504 2769 639 2803 extra
669 2763 817 2816 ipsum
848 2763 1082 2804 hominem
1114 2769 1202 2812 est,
1231 2769 1278 2804 et
1310 2763 1497 2804 investit
1530 2762 1671 2812 illum,
1705 2763 1770 2804 ita

276 2824 369 2878 ejus
401 2825 619 2866 naturalis
659 2825 799 2867 homo
835 2840 938 2868 cum
979 2826 1067 2868 illis
1109 2840 1224 2880 quae
1265 2826 1325 2867 ibi
1362 2833 1480 2874 sunt,
1515 2840 1631 2880 quae
1663 2833 1768 2866 sunt

276 2888 524 2937 scientifica
546 2895 593 2930 et
619 2889 935 2942 cognitiones;
968 2889 1067 2938 hae,
1086 2903 1186 2930 cum
1209 2903 1268 2930 ex
1293 2888 1449 2930 Verbo
1475 2895 1594 2938 sunt,
1623 2890 1768 2942 inqui-

276 2958 442 2993 nantur
473 2965 552 3005 per
582 2952 627 2992 id
658 2952 780 3006 quod
818 2952 919 2993 illas
950 2953 1098 2993 discat
1130 2959 1178 2994 et
1214 2958 1373 2994 teneat
1405 2952 1551 2993 solum
1583 2959 1770 3005 propter

275 3014 441 3062 samam
473 3021 522 3056 ut
553 3015 756 3056 eruditus
787 3021 834 3056 et
867 3015 986 3056 scius
1013 3015 1182 3065 audiat,
1211 3022 1289 3056 aut
1316 3021 1365 3056 ut
1398 3029 1477 3069 per
1502 3015 1546 3055 id
1573 3022 1768 3067 aucupet

275 3077 472 3119 honores
503 3084 550 3120 et
582 3077 780 3120 lucretur
805 3092 929 3132 opeS‚
957 3084 1005 3120 et
1037 3085 1218 3133 praeter
1240 3078 1343 3120 illos
1374 3078 1486 3120 fines
1518 3092 1609 3119 non
1641 3084 1768 3120 curat
