<?xml version="1.0" encoding="UTF-8"?>
<!DOCTYPE html PUBLIC "-//W3C//DTD XHTML 1.0 Transitional//EN"
    "http://www.w3.org/TR/xhtml1/DTD/xhtml1-transitional.dtd">
<html xmlns="http://www.w3.org/1999/xhtml" xml:lang="en" lang="en">
 <head>
  <title>
</title>
<meta http-equiv="Content-Type" content="text/html;charset=utf-8" />
  <meta name='ocr-system' content='tesseract 3.04.00' />
  <meta name='ocr-capabilities' content='ocr_page ocr_carea ocr_par ocr_line ocrx_word'/>
</head>
<body>
  <div class='ocr_page' id='page_1' title='image "apocalypsisexpli01sweduoft_0123.png"; bbox 0 0 2060 3476; ppageno 0'>
   <div class='ocr_carea' id='block_1_1' title="bbox 677 349 1747 393">
    <p class='ocr_par' dir='ltr' id='par_1_1' title="bbox 677 349 1747 393">
     <span class='ocr_line' id='line_1_1' title="bbox 677 349 1747 393; baseline -0.003 -9"><span class='ocrx_word' id='word_1_1' title='bbox 677 352 783 385; x_wconf 86' lang='lat' dir='ltr'><strong>CAP.</strong></span> <span class='ocrx_word' id='word_1_2' title='bbox 807 353 872 393; x_wconf 92' lang='lat'>11.,</span> <span class='ocrx_word' id='word_1_3' title='bbox 896 351 1034 384; x_wconf 78' lang='lat' dir='ltr'>VERs.</span> <span class='ocrx_word' id='word_1_4' title='bbox 1058 351 1202 383; x_wconf 87' lang='lat' dir='ltr'><strong>2.—N.</strong></span> <span class='ocrx_word' id='word_1_5' title='bbox 1231 352 1320 383; x_wconf 89' lang='lat'>100.</span> <span class='ocrx_word' id='word_1_6' title='bbox 1670 349 1747 393; x_wconf 90' lang='lat'>117</span> 
     </span>
    </p>
   </div>
   <div class='ocr_carea' id='block_1_2' title="bbox 250 462 1752 1342">
    <p class='ocr_par' dir='ltr' id='par_1_2' title="bbox 250 462 1752 1342">
     <span class='ocr_line' id='line_1_2' title="bbox 251 462 1748 521; baseline -0.004 -13"><span class='ocrx_word' id='word_1_7' title='bbox 251 467 466 521; x_wconf 88' lang='lat' dir='ltr'>quatione</span> <span class='ocrx_word' id='word_1_8' title='bbox 492 466 619 520; x_wconf 89' lang='lat' dir='ltr'>regni</span> <span class='ocrx_word' id='word_1_9' title='bbox 646 466 731 507; x_wconf 91' lang='lat' dir='ltr'>Dei</span> <span class='ocrx_word' id='word_1_10' title='bbox 757 479 836 520; x_wconf 90' lang='lat' dir='ltr'>per</span> <span class='ocrx_word' id='word_1_11' title='bbox 862 465 1029 519; x_wconf 89' lang='lat' dir='ltr'>Ipsum,</span> <span class='ocrx_word' id='word_1_12' title='bbox 1056 465 1120 505; x_wconf 90' lang='lat' dir='ltr'>ita</span> <span class='ocrx_word' id='word_1_13' title='bbox 1145 478 1252 505; x_wconf 91' lang='lat' dir='ltr'>vera</span> <span class='ocrx_word' id='word_1_14' title='bbox 1278 462 1510 511; x_wconf 91' lang='lat' dir='ltr'>ecclesiae,</span> <span class='ocrx_word' id='word_1_15' title='bbox 1534 475 1612 516; x_wconf 89' lang='lat' dir='ltr'>per</span> <span class='ocrx_word' id='word_1_16' title='bbox 1633 475 1748 516; x_wconf 91' lang='lat' dir='ltr'>quae</span> 
     </span>
     <span class='ocr_line' id='line_1_3' title="bbox 252 525 1747 583; baseline -0.004 -12"><span class='ocrx_word' id='word_1_17' title='bbox 252 531 543 583; x_wconf 87' lang='lat' dir='ltr'>cognoscitur</span> <span class='ocrx_word' id='word_1_18' title='bbox 566 529 787 570; x_wconf 88' lang='lat' dir='ltr'>Dominus</span> <span class='ocrx_word' id='word_1_19' title='bbox 813 535 859 570; x_wconf 94' lang='lat' dir='ltr'>et</span> <span class='ocrx_word' id='word_1_20' title='bbox 886 528 1270 582; x_wconf 84' lang='lat' dir='ltr'>appropinquatur</span> <span class='ocrx_word' id='word_1_21' title='bbox 1294 539 1484 580; x_wconf 89' lang='lat' dir='ltr'>regnum</span> <span class='ocrx_word' id='word_1_22' title='bbox 1507 525 1619 576; x_wconf 90' lang='lat' dir='ltr'>Dei;</span> <span class='ocrx_word' id='word_1_23' title='bbox 1645 538 1747 578; x_wconf 88' lang='lat' dir='ltr'>reg-</span> 
     </span>
     <span class='ocr_line' id='line_1_4' title="bbox 254 586 1748 643; baseline -0.004 -8"><span class='ocrx_word' id='word_1_24' title='bbox 254 608 360 635; x_wconf 90' lang='lat' dir='ltr'>num</span> <span class='ocrx_word' id='word_1_25' title='bbox 401 594 486 635; x_wconf 91' lang='lat' dir='ltr'>Dei</span> <span class='ocrx_word' id='word_1_26' title='bbox 526 594 570 634; x_wconf 90' lang='lat' dir='ltr'>in</span> <span class='ocrx_word' id='word_1_27' title='bbox 610 593 740 634; x_wconf 88' lang='lat' dir='ltr'>terris</span> <span class='ocrx_word' id='word_1_28' title='bbox 776 598 846 633; x_wconf 91' lang='lat' dir='ltr'>est</span> <span class='ocrx_word' id='word_1_29' title='bbox 875 590 1092 633; x_wconf 89' lang='lat' dir='ltr'>ecclesia:</span> <span class='ocrx_word' id='word_1_30' title='bbox 1137 590 1303 632; x_wconf 85' lang='lat' dir='ltr'><strong>exinde</strong></span> <span class='ocrx_word' id='word_1_31' title='bbox 1342 586 1561 631; x_wconf 82' lang='lat' dir='ltr'>constare</span> <span class='ocrx_word' id='word_1_32' title='bbox 1593 595 1748 643; x_wconf 88' lang='lat' dir='ltr'>potest</span> 
     </span>
     <span class='ocr_line' id='line_1_5' title="bbox 251 652 1747 712; baseline -0.005 -12"><span class='ocrx_word' id='word_1_33' title='bbox 251 659 356 712; x_wconf 93' lang='lat' dir='ltr'>quid</span> <span class='ocrx_word' id='word_1_34' title='bbox 383 671 462 712; x_wconf 92' lang='lat' dir='ltr'>per</span> <span class='ocrx_word' id='word_1_35' title='bbox 490 656 762 710; x_wconf 91' lang='lat' dir='ltr'>“apostolos</span> <span class='ocrx_word' id='word_1_36' title='bbox 773 655 792 671; x_wconf 74' lang='lat'>’³</span> <span class='ocrx_word' id='word_1_37' title='bbox 817 656 862 696; x_wconf 89' lang='lat' dir='ltr'>in</span> <span class='ocrx_word' id='word_1_38' title='bbox 889 669 1024 696; x_wconf 90' lang='lat' dir='ltr'>sensu</span> <span class='ocrx_word' id='word_1_39' title='bbox 1049 653 1267 708; x_wconf 87' lang='lat' dir='ltr'>spirituali</span> <span class='ocrx_word' id='word_1_40' title='bbox 1294 653 1435 694; x_wconf 84' lang='lat' dir='ltr'>Verbi</span> <span class='ocrx_word' id='word_1_41' title='bbox 1461 652 1747 706; x_wconf 83' lang='lat' dir='ltr'>intelligitur,</span> 
     </span>
     <span class='ocr_line' id='line_1_6' title="bbox 251 717 1749 775; baseline -0.005 -12"><span class='ocrx_word' id='word_1_42' title='bbox 251 722 371 775; x_wconf 92' lang='lat' dir='ltr'>quod</span> <span class='ocrx_word' id='word_1_43' title='bbox 404 734 567 775; x_wconf 89' lang='lat' dir='ltr'>nempe</span> <span class='ocrx_word' id='word_1_44' title='bbox 598 734 688 761; x_wconf 92' lang='lat' dir='ltr'>non</span> <span class='ocrx_word' id='word_1_45' title='bbox 721 719 960 760; x_wconf 87' lang='lat' dir='ltr'>duodecim</span> <span class='ocrx_word' id='word_1_46' title='bbox 986 717 1203 773; x_wconf 88' lang='lat' dir='ltr'>Apostoli</span> <span class='ocrx_word' id='word_1_47' title='bbox 1234 718 1308 771; x_wconf 91' lang='lat' dir='ltr'>qui</span> <span class='ocrx_word' id='word_1_48' title='bbox 1339 717 1462 758; x_wconf 89' lang='lat' dir='ltr'>missi</span> <span class='ocrx_word' id='word_1_49' title='bbox 1493 731 1520 758; x_wconf 90' lang='lat' dir='ltr'>a</span> <span class='ocrx_word' id='word_1_50' title='bbox 1551 717 1749 757; x_wconf 92' lang='lat' dir='ltr'>Domino</span> 
     </span>
     <span class='ocr_line' id='line_1_7' title="bbox 251 779 1750 836; baseline -0.005 -10"><span class='ocrx_word' id='word_1_51' title='bbox 251 786 308 826; x_wconf 92' lang='lat' dir='ltr'>ad</span> <span class='ocrx_word' id='word_1_52' title='bbox 341 785 596 826; x_wconf 89' lang='lat' dir='ltr'>docendum</span> <span class='ocrx_word' id='word_1_53' title='bbox 628 783 684 824; x_wconf 88' lang='lat' dir='ltr'>de</span> <span class='ocrx_word' id='word_1_54' title='bbox 717 783 824 836; x_wconf 91' lang='lat' dir='ltr'>Ipso</span> <span class='ocrx_word' id='word_1_55' title='bbox 855 787 900 823; x_wconf 89' lang='lat' dir='ltr'>et</span> <span class='ocrx_word' id='word_1_56' title='bbox 933 782 990 822; x_wconf 94' lang='lat' dir='ltr'>de</span> <span class='ocrx_word' id='word_1_57' title='bbox 1020 794 1162 835; x_wconf 88' lang='lat' dir='ltr'>regno</span> <span class='ocrx_word' id='word_1_58' title='bbox 1194 781 1351 834; x_wconf 83' lang='lat' dir='ltr'>Ipsius,</span> <span class='ocrx_word' id='word_1_59' title='bbox 1384 780 1464 820; x_wconf 90' lang='lat' dir='ltr'>sed</span> <span class='ocrx_word' id='word_1_60' title='bbox 1496 793 1655 820; x_wconf 90' lang='lat' dir='ltr'>omnes</span> <span class='ocrx_word' id='word_1_61' title='bbox 1686 779 1750 820; x_wconf 90' lang='lat' dir='ltr'>illi</span> 
     </span>
     <span class='ocr_line' id='line_1_8' title="bbox 251 842 1751 903; baseline -0.004 -14"><span class='ocrx_word' id='word_1_62' title='bbox 251 849 324 903; x_wconf 93' lang='lat' dir='ltr'>qui</span> <span class='ocrx_word' id='word_1_63' title='bbox 361 849 405 889; x_wconf 91' lang='lat' dir='ltr'>in</span> <span class='ocrx_word' id='word_1_64' title='bbox 444 847 560 888; x_wconf 89' lang='lat' dir='ltr'>veris</span> <span class='ocrx_word' id='word_1_65' title='bbox 598 845 817 887; x_wconf 88' lang='lat' dir='ltr'>ecclesiae</span> <span class='ocrx_word' id='word_1_66' title='bbox 855 851 973 894; x_wconf 87' lang='lat' dir='ltr'>sunt,</span> <span class='ocrx_word' id='word_1_67' title='bbox 1002 851 1048 886; x_wconf 92' lang='lat' dir='ltr'>et</span> <span class='ocrx_word' id='word_1_68' title='bbox 1086 842 1315 890; x_wconf 65' lang='lat' dir='ltr'>abstracte</span> <span class='ocrx_word' id='word_1_69' title='bbox 1351 857 1378 884; x_wconf 89' lang='lat' dir='ltr'>a</span> <span class='ocrx_word' id='word_1_70' title='bbox 1414 844 1617 897; x_wconf 88' lang='lat' dir='ltr'>personis</span> <span class='ocrx_word' id='word_1_71' title='bbox 1653 844 1751 896; x_wconf 90' lang='lat' dir='ltr'>ipsa</span> 
     </span>
     <span class='ocr_line' id='line_1_9' title="bbox 251 906 1748 961; baseline -0.005 -8"><span class='ocrx_word' id='word_1_72' title='bbox 251 926 370 953; x_wconf 85' lang='lat' dir='ltr'>vera.</span> <span class='ocrx_word' id='word_1_73' title='bbox 432 911 483 952; x_wconf 93' lang='lat' dir='ltr'>In</span> <span class='ocrx_word' id='word_1_74' title='bbox 507 909 663 950; x_wconf 90' lang='lat' dir='ltr'>Verbo</span> <span class='ocrx_word' id='word_1_75' title='bbox 685 910 804 950; x_wconf 92' lang='lat' dir='ltr'>enim</span> <span class='ocrx_word' id='word_1_76' title='bbox 826 908 1015 950; x_wconf 91' lang='lat' dir='ltr'>solenne</span> <span class='ocrx_word' id='word_1_77' title='bbox 1037 914 1108 949; x_wconf 91' lang='lat' dir='ltr'>est</span> <span class='ocrx_word' id='word_1_78' title='bbox 1135 907 1191 948; x_wconf 92' lang='lat' dir='ltr'>de</span> <span class='ocrx_word' id='word_1_79' title='bbox 1217 907 1420 961; x_wconf 90' lang='lat' dir='ltr'>personis</span> <span class='ocrx_word' id='word_1_80' title='bbox 1443 906 1578 960; x_wconf 89' lang='lat' dir='ltr'>loqui,</span> <span class='ocrx_word' id='word_1_81' title='bbox 1602 912 1650 947; x_wconf 90' lang='lat' dir='ltr'>at</span> <span class='ocrx_word' id='word_1_82' title='bbox 1676 907 1748 960; x_wconf 93' lang='lat' dir='ltr'>qui</span> 
     </span>
     <span class='ocr_line' id='line_1_10' title="bbox 252 969 1750 1027; baseline -0.005 -11"><span class='ocrx_word' id='word_1_83' title='bbox 252 977 296 1016; x_wconf 92' lang='lat' dir='ltr'>in</span> <span class='ocrx_word' id='word_1_84' title='bbox 323 989 458 1016; x_wconf 91' lang='lat' dir='ltr'>sensu</span> <span class='ocrx_word' id='word_1_85' title='bbox 483 972 702 1027; x_wconf 88' lang='lat' dir='ltr'>spirituali</span> <span class='ocrx_word' id='word_1_86' title='bbox 728 972 821 1025; x_wconf 91' lang='lat' dir='ltr'>ejus</span> <span class='ocrx_word' id='word_1_87' title='bbox 847 978 966 1020; x_wconf 90' lang='lat' dir='ltr'>sunt,</span> <span class='ocrx_word' id='word_1_88' title='bbox 994 978 1042 1013; x_wconf 88' lang='lat' dir='ltr'>ut</span> <span class='ocrx_word' id='word_1_89' title='bbox 1068 977 1174 1012; x_wconf 92' lang='lat' dir='ltr'>sunt</span> <span class='ocrx_word' id='word_1_90' title='bbox 1200 970 1365 1024; x_wconf 83' lang='lat' dir='ltr'>angeli,</span> <span class='ocrx_word' id='word_1_91' title='bbox 1394 969 1502 1010; x_wconf 89' lang='lat' dir='ltr'>nihil</span> <span class='ocrx_word' id='word_1_92' title='bbox 1530 983 1750 1023; x_wconf 90' lang='lat' dir='ltr'>personae</span> 
     </span>
     <span class='ocr_line' id='line_1_11' title="bbox 252 1033 1748 1092; baseline -0.005 -12"><span class='ocrx_word' id='word_1_93' title='bbox 252 1040 475 1092; x_wconf 85' lang='lat' dir='ltr'>cogitant,</span> <span class='ocrx_word' id='word_1_94' title='bbox 508 1036 587 1077; x_wconf 90' lang='lat' dir='ltr'>sed</span> <span class='ocrx_word' id='word_1_95' title='bbox 619 1034 848 1077; x_wconf 60' lang='lat' dir='ltr'>abstracte</span> <span class='ocrx_word' id='word_1_96' title='bbox 880 1036 937 1076; x_wconf 89' lang='lat' dir='ltr'>ab</span> <span class='ocrx_word' id='word_1_97' title='bbox 967 1035 1068 1084; x_wconf 87' lang='lat' dir='ltr'>illis,</span> <span class='ocrx_word' id='word_1_98' title='bbox 1102 1034 1292 1089; x_wconf 90' lang='lat' dir='ltr'>proinde</span> <span class='ocrx_word' id='word_1_99' title='bbox 1323 1033 1471 1074; x_wconf 89' lang='lat' dir='ltr'>solum</span> <span class='ocrx_word' id='word_1_100' title='bbox 1503 1033 1560 1074; x_wconf 92' lang='lat' dir='ltr'>de</span> <span class='ocrx_word' id='word_1_101' title='bbox 1590 1033 1748 1082; x_wconf 87' lang='lat' dir='ltr'>rebus;</span> 
     </span>
     <span class='ocr_line' id='line_1_12' title="bbox 252 1097 1748 1152; baseline -0.004 -10"><span class='ocrx_word' id='word_1_102' title='bbox 252 1116 387 1143; x_wconf 87' lang='lat' dir='ltr'>causa</span> <span class='ocrx_word' id='word_1_103' title='bbox 418 1101 557 1142; x_wconf 91' lang='lat' dir='ltr'>etiam</span> <span class='ocrx_word' id='word_1_104' title='bbox 588 1105 672 1147; x_wconf 89' lang='lat' dir='ltr'>est,</span> <span class='ocrx_word' id='word_1_105' title='bbox 705 1099 811 1152; x_wconf 89' lang='lat' dir='ltr'>quia</span> <span class='ocrx_word' id='word_1_106' title='bbox 842 1098 1076 1139; x_wconf 87' lang='lat' dir='ltr'>materiale</span> <span class='ocrx_word' id='word_1_107' title='bbox 1108 1103 1178 1139; x_wconf 90' lang='lat' dir='ltr'>est</span> <span class='ocrx_word' id='word_1_108' title='bbox 1210 1098 1412 1151; x_wconf 86' lang='lat' dir='ltr'>cogitare</span> <span class='ocrx_word' id='word_1_109' title='bbox 1444 1097 1501 1137; x_wconf 93' lang='lat' dir='ltr'>de</span> <span class='ocrx_word' id='word_1_110' title='bbox 1531 1097 1748 1150; x_wconf 84' lang='lat' dir='ltr'>personis,</span> 
     </span>
     <span class='ocr_line' id='line_1_13' title="bbox 251 1159 1752 1218; baseline -0.004 -12"><span class='ocrx_word' id='word_1_111' title='bbox 251 1173 299 1207; x_wconf 89' lang='lat' dir='ltr'>at</span> <span class='ocrx_word' id='word_1_112' title='bbox 326 1162 555 1218; x_wconf 89' lang='lat' dir='ltr'>spirituale</span> <span class='ocrx_word' id='word_1_113' title='bbox 577 1163 781 1215; x_wconf 86' lang='lat' dir='ltr'>cogitare</span> <span class='ocrx_word' id='word_1_114' title='bbox 803 1162 972 1215; x_wconf 84' lang='lat' dir='ltr'>absque</span> <span class='ocrx_word' id='word_1_115' title='bbox 994 1162 1096 1202; x_wconf 83' lang='lat' dir='ltr'>idea</span> <span class='ocrx_word' id='word_1_116' title='bbox 1121 1174 1355 1215; x_wconf 87' lang='lat' dir='ltr'>personae.</span> <span class='ocrx_word' id='word_1_117' title='bbox 1417 1159 1489 1201; x_wconf 85' lang='lat' dir='ltr'>Sic</span> <span class='ocrx_word' id='word_1_118' title='bbox 1512 1161 1651 1201; x_wconf 91' lang='lat' dir='ltr'>etiam</span> <span class='ocrx_word' id='word_1_119' title='bbox 1677 1159 1752 1200; x_wconf 91' lang='lat' dir='ltr'>ubi</span> 
     </span>
     <span class='ocr_line' id='line_1_14' title="bbox 253 1223 1750 1278; baseline -0.004 -9"><span class='ocrx_word' id='word_1_120' title='bbox 253 1229 540 1270; x_wconf 89' lang='lat' dir='ltr'>nominantur</span> <span class='ocrx_word' id='word_1_121' title='bbox 561 1227 605 1266; x_wconf 91' lang='lat' dir='ltr'>in</span> <span class='ocrx_word' id='word_1_122' title='bbox 628 1225 785 1267; x_wconf 90' lang='lat' dir='ltr'>Verbo</span> <span class='ocrx_word' id='word_1_123' title='bbox 805 1228 829 1245; x_wconf 93' lang='lat'><strong>“</strong></span> <span class='ocrx_word' id='word_1_124' title='bbox 843 1225 1086 1278; x_wconf 89' lang='lat' dir='ltr'>discipuli,”</span> <span class='ocrx_word' id='word_1_125' title='bbox 1108 1225 1181 1265; x_wconf 89' lang='lat' dir='ltr'>ubi</span> <span class='ocrx_word' id='word_1_126' title='bbox 1201 1228 1225 1245; x_wconf 79' lang='lat'>‘⁴</span> <span class='ocrx_word' id='word_1_127' title='bbox 1238 1223 1526 1278; x_wconf 90' lang='lat' dir='ltr'>prophetae,’&#39;</span> <span class='ocrx_word' id='word_1_128' title='bbox 1544 1223 1617 1264; x_wconf 92' lang='lat' dir='ltr'>ubi</span> <span class='ocrx_word' id='word_1_129' title='bbox 1641 1226 1750 1263; x_wconf 88' lang='lat' dir='ltr'>“sa—</span> 
     </span>
     <span class='ocr_line' id='line_1_15' title="bbox 250 1286 1751 1342; baseline -0.004 -9"><span class='ocrx_word' id='word_1_130' title='bbox 250 1289 499 1337; x_wconf 85' lang='lat' dir='ltr'>cerdotes‚&#39;’</span> <span class='ocrx_word' id='word_1_131' title='bbox 517 1290 590 1330; x_wconf 93' lang='lat' dir='ltr'>ubi</span> <span class='ocrx_word' id='word_1_132' title='bbox 609 1292 634 1309; x_wconf 81' lang='lat'>‘⁴</span> <span class='ocrx_word' id='word_1_133' title='bbox 647 1288 817 1342; x_wconf 85' lang='lat' dir='ltr'>reges‚&#39;&#39;</span> <span class='ocrx_word' id='word_1_134' title='bbox 834 1289 907 1329; x_wconf 92' lang='lat' dir='ltr'>ubi</span> <span class='ocrx_word' id='word_1_135' title='bbox 927 1288 1151 1342; x_wconf 88' lang='lat' dir='ltr'>“Judaei‚’&#39;</span> <span class='ocrx_word' id='word_1_136' title='bbox 1169 1288 1242 1328; x_wconf 93' lang='lat' dir='ltr'>ubi</span> <span class='ocrx_word' id='word_1_137' title='bbox 1261 1291 1285 1308; x_wconf 90' lang='lat'><strong>“</strong></span> <span class='ocrx_word' id='word_1_138' title='bbox 1299 1287 1477 1336; x_wconf 90' lang='lat' dir='ltr'>Israel,&#39;&#39;</span> <span class='ocrx_word' id='word_1_139' title='bbox 1495 1287 1568 1328; x_wconf 92' lang='lat' dir='ltr'>ubi</span> <span class='ocrx_word' id='word_1_140' title='bbox 1587 1290 1612 1307; x_wconf 81' lang='lat'>‘⁴</span> <span class='ocrx_word' id='word_1_141' title='bbox 1624 1286 1751 1328; x_wconf 89' lang='lat' dir='ltr'>habi-</span> 
     </span>
    </p>
   </div>
   <div class='ocr_carea' id='block_1_3' title="bbox 251 1351 1752 1409">
    <p class='ocr_par' dir='ltr' id='par_1_3' title="bbox 251 1351 1752 1409">
     <span class='ocr_line' id='line_1_16' title="bbox 251 1351 1752 1409; baseline -0.005 -12"><span class='ocrx_word' id='word_1_142' title='bbox 251 1361 425 1397; x_wconf 89' lang='lat' dir='ltr'>tatores</span> <span class='ocrx_word' id='word_1_143' title='bbox 452 1351 635 1394; x_wconf 90' lang='lat' dir='ltr'>Zionis”</span> <span class='ocrx_word' id='word_1_144' title='bbox 661 1358 707 1393; x_wconf 93' lang='lat' dir='ltr'>et</span> <span class='ocrx_word' id='word_1_145' title='bbox 736 1351 1162 1404; x_wconf 86' lang='lat' dir='ltr'>“Hierosolymae‚&#39;&#39;</span> <span class='ocrx_word' id='word_1_146' title='bbox 1184 1357 1231 1392; x_wconf 91' lang='lat' dir='ltr'>et</span> <span class='ocrx_word' id='word_1_147' title='bbox 1257 1351 1318 1409; x_wconf 88' lang='lat' dir='ltr'>sic</span> <span class='ocrx_word' id='word_1_148' title='bbox 1345 1364 1491 1404; x_wconf 87' lang='lat' dir='ltr'>porro.</span> <span class='ocrx_word' id='word_1_149' title='bbox 1553 1360 1644 1399; x_wconf 82' lang='lat' dir='ltr'>(Ipsa</span> <span class='ocrx_word' id='word_1_150' title='bbox 1657 1360 1752 1390; x_wconf 83' lang='lat' dir='ltr'>etiam</span> 
     </span>
    </p>
   </div>
   <div class='ocr_carea' id='block_1_4' title="bbox 251 1413 1754 1554">
    <p class='ocr_par' dir='ltr' id='par_1_4' title="bbox 251 1413 1754 1554">
     <span class='ocr_line' id='line_1_17' title="bbox 251 1413 1752 1454; baseline -0.004 -7"><span class='ocrx_word' id='word_1_151' title='bbox 251 1418 383 1447; x_wconf 87' lang='lat' dir='ltr'>nomina</span> <span class='ocrx_word' id='word_1_152' title='bbox 392 1424 600 1454; x_wconf 70' lang='lat' dir='ltr'>personarum</span> <span class='ocrx_word' id='word_1_153' title='bbox 615 1419 646 1444; x_wconf 89' lang='lat' dir='ltr'>et</span> <span class='ocrx_word' id='word_1_154' title='bbox 659 1415 805 1444; x_wconf 90' lang='lat' dir='ltr'>locorum</span> <span class='ocrx_word' id='word_1_155' title='bbox 820 1418 984 1443; x_wconf 86' lang='lat' dir='ltr'>vertuntur</span> <span class='ocrx_word' id='word_1_156' title='bbox 998 1414 1031 1443; x_wconf 91' lang='lat' dir='ltr'>in</span> <span class='ocrx_word' id='word_1_157' title='bbox 1052 1423 1101 1443; x_wconf 89' lang='lat' dir='ltr'>res</span> <span class='ocrx_word' id='word_1_158' title='bbox 1115 1414 1203 1451; x_wconf 89' lang='lat' dir='ltr'>apud</span> <span class='ocrx_word' id='word_1_159' title='bbox 1217 1413 1357 1451; x_wconf 87' lang='lat' dir='ltr'>angelos,</span> <span class='ocrx_word' id='word_1_160' title='bbox 1372 1413 1517 1442; x_wconf 88' lang='lat' dir='ltr'>videatur</span> <span class='ocrx_word' id='word_1_161' title='bbox 1530 1421 1562 1443; x_wconf 88' lang='lat' dir='ltr'>n.</span> <span class='ocrx_word' id='word_1_162' title='bbox 1577 1413 1647 1449; x_wconf 87' lang='lat'>768,</span> <span class='ocrx_word' id='word_1_163' title='bbox 1665 1421 1752 1450; x_wconf 87' lang='lat'>1224.</span> 
     </span>
     <span class='ocr_line' id='line_1_18' title="bbox 253 1459 1754 1502; baseline -0.004 -8"><span class='ocrx_word' id='word_1_164' title='bbox 253 1465 341 1502; x_wconf 88' lang='lat'>1264,</span> <span class='ocrx_word' id='word_1_165' title='bbox 358 1464 446 1500; x_wconf 90' lang='lat'>1876,</span> <span class='ocrx_word' id='word_1_166' title='bbox 464 1464 551 1497; x_wconf 88' lang='lat'>1888,</span> <span class='ocrx_word' id='word_1_167' title='bbox 566 1471 655 1500; x_wconf 78' lang='lat'>4310¹</span> <span class='ocrx_word' id='word_1_168' title='bbox 671 1471 761 1499; x_wconf 82' lang='lat'><strong>4442,</strong></span> <span class='ocrx_word' id='word_1_169' title='bbox 774 1468 863 1499; x_wconf 85' lang='lat'><strong>5225,</strong></span> <span class='ocrx_word' id='word_1_170' title='bbox 875 1459 999 1499; x_wconf 80' lang='lat'>[¹15095,</span> <span class='ocrx_word' id='word_1_171' title='bbox 1012 1461 1101 1498; x_wconf 87' lang='lat'>6516,</span> <span class='ocrx_word' id='word_1_172' title='bbox 1117 1461 1344 1495; x_wconf 88' lang='lat'>10216,10282,</span> <span class='ocrx_word' id='word_1_173' title='bbox 1359 1469 1467 1498; x_wconf 88' lang='lat'>10329,</span> <span class='ocrx_word' id='word_1_174' title='bbox 1481 1469 1595 1498; x_wconf 77' lang='lat'>10432;</span> <span class='ocrx_word' id='word_1_175' title='bbox 1619 1464 1650 1488; x_wconf 89' lang='lat' dir='ltr'>et</span> <span class='ocrx_word' id='word_1_176' title='bbox 1662 1460 1754 1497; x_wconf 86' lang='lat' dir='ltr'>quod</span> 
     </span>
     <span class='ocr_line' id='line_1_19' title="bbox 251 1500 1752 1554; baseline -0.003 -9"><span class='ocrx_word' id='word_1_177' title='bbox 251 1515 355 1554; x_wconf 87' lang='lat' dir='ltr'>angeli</span> <span class='ocrx_word' id='word_1_178' title='bbox 377 1515 516 1552; x_wconf 86' lang='lat' dir='ltr'>cogitent</span> <span class='ocrx_word' id='word_1_179' title='bbox 537 1513 695 1543; x_wconf 66' lang='lat' dir='ltr'>abstracte</span> <span class='ocrx_word' id='word_1_180' title='bbox 715 1523 736 1542; x_wconf 89' lang='lat' dir='ltr'>a</span> <span class='ocrx_word' id='word_1_181' title='bbox 755 1513 908 1551; x_wconf 86' lang='lat' dir='ltr'>personis,</span> <span class='ocrx_word' id='word_1_182' title='bbox 923 1522 955 1543; x_wconf 91' lang='lat' dir='ltr'>n.</span> <span class='ocrx_word' id='word_1_183' title='bbox 972 1515 1061 1551; x_wconf 82' lang='lat'>8343,</span> <span class='ocrx_word' id='word_1_184' title='bbox 1078 1515 1167 1551; x_wconf 86' lang='lat'>8985,</span> <span class='ocrx_word' id='word_1_185' title='bbox 1182 1511 1287 1550; x_wconf 89' lang='lat'>9007.)</span> <span class='ocrx_word' id='word_1_186' title='bbox 1368 1500 1502 1554; x_wconf 77' lang='lat' dir='ltr'>Quod</span> <span class='ocrx_word' id='word_1_187' title='bbox 1546 1500 1752 1554; x_wconf 69' lang='lat' dir='ltr'>discipuli</span> 
     </span>
    </p>
   </div>
   <div class='ocr_carea' id='block_1_5' title="bbox 253 1564 1752 1761">
    <p class='ocr_par' dir='ltr' id='par_1_5' title="bbox 253 1564 1752 1761">
     <span class='ocr_line' id='line_1_20' title="bbox 253 1564 1751 1619; baseline -0.003 -10"><span class='ocrx_word' id='word_1_188' title='bbox 253 1568 437 1609; x_wconf 89' lang='lat' dir='ltr'>Domini</span> <span class='ocrx_word' id='word_1_189' title='bbox 458 1565 565 1608; x_wconf 71' lang='lat' dir='ltr'>diffi</span> <span class='ocrx_word' id='word_1_190' title='bbox 591 1567 680 1607; x_wconf 88' lang='lat' dir='ltr'>sint</span> <span class='ocrx_word' id='word_1_191' title='bbox 703 1565 918 1619; x_wconf 89' lang='lat' dir='ltr'>Apostoli</span> <span class='ocrx_word' id='word_1_192' title='bbox 940 1579 999 1606; x_wconf 87' lang='lat' dir='ltr'>ex</span> <span class='ocrx_word' id='word_1_193' title='bbox 1022 1579 1077 1606; x_wconf 92' lang='lat' dir='ltr'>eo</span> <span class='ocrx_word' id='word_1_194' title='bbox 1101 1565 1221 1619; x_wconf 93' lang='lat' dir='ltr'>quod</span> <span class='ocrx_word' id='word_1_195' title='bbox 1243 1565 1365 1605; x_wconf 89' lang='lat' dir='ltr'>missi</span> <span class='ocrx_word' id='word_1_196' title='bbox 1390 1565 1480 1605; x_wconf 92' lang='lat' dir='ltr'>sint</span> <span class='ocrx_word' id='word_1_197' title='bbox 1503 1564 1560 1605; x_wconf 91' lang='lat' dir='ltr'>ad</span> <span class='ocrx_word' id='word_1_198' title='bbox 1582 1564 1751 1605; x_wconf 89' lang='lat' dir='ltr'>docen-</span> 
     </span>
     <span class='ocr_line' id='line_1_21' title="bbox 253 1627 1585 1683; baseline -0.003 -11"><span class='ocrx_word' id='word_1_199' title='bbox 253 1631 359 1672; x_wconf 92' lang='lat' dir='ltr'>dum</span> <span class='ocrx_word' id='word_1_200' title='bbox 386 1630 442 1671; x_wconf 95' lang='lat' dir='ltr'>de</span> <span class='ocrx_word' id='word_1_201' title='bbox 468 1630 574 1683; x_wconf 87' lang='lat' dir='ltr'>Ipso</span> <span class='ocrx_word' id='word_1_202' title='bbox 600 1635 646 1670; x_wconf 89' lang='lat' dir='ltr'>et</span> <span class='ocrx_word' id='word_1_203' title='bbox 673 1629 731 1681; x_wconf 88' lang='lat' dir='ltr'>de</span> <span class='ocrx_word' id='word_1_204' title='bbox 755 1642 897 1682; x_wconf 90' lang='lat' dir='ltr'>regno</span> <span class='ocrx_word' id='word_1_205' title='bbox 923 1628 1082 1682; x_wconf 81' lang='lat' dir='ltr'>Ipsius,</span> <span class='ocrx_word' id='word_1_206' title='bbox 1109 1634 1237 1682; x_wconf 90' lang='lat' dir='ltr'>patet</span> <span class='ocrx_word' id='word_1_207' title='bbox 1263 1627 1382 1681; x_wconf 88' lang='lat' dir='ltr'>apud</span> <span class='ocrx_word' id='word_1_208' title='bbox 1407 1627 1585 1677; x_wconf 88' lang='lat' dir='ltr'>Lucam,</span> 
     </span>
     <span class='ocr_line' id='line_1_22' title="bbox 317 1715 1752 1761; baseline -0.002 -10"><span class='ocrx_word' id='word_1_209' title='bbox 317 1719 423 1761; x_wconf 89' lang='lat' dir='ltr'>Jesus</span> <span class='ocrx_word' id='word_1_210' title='bbox 440 1719 537 1750; x_wconf 90' lang='lat' dir='ltr'>misit</span> <span class='ocrx_word' id='word_1_211' title='bbox 553 1717 740 1750; x_wconf 92' lang='lat' dir='ltr'>duodecim</span> <span class='ocrx_word' id='word_1_212' title='bbox 758 1717 953 1758; x_wconf 87' lang='lat' dir='ltr'>discipulos</span> <span class='ocrx_word' id='word_1_213' title='bbox 970 1727 1054 1748; x_wconf 90' lang='lat' dir='ltr'>suos</span> <span class='ocrx_word' id='word_1_214' title='bbox 1072 1717 1276 1757; x_wconf 89' lang='lat' dir='ltr'>praedicare</span> <span class='ocrx_word' id='word_1_215' title='bbox 1289 1726 1439 1757; x_wconf 89' lang='lat' dir='ltr'>regnum</span> <span class='ocrx_word' id='word_1_216' title='bbox 1454 1715 1542 1755; x_wconf 83' lang='lat' dir='ltr'>Dei;</span> <span class='ocrx_word' id='word_1_217' title='bbox 1567 1722 1603 1748; x_wconf 91' lang='lat' dir='ltr'>et</span> <span class='ocrx_word' id='word_1_218' title='bbox 1618 1716 1752 1748; x_wconf 86' lang='lat' dir='ltr'>reversi</span> 
     </span>
    </p>
   </div>
   <div class='ocr_carea' id='block_1_6' title="bbox 429 1760 1752 1846">
    <p class='ocr_par' dir='ltr' id='par_1_6' title="bbox 429 1760 1752 1846">
     <span class='ocr_line' id='line_1_23' title="bbox 429 1760 1752 1802; baseline -0.002 -8"><span class='ocrx_word' id='word_1_219' title='bbox 429 1762 596 1802; x_wconf 87' lang='lat' dir='ltr'>Apostoli</span> <span class='ocrx_word' id='word_1_220' title='bbox 613 1766 848 1792; x_wconf 88' lang='lat' dir='ltr'>narraverunt</span> <span class='ocrx_word' id='word_1_221' title='bbox 867 1760 940 1801; x_wconf 89' lang='lat' dir='ltr'>Ipsi</span> <span class='ocrx_word' id='word_1_222' title='bbox 958 1770 1188 1802; x_wconf 89' lang='lat' dir='ltr'>quaecunque</span> <span class='ocrx_word' id='word_1_223' title='bbox 1205 1760 1387 1799; x_wconf 81' lang='lat' dir='ltr'>fecerunt;</span> <span class='ocrx_word' id='word_1_224' title='bbox 1411 1766 1447 1792; x_wconf 90' lang='lat' dir='ltr'>et</span> <span class='ocrx_word' id='word_1_225' title='bbox 1462 1760 1567 1802; x_wconf 92' lang='lat' dir='ltr'>Jesus</span> <span class='ocrx_word' id='word_1_226' title='bbox 1584 1760 1752 1801; x_wconf 86' lang='lat' dir='ltr'>loqueba-</span> 
     </span>
     <span class='ocr_line' id='line_1_24' title="bbox 429 1804 1179 1846; baseline -0.004 -8"><span class='ocrx_word' id='word_1_227' title='bbox 429 1811 484 1838; x_wconf 91' lang='lat' dir='ltr'>tur</span> <span class='ocrx_word' id='word_1_228' title='bbox 502 1805 572 1838; x_wconf 88' lang='lat' dir='ltr'>illis</span> <span class='ocrx_word' id='word_1_229' title='bbox 589 1805 633 1837; x_wconf 89' lang='lat' dir='ltr'>de</span> <span class='ocrx_word' id='word_1_230' title='bbox 650 1814 763 1846; x_wconf 90' lang='lat' dir='ltr'>regno</span> <span class='ocrx_word' id='word_1_231' title='bbox 782 1804 849 1836; x_wconf 92' lang='lat' dir='ltr'>Dei</span> <span class='ocrx_word' id='word_1_232' title='bbox 865 1804 926 1845; x_wconf 88' lang='lat' dir='ltr'>(ix.</span> <span class='ocrx_word' id='word_1_233' title='bbox 943 1813 971 1843; x_wconf 95' lang='lat'>1,</span> <span class='ocrx_word' id='word_1_234' title='bbox 989 1812 1019 1843; x_wconf 79' lang='lat'>2,</span> <span class='ocrx_word' id='word_1_235' title='bbox 1039 1813 1088 1843; x_wconf 87' lang='lat'>10,</span> <span class='ocrx_word' id='word_1_236' title='bbox 1105 1804 1158 1845; x_wconf 94' lang='lat'>11)</span> <span class='ocrx_word' id='word_1_237' title='bbox 1172 1814 1179 1843; x_wconf 91' lang='grc'>;</span> 
     </span>
    </p>
   </div>
   <div class='ocr_carea' id='block_1_7' title="bbox 251 1878 607 1933">
    <p class='ocr_par' dir='ltr' id='par_1_7' title="bbox 251 1878 607 1933">
     <span class='ocr_line' id='line_1_25' title="bbox 251 1878 607 1933; baseline 0 -14"><span class='ocrx_word' id='word_1_238' title='bbox 251 1879 371 1933; x_wconf 88' lang='lat' dir='ltr'>apud</span> <span class='ocrx_word' id='word_1_239' title='bbox 398 1878 607 1927; x_wconf 85' lang='lat' dir='ltr'>eundem,</span> 
     </span>
    </p>
   </div>
   <div class='ocr_carea' id='block_1_8' title="bbox 322 1952 1752 2039">
    <p class='ocr_par' dir='ltr' id='par_1_8' title="bbox 322 1952 1752 2039">
     <span class='ocr_line' id='line_1_26' title="bbox 322 1952 1752 1995; baseline -0.001 -8"><span class='ocrx_word' id='word_1_240' title='bbox 322 1955 447 1987; x_wconf 66' lang='lat' dir='ltr'>“Cum</span> <span class='ocrx_word' id='word_1_241' title='bbox 470 1952 587 1986; x_wconf 66' lang='lat' dir='ltr'>factus</span> <span class='ocrx_word' id='word_1_242' title='bbox 604 1959 659 1986; x_wconf 88' lang='lat' dir='ltr'>est</span> <span class='ocrx_word' id='word_1_243' title='bbox 681 1954 769 1992; x_wconf 90' lang='lat' dir='ltr'>dies,</span> <span class='ocrx_word' id='word_1_244' title='bbox 789 1953 894 1995; x_wconf 89' lang='lat' dir='ltr'>Jesus</span> <span class='ocrx_word' id='word_1_245' title='bbox 910 1953 1053 1985; x_wconf 88' lang='lat' dir='ltr'>vocavit</span> <span class='ocrx_word' id='word_1_246' title='bbox 1076 1953 1269 1994; x_wconf 90' lang='lat' dir='ltr'>discipulos</span> <span class='ocrx_word' id='word_1_247' title='bbox 1294 1963 1389 1992; x_wconf 86' lang='lat' dir='ltr'>suos,</span> <span class='ocrx_word' id='word_1_248' title='bbox 1410 1959 1445 1985; x_wconf 86' lang='lat' dir='ltr'>et</span> <span class='ocrx_word' id='word_1_249' title='bbox 1468 1953 1605 1994; x_wconf 90' lang='lat' dir='ltr'>eligens</span> <span class='ocrx_word' id='word_1_250' title='bbox 1622 1963 1665 1985; x_wconf 89' lang='lat' dir='ltr'>ex</span> <span class='ocrx_word' id='word_1_251' title='bbox 1682 1953 1752 1985; x_wconf 91' lang='lat' dir='ltr'>illis</span> 
     </span>
     <span class='ocr_line' id='line_1_27' title="bbox 428 1997 1424 2039; baseline -0.001 -9"><span class='ocrx_word' id='word_1_252' title='bbox 428 1998 628 2037; x_wconf 90' lang='lat' dir='ltr'>duodecim,</span> <span class='ocrx_word' id='word_1_253' title='bbox 648 2007 738 2039; x_wconf 88' lang='lat' dir='ltr'>quos</span> <span class='ocrx_word' id='word_1_254' title='bbox 756 2002 792 2029; x_wconf 93' lang='lat' dir='ltr'>et</span> <span class='ocrx_word' id='word_1_255' title='bbox 810 1997 1008 2038; x_wconf 88' lang='lat' dir='ltr'>Apostolos</span> <span class='ocrx_word' id='word_1_256' title='bbox 1025 1997 1254 2030; x_wconf 85' lang='lat' dir='ltr'>nominavit&#39;’</span> <span class='ocrx_word' id='word_1_257' title='bbox 1271 1997 1331 2038; x_wconf 88' lang='lat' dir='ltr'>(vi.</span> <span class='ocrx_word' id='word_1_258' title='bbox 1350 1998 1424 2038; x_wconf 87' lang='lat'>13);</span> 
     </span>
    </p>
   </div>
   <div class='ocr_carea' id='block_1_9' title="bbox 252 2067 604 2122">
    <p class='ocr_par' dir='ltr' id='par_1_9' title="bbox 252 2067 604 2122">
     <span class='ocr_line' id='line_1_28' title="bbox 252 2067 604 2122; baseline -0.006 -12"><span class='ocrx_word' id='word_1_259' title='bbox 252 2068 371 2122; x_wconf 91' lang='lat' dir='ltr'>apud</span> <span class='ocrx_word' id='word_1_260' title='bbox 397 2067 604 2117; x_wconf 92' lang='lat' dir='ltr'>eundem,</span> 
     </span>
    </p>
   </div>
   <div class='ocr_carea' id='block_1_10' title="bbox 298 2137 1753 2229">
    <p class='ocr_par' dir='ltr' id='par_1_10' title="bbox 298 2137 1753 2229">
     <span class='ocr_line' id='line_1_29' title="bbox 298 2137 1753 2185; baseline 0 -10"><span class='ocrx_word' id='word_1_261' title='bbox 298 2137 301 2140; x_wconf 47' lang='lat'><strong><em>¹</em></strong></span> <span class='ocrx_word' id='word_1_262' title='bbox 322 2143 499 2176; x_wconf 86' lang='lat' dir='ltr'>“Mittam</span> <span class='ocrx_word' id='word_1_263' title='bbox 524 2143 569 2175; x_wconf 86' lang='lat' dir='ltr'>ad</span> <span class='ocrx_word' id='word_1_264' title='bbox 592 2143 674 2175; x_wconf 90' lang='lat' dir='ltr'>illos</span> <span class='ocrx_word' id='word_1_265' title='bbox 698 2143 892 2184; x_wconf 87' lang='lat' dir='ltr'>prophetas</span> <span class='ocrx_word' id='word_1_266' title='bbox 916 2148 951 2174; x_wconf 88' lang='lat' dir='ltr'>et</span> <span class='ocrx_word' id='word_1_267' title='bbox 975 2143 1171 2183; x_wconf 86' lang='lat' dir='ltr'>apostolos,</span> <span class='ocrx_word' id='word_1_268' title='bbox 1191 2149 1227 2176; x_wconf 90' lang='lat' dir='ltr'>et</span> <span class='ocrx_word' id='word_1_269' title='bbox 1250 2153 1294 2176; x_wconf 88' lang='lat' dir='ltr'>ex</span> <span class='ocrx_word' id='word_1_270' title='bbox 1311 2143 1381 2175; x_wconf 91' lang='lat' dir='ltr'>illis</span> <span class='ocrx_word' id='word_1_271' title='bbox 1398 2143 1561 2176; x_wconf 88' lang='lat' dir='ltr'>occident</span> <span class='ocrx_word' id='word_1_272' title='bbox 1577 2150 1612 2176; x_wconf 88' lang='lat' dir='ltr'>et</span> <span class='ocrx_word' id='word_1_273' title='bbox 1635 2153 1753 2185; x_wconf 88' lang='lat' dir='ltr'>perse-</span> 
     </span>
     <span class='ocr_line' id='line_1_30' title="bbox 426 2186 777 2229; baseline 0.003 -11"><span class='ocrx_word' id='word_1_274' title='bbox 426 2187 606 2229; x_wconf 89' lang='lat' dir='ltr'>quentur”</span> <span class='ocrx_word' id='word_1_275' title='bbox 623 2187 683 2228; x_wconf 88' lang='lat' dir='ltr'>(xi.</span> <span class='ocrx_word' id='word_1_276' title='bbox 700 2186 777 2228; x_wconf 88' lang='lat'><strong>49);</strong></span> 
     </span>
    </p>
   </div>
   <div class='ocr_carea' id='block_1_11' title="bbox 250 2268 1752 2456">
    <p class='ocr_par' dir='ltr' id='par_1_11' title="bbox 250 2268 1752 2456">
     <span class='ocr_line' id='line_1_31' title="bbox 256 2268 1752 2330; baseline 0.001 -15"><span class='ocrx_word' id='word_1_277' title='bbox 256 2274 546 2329; x_wconf 87' lang='lat' dir='ltr'>“prophetae</span> <span class='ocrx_word' id='word_1_278' title='bbox 582 2281 629 2316; x_wconf 92' lang='lat' dir='ltr'>et</span> <span class='ocrx_word' id='word_1_279' title='bbox 669 2275 866 2328; x_wconf 91' lang='lat' dir='ltr'>apostoli</span> <span class='ocrx_word' id='word_1_280' title='bbox 879 2275 899 2291; x_wconf 92' lang='lat'>”</span> <span class='ocrx_word' id='word_1_281' title='bbox 929 2276 1153 2326; x_wconf 88' lang='lat' dir='ltr'>dicuntur,</span> <span class='ocrx_word' id='word_1_282' title='bbox 1186 2276 1288 2330; x_wconf 86' lang='lat' dir='ltr'>quia</span> <span class='ocrx_word' id='word_1_283' title='bbox 1323 2289 1402 2330; x_wconf 87' lang='lat' dir='ltr'>per</span> <span class='ocrx_word' id='word_1_284' title='bbox 1435 2268 1719 2330; x_wconf 88' lang='lat' dir='ltr'>“prophetas</span> <span class='ocrx_word' id='word_1_285' title='bbox 1732 2275 1752 2291; x_wconf 94' lang='lat'>”</span> 
     </span>
     <span class='ocr_line' id='line_1_32' title="bbox 250 2338 1752 2393; baseline 0.001 -15"><span class='ocrx_word' id='word_1_286' title='bbox 250 2351 398 2391; x_wconf 90' lang='lat' dir='ltr'>aeque</span> <span class='ocrx_word' id='word_1_287' title='bbox 429 2351 480 2378; x_wconf 91' lang='lat' dir='ltr'>ac</span> <span class='ocrx_word' id='word_1_288' title='bbox 513 2352 592 2392; x_wconf 91' lang='lat' dir='ltr'>per</span> <span class='ocrx_word' id='word_1_289' title='bbox 619 2338 923 2392; x_wconf 89' lang='lat' dir='ltr'>“apostolos’&#39;</span> <span class='ocrx_word' id='word_1_290' title='bbox 954 2338 1273 2392; x_wconf 87' lang='lat' dir='ltr'>intelliguntur</span> <span class='ocrx_word' id='word_1_291' title='bbox 1298 2340 1372 2393; x_wconf 91' lang='lat' dir='ltr'>qui</span> <span class='ocrx_word' id='word_1_292' title='bbox 1404 2340 1526 2380; x_wconf 91' lang='lat' dir='ltr'>missi</span> <span class='ocrx_word' id='word_1_293' title='bbox 1557 2345 1662 2380; x_wconf 90' lang='lat' dir='ltr'>sunt</span> <span class='ocrx_word' id='word_1_294' title='bbox 1694 2339 1752 2380; x_wconf 90' lang='lat' dir='ltr'>ad</span> 
     </span>
     <span class='ocr_line' id='line_1_33' title="bbox 256 2400 1752 2456; baseline 0.001 -16"><span class='ocrx_word' id='word_1_295' title='bbox 256 2400 511 2441; x_wconf 89' lang='lat' dir='ltr'>docendum</span> <span class='ocrx_word' id='word_1_296' title='bbox 553 2414 688 2442; x_wconf 90' lang='lat' dir='ltr'>vera:</span> <span class='ocrx_word' id='word_1_297' title='bbox 732 2401 812 2442; x_wconf 90' lang='lat' dir='ltr'>sed</span> <span class='ocrx_word' id='word_1_298' title='bbox 849 2415 928 2455; x_wconf 91' lang='lat' dir='ltr'>per</span> <span class='ocrx_word' id='word_1_299' title='bbox 961 2401 1276 2455; x_wconf 90' lang='lat' dir='ltr'>“prophetas&#39;&#39;</span> <span class='ocrx_word' id='word_1_300' title='bbox 1307 2401 1371 2442; x_wconf 91' lang='lat' dir='ltr'>illi</span> <span class='ocrx_word' id='word_1_301' title='bbox 1406 2402 1481 2456; x_wconf 93' lang='lat' dir='ltr'>qui</span> <span class='ocrx_word' id='word_1_302' title='bbox 1515 2402 1561 2443; x_wconf 91' lang='lat' dir='ltr'>in</span> <span class='ocrx_word' id='word_1_303' title='bbox 1591 2401 1752 2443; x_wconf 91' lang='lat' dir='ltr'>Veteri</span> 
     </span>
    </p>
   </div>
   <div class='ocr_carea' id='block_1_12' title="bbox 255 2462 1754 2566">
    <p class='ocr_par' dir='ltr' id='par_1_12' title="bbox 255 2462 1754 2566">
     <span class='ocr_line' id='line_1_34' title="bbox 255 2462 1754 2519; baseline 0.001 -15"><span class='ocrx_word' id='word_1_304' title='bbox 255 2462 570 2512; x_wconf 86' lang='lat' dir='ltr'>Testamento,</span> <span class='ocrx_word' id='word_1_305' title='bbox 603 2470 650 2505; x_wconf 92' lang='lat' dir='ltr'>et</span> <span class='ocrx_word' id='word_1_306' title='bbox 686 2478 764 2518; x_wconf 87' lang='lat' dir='ltr'>per</span> <span class='ocrx_word' id='word_1_307' title='bbox 797 2468 822 2485; x_wconf 82' lang='lat'>‘⁴</span> <span class='ocrx_word' id='word_1_308' title='bbox 837 2465 1102 2518; x_wconf 89' lang='lat' dir='ltr'>apostolos”</span> <span class='ocrx_word' id='word_1_309' title='bbox 1128 2464 1191 2506; x_wconf 93' lang='lat' dir='ltr'>illi</span> <span class='ocrx_word' id='word_1_310' title='bbox 1226 2465 1300 2519; x_wconf 89' lang='lat' dir='ltr'>qui</span> <span class='ocrx_word' id='word_1_311' title='bbox 1335 2465 1379 2506; x_wconf 92' lang='lat' dir='ltr'>in</span> <span class='ocrx_word' id='word_1_312' title='bbox 1416 2465 1564 2507; x_wconf 91' lang='lat' dir='ltr'>Novo.</span> <span class='ocrx_word' id='word_1_313' title='bbox 1640 2474 1754 2513; x_wconf 78' lang='lat' dir='ltr'>(Quod</span> 
     </span>
     <span class='ocr_line' id='line_1_35' title="bbox 257 2525 1752 2566; baseline 0.002 -12"><span class='ocrx_word' id='word_1_314' title='bbox 257 2529 274 2539; x_wconf 83' lang='lat'>¹¹</span> <span class='ocrx_word' id='word_1_315' title='bbox 287 2526 464 2564; x_wconf 86' lang='lat' dir='ltr'>prophetae</span> <span class='ocrx_word' id='word_1_316' title='bbox 475 2525 492 2536; x_wconf 88' lang='lat'>&#39;&#39;</span> <span class='ocrx_word' id='word_1_317' title='bbox 508 2526 541 2555; x_wconf 88' lang='lat' dir='ltr'>in</span> <span class='ocrx_word' id='word_1_318' title='bbox 555 2526 666 2556; x_wconf 89' lang='lat' dir='ltr'>Verbo</span> <span class='ocrx_word' id='word_1_319' title='bbox 688 2527 868 2564; x_wconf 87' lang='lat' dir='ltr'>significent</span> <span class='ocrx_word' id='word_1_320' title='bbox 889 2528 1042 2557; x_wconf 87' lang='lat' dir='ltr'>docentes</span> <span class='ocrx_word' id='word_1_321' title='bbox 1058 2537 1142 2562; x_wconf 85' lang='lat' dir='ltr'>vera,</span> <span class='ocrx_word' id='word_1_322' title='bbox 1158 2532 1190 2556; x_wconf 84' lang='lat' dir='ltr'>et</span> <span class='ocrx_word' id='word_1_323' title='bbox 1211 2528 1370 2557; x_wconf 71' lang='lat' dir='ltr'>abstracte</span> <span class='ocrx_word' id='word_1_324' title='bbox 1385 2537 1405 2557; x_wconf 93' lang='lat' dir='ltr'>a</span> <span class='ocrx_word' id='word_1_325' title='bbox 1426 2528 1570 2566; x_wconf 89' lang='lat' dir='ltr'>personis</span> <span class='ocrx_word' id='word_1_326' title='bbox 1583 2529 1653 2566; x_wconf 89' lang='lat' dir='ltr'>ipsa</span> <span class='ocrx_word' id='word_1_327' title='bbox 1666 2537 1752 2562; x_wconf 81' lang='lat' dir='ltr'>vera,</span> 
     </span>
    </p>
   </div>
   <div class='ocr_carea' id='block_1_13' title="bbox 252 2566 1753 2684">
    <p class='ocr_par' dir='ltr' id='par_1_13' title="bbox 252 2566 1753 2684">
     <span class='ocr_line' id='line_1_36' title="bbox 252 2566 1753 2623; baseline 0.003 -18"><span class='ocrx_word' id='word_1_328' title='bbox 252 2573 400 2606; x_wconf 76' lang='lat' dir='ltr'>&#39;videatur</span> <span class='ocrx_word' id='word_1_329' title='bbox 409 2585 440 2606; x_wconf 88' lang='lat' dir='ltr'>n.</span> <span class='ocrx_word' id='word_1_330' title='bbox 453 2576 558 2615; x_wconf 85' lang='lat'><strong>2534-)</strong></span> <span class='ocrx_word' id='word_1_331' title='bbox 599 2566 716 2620; x_wconf 78' lang='lat' dir='ltr'>Quia</span> <span class='ocrx_word' id='word_1_332' title='bbox 732 2568 1008 2609; x_wconf 88' lang='lat' dir='ltr'>“duodecim</span> <span class='ocrx_word' id='word_1_333' title='bbox 1023 2568 1218 2622; x_wconf 89' lang='lat' dir='ltr'>apostoli</span> <span class='ocrx_word' id='word_1_334' title='bbox 1229 2568 1249 2584; x_wconf 88' lang='lat'>&#39;&#39;</span> <span class='ocrx_word' id='word_1_335' title='bbox 1263 2568 1520 2622; x_wconf 88' lang='lat' dir='ltr'>significant</span> <span class='ocrx_word' id='word_1_336' title='bbox 1535 2569 1632 2623; x_wconf 91' lang='lat' dir='ltr'>ipsa</span> <span class='ocrx_word' id='word_1_337' title='bbox 1645 2583 1753 2610; x_wconf 87' lang='lat' dir='ltr'>vera</span> 
     </span>
     <span class='ocr_line' id='line_1_37' title="bbox 256 2628 1253 2684; baseline 0.002 -14"><span class='ocrx_word' id='word_1_338' title='bbox 256 2628 491 2679; x_wconf 90' lang='lat' dir='ltr'>ecclesiae,</span> <span class='ocrx_word' id='word_1_339' title='bbox 517 2629 619 2670; x_wconf 88' lang='lat' dir='ltr'>ideo</span> <span class='ocrx_word' id='word_1_340' title='bbox 646 2630 806 2671; x_wconf 92' lang='lat' dir='ltr'>dicitur</span> <span class='ocrx_word' id='word_1_341' title='bbox 830 2631 874 2671; x_wconf 90' lang='lat' dir='ltr'>in</span> <span class='ocrx_word' id='word_1_342' title='bbox 899 2630 1186 2684; x_wconf 75' lang='lat' dir='ltr'>Apocalypsi,</span> <span class='ocrx_word' id='word_1_343' title='bbox 1247 2651 1253 2658; x_wconf 91' lang='lat'><strong>·</strong></span> 
     </span>
    </p>
   </div>
   <div class='ocr_carea' id='block_1_14' title="bbox 323 2725 1753 2813">
    <p class='ocr_par' dir='ltr' id='par_1_14' title="bbox 323 2725 1753 2813">
     <span class='ocr_line' id='line_1_38' title="bbox 323 2725 1753 2768; baseline 0.001 -11"><span class='ocrx_word' id='word_1_344' title='bbox 323 2727 345 2741; x_wconf 83' lang='lat'>‘¹</span> <span class='ocrx_word' id='word_1_345' title='bbox 357 2725 482 2758; x_wconf 87' lang='lat' dir='ltr'>Murus</span> <span class='ocrx_word' id='word_1_346' title='bbox 492 2725 510 2738; x_wconf 92' lang='lat'>’&#39;</span> <span class='ocrx_word' id='word_1_347' title='bbox 525 2725 650 2758; x_wconf 88' lang='lat' dir='ltr'>Novae</span> <span class='ocrx_word' id='word_1_348' title='bbox 669 2726 945 2768; x_wconf 84' lang='lat' dir='ltr'>Hierosolymae</span> <span class='ocrx_word' id='word_1_349' title='bbox 961 2728 1130 2760; x_wconf 87' lang='lat' dir='ltr'>“habens</span> <span class='ocrx_word' id='word_1_350' title='bbox 1146 2728 1381 2760; x_wconf 83' lang='lat' dir='ltr'>fundamenta</span> <span class='ocrx_word' id='word_1_351' title='bbox 1392 2728 1591 2767; x_wconf 90' lang='lat' dir='ltr'>duodecim,</span> <span class='ocrx_word' id='word_1_352' title='bbox 1608 2734 1643 2760; x_wconf 89' lang='lat' dir='ltr'>et</span> <span class='ocrx_word' id='word_1_353' title='bbox 1660 2728 1696 2759; x_wconf 91' lang='lat' dir='ltr'>in</span> <span class='ocrx_word' id='word_1_354' title='bbox 1714 2728 1753 2759; x_wconf 91' lang='lat' dir='ltr'>il-</span> 
     </span>
     <span class='ocr_line' id='line_1_39' title="bbox 429 2770 1443 2813; baseline 0.005 -13"><span class='ocrx_word' id='word_1_355' title='bbox 429 2770 472 2801; x_wconf 92' lang='lat' dir='ltr'>lis</span> <span class='ocrx_word' id='word_1_356' title='bbox 490 2770 638 2801; x_wconf 85' lang='lat' dir='ltr'>nomina</span> <span class='ocrx_word' id='word_1_357' title='bbox 653 2770 841 2802; x_wconf 91' lang='lat' dir='ltr'>duodecim</span> <span class='ocrx_word' id='word_1_358' title='bbox 858 2771 1115 2812; x_wconf 87' lang='lat' dir='ltr'>Apostolorum</span> <span class='ocrx_word' id='word_1_359' title='bbox 1132 2771 1258 2812; x_wconf 86' lang='lat' dir='ltr'>Agni²’</span> <span class='ocrx_word' id='word_1_360' title='bbox 1275 2772 1359 2813; x_wconf 84' lang='lat' dir='ltr'>(xxi.</span> <span class='ocrx_word' id='word_1_361' title='bbox 1378 2771 1443 2813; x_wconf 88' lang='lat'>14).</span> 
     </span>
    </p>
   </div>
   <div class='ocr_carea' id='block_1_15' title="bbox 252 2858 1754 3038">
    <p class='ocr_par' dir='ltr' id='par_1_15' title="bbox 252 2858 1754 3038">
     <span class='ocr_line' id='line_1_40' title="bbox 252 2858 1754 2898; baseline 0.001 -11"><span class='ocrx_word' id='word_1_362' title='bbox 252 2858 368 2895; x_wconf 79' lang='lat' dir='ltr'>(Quod</span> <span class='ocrx_word' id='word_1_363' title='bbox 389 2867 446 2896; x_wconf 87' lang='lat' dir='ltr'>per</span> <span class='ocrx_word' id='word_1_364' title='bbox 460 2861 477 2872; x_wconf 85' lang='lat'><strong>“</strong></span> <span class='ocrx_word' id='word_1_365' title='bbox 489 2859 615 2888; x_wconf 90' lang='lat' dir='ltr'>Novam</span> <span class='ocrx_word' id='word_1_366' title='bbox 632 2859 911 2898; x_wconf 87' lang='lat' dir='ltr'>Hierosolymam&#39;&#39;</span> <span class='ocrx_word' id='word_1_367' title='bbox 928 2860 1121 2898; x_wconf 84' lang='lat' dir='ltr'>intelligatur</span> <span class='ocrx_word' id='word_1_368' title='bbox 1135 2861 1267 2890; x_wconf 89' lang='lat' dir='ltr'>ecelesia</span> <span class='ocrx_word' id='word_1_369' title='bbox 1281 2862 1388 2898; x_wconf 88' lang='lat' dir='ltr'>quoad</span> <span class='ocrx_word' id='word_1_370' title='bbox 1404 2861 1593 2895; x_wconf 55' lang='lat' dir='ltr'>doctrinam,</span> <span class='ocrx_word' id='word_1_371' title='bbox 1610 2861 1754 2890; x_wconf 80' lang='lat' dir='ltr'>videatur</span> 
     </span>
     <span class='ocr_line' id='line_1_41' title="bbox 254 2903 1753 2945; baseline 0.002 -13"><span class='ocrx_word' id='word_1_372' title='bbox 254 2903 286 2932; x_wconf 86' lang='lat' dir='ltr'>in</span> <span class='ocrx_word' id='word_1_373' title='bbox 309 2905 463 2941; x_wconf 86' lang='lat' dir='ltr'>opusculo</span> <span class='ocrx_word' id='word_1_374' title='bbox 479 2906 530 2934; x_wconf 86' lang='lat' dir='ltr'>De</span> <span class='ocrx_word' id='word_1_375' title='bbox 543 2905 636 2934; x_wconf 85' lang='lat' dir='ltr'>Nova</span> <span class='ocrx_word' id='word_1_376' title='bbox 651 2906 870 2944; x_wconf 66' lang='lat' dir='ltr'>Isierosolyma</span> <span class='ocrx_word' id='word_1_377' title='bbox 882 2909 912 2935; x_wconf 84' lang='lat' dir='ltr'>et</span> <span class='ocrx_word' id='word_1_378' title='bbox 925 2907 992 2944; x_wconf 84' lang='lat' dir='ltr'>ejus</span> <span class='ocrx_word' id='word_1_379' title='bbox 1007 2907 1177 2941; x_wconf 66' lang='lat' dir='ltr'>Doc‘trina,</span> <span class='ocrx_word' id='word_1_380' title='bbox 1193 2916 1223 2936; x_wconf 91' lang='lat' dir='ltr'>n.</span> <span class='ocrx_word' id='word_1_381' title='bbox 1239 2908 1275 2937; x_wconf 83' lang='lat'>6:</span> <span class='ocrx_word' id='word_1_382' title='bbox 1298 2908 1387 2944; x_wconf 90' lang='lat' dir='ltr'>quod</span> <span class='ocrx_word' id='word_1_383' title='bbox 1408 2917 1465 2945; x_wconf 84' lang='lat' dir='ltr'>per</span> <span class='ocrx_word' id='word_1_384' title='bbox 1480 2911 1635 2936; x_wconf 84' lang='lat' dir='ltr'>“murum</span> <span class='ocrx_word' id='word_1_385' title='bbox 1646 2907 1662 2916; x_wconf 80' lang='lat'>&#39;⁵</span> <span class='ocrx_word' id='word_1_386' title='bbox 1686 2907 1753 2944; x_wconf 88' lang='lat' dir='ltr'>ejus</span> 
     </span>
     <span class='ocr_line' id='line_1_42' title="bbox 254 2950 1753 2991; baseline 0.002 -13"><span class='ocrx_word' id='word_1_387' title='bbox 254 2950 469 2987; x_wconf 76' lang='lat' dir='ltr'>&#39;significentur</span> <span class='ocrx_word' id='word_1_388' title='bbox 483 2959 557 2979; x_wconf 86' lang='lat' dir='ltr'>vera</span> <span class='ocrx_word' id='word_1_389' title='bbox 569 2950 734 2980; x_wconf 61' lang='lat' dir='ltr'>dootrinae</span> <span class='ocrx_word' id='word_1_390' title='bbox 748 2952 892 2986; x_wconf 82' lang='lat' dir='ltr'>tutantia,</span> <span class='ocrx_word' id='word_1_391' title='bbox 904 2952 936 2980; x_wconf 87' lang='lat' dir='ltr'>in</span> <span class='ocrx_word' id='word_1_392' title='bbox 949 2953 1089 2981; x_wconf 82' lang='lat' dir='ltr'>Arcanis</span> <span class='ocrx_word' id='word_1_393' title='bbox 1104 2954 1301 2987; x_wconf 77' lang='lat' dir='ltr'>Caelestibus,</span> <span class='ocrx_word' id='word_1_394' title='bbox 1314 2963 1344 2983; x_wconf 90' lang='lat' dir='ltr'>n.</span> <span class='ocrx_word' id='word_1_395' title='bbox 1361 2954 1456 2991; x_wconf 89' lang='lat'>6419:</span> <span class='ocrx_word' id='word_1_396' title='bbox 1480 2954 1569 2990; x_wconf 91' lang='lat' dir='ltr'>quod</span> <span class='ocrx_word' id='word_1_397' title='bbox 1583 2962 1640 2990; x_wconf 88' lang='lat' dir='ltr'>per</span> <span class='ocrx_word' id='word_1_398' title='bbox 1655 2955 1671 2966; x_wconf 84' lang='lat'>¹¹</span> <span class='ocrx_word' id='word_1_399' title='bbox 1682 2953 1753 2981; x_wconf 85' lang='lat' dir='ltr'>fun-</span> 
     </span>
     <span class='ocr_line' id='line_1_43' title="bbox 255 2996 1752 3038; baseline 0.003 -14"><span class='ocrx_word' id='word_1_400' title='bbox 255 2996 407 3025; x_wconf 82' lang='lat' dir='ltr'>damenta</span> <span class='ocrx_word' id='word_1_401' title='bbox 421 2997 501 3025; x_wconf 90' lang='lat' dir='ltr'>muri</span> <span class='ocrx_word' id='word_1_402' title='bbox 513 2996 529 3006; x_wconf 79' lang='lat'>&#39;&#39;</span> <span class='ocrx_word' id='word_1_403' title='bbox 543 2997 740 3035; x_wconf 83' lang='lat' dir='ltr'>cognitiones</span> <span class='ocrx_word' id='word_1_404' title='bbox 751 2998 815 3027; x_wconf 85' lang='lat' dir='ltr'>ven&#39;</span> <span class='ocrx_word' id='word_1_405' title='bbox 830 3007 925 3036; x_wconf 87' lang='lat' dir='ltr'>super</span> <span class='ocrx_word' id='word_1_406' title='bbox 935 2999 1050 3035; x_wconf 89' lang='lat' dir='ltr'>quibus</span> <span class='ocrx_word' id='word_1_407' title='bbox 1066 2999 1211 3028; x_wconf 62' lang='lat' dir='ltr'>doctrina</span> <span class='ocrx_word' id='word_1_408' title='bbox 1225 3000 1384 3034; x_wconf 74' lang='lat' dir='ltr'>fundatur,</span> <span class='ocrx_word' id='word_1_409' title='bbox 1398 3009 1428 3029; x_wconf 89' lang='lat' dir='ltr'>n.</span> <span class='ocrx_word' id='word_1_410' title='bbox 1439 2998 1570 3038; x_wconf 75' lang='lat' dir='ltr'>[2l9643;</span> <span class='ocrx_word' id='word_1_411' title='bbox 1594 3000 1682 3037; x_wconf 83' lang='lat' dir='ltr'>quod</span> <span class='ocrx_word' id='word_1_412' title='bbox 1696 3008 1752 3037; x_wconf 82' lang='lat' dir='ltr'>per</span> 
     </span>
    </p>
   </div>
  </div>
 </body>
</html>
