2060 3476
671 358 777 392 cAP.
800 359 866 400 11.,
890 359 1029 392 VERs.
1058 359 1200 392 1.—N.
1223 349 1292 404 96.
1656 362 1737 404 109

229 471 422 514 tionibus
444 472 544 514 veri
559 479 604 514 et
621 471 726 514 boni
740 487 797 513 ex
822 471 964 514 Verbo
984 478 1101 521 sunt,
1120 478 1305 514 constat
1323 486 1383 514 ex
1401 471 1735 526 significatione

231 536 505 585 “scribere,”
531 536 651 591 quod
683 537 742 578 sit
774 536 832 577 ad
864 536 1228 577 recordationem
1257 546 1312 585 (de
1326 556 1436 584 quan.
1453 547 1571 587 8620);
1613 537 1734 590 quod

229 600 287 640 sit
310 599 397 640 illis
420 601 494 654 qui
515 601 634 641 intra
656 599 898 641 ecclesiam
920 600 994 654 qui
1016 600 1060 640 in
1083 600 1422 653 cognitionibus
1443 600 1536 640 veri
1559 605 1605 640 et
1627 600 1734 640 boni

229 676 288 703 ex
312 662 468 704 Verbo
494 670 614 712 sunt,
638 669 709 705 est
731 664 835 718 quia
860 663 924 704 illi
946 669 1052 704 sunt
1075 664 1147 717 qui
1174 677 1254 717 per
1278 662 1550 716 “Angelum
1577 662 1733 716 Ephe-

229 728 354 768 sinae
377 726 614 768 Ecclesiae
625 726 646 742 '’
663 726 1008 780 intelliguntur;
1041 726 1163 780 quod
1185 726 1249 767 illi
1271 726 1604 779 intelligantur,
1623 739 1733 767 con-

229 796 323 832 stat
349 805 409 832 ex
436 789 523 831 illis
546 804 660 844 quae
684 790 743 830 ad
769 790 898 831 istius
924 789 1146 831 ecclesiae
1169 789 1384 843 angelum
1407 790 1578 843 scripta
1600 796 1732 840 sunt;

229 867 321 895 non
344 853 524 894 aliunde
542 854 643 894 sciri
666 859 821 907 potest
839 853 945 907 quid
968 867 1048 907 per
1064 853 1258 906 cujusvis
1280 853 1501 894 ecclesiae
1519 852 1733 906 angelum

229 916 515 970 intelligitur,
543 929 679 970 quam
705 930 765 957 ex
792 930 927 957 sensu
957 917 1138 957 interno
1164 930 1319 957 eorum
1345 930 1460 970 quae
1486 922 1735 970 sequuntur

230 981 424 1034 scripta:
459 980 624 1021 dicitur
639 994 696 1021 ex
710 994 842 1021 sensu
857 980 1043 1029 interno,
1062 980 1166 1034 quia
1183 981 1335 1021 omnia
1357 994 1471 1034 quae
1494 981 1539 1020 in
1556 979 1734 1033 Apoca-

230 1043 352 1097 lypsi
372 1050 477 1085 sunt
502 1043 788 1097 prophetica,
812 1050 859 1085 et
891 1043 1162 1098 prophetica
1193 1057 1284 1085 non
1311 1043 1603 1097 explicabilia
1628 1049 1735 1084 sunt

229 1120 364 1161 quam
402 1121 481 1161 per
517 1120 700 1148 sensum
737 1108 980 1148 internum.
1053 1106 1164 1160 Quis
1202 1121 1293 1148 non
1329 1107 1471 1156 videt,
1509 1108 1584 1161 qui
1621 1106 1734 1161 legit

230 1170 497 1224 ProphetaS,
521 1170 643 1224 quod
670 1184 836 1211 arcana
862 1171 922 1211 ibi
944 1171 1049 1219 sint,
1074 1185 1189 1224 quae
1211 1170 1347 1212 altius
1369 1171 1607 1212 recondita
1629 1177 1734 1212 sunt

229 1247 364 1288 quam
390 1234 435 1274 in
461 1247 596 1274 sensu
627 1233 765 1287 plano
797 1233 1010 1275 litterae?
1070 1234 1133 1275 Et
1159 1234 1263 1289 quia
1288 1247 1455 1275 arcana
1480 1233 1558 1274 illa
1582 1248 1609 1274 a
1634 1233 1735 1275 solo

229 1296 424 1338 naturali
465 1296 649 1338 homine
687 1311 778 1338 non
820 1303 1011 1351 possunt
1047 1297 1204 1346 videri,
1243 1303 1521 1352 quapropter
1559 1297 1623 1338 illi
1660 1298 1734 1352 qui

151 1396 157 1400 .
229 1358 436 1402 sanctum
463 1360 636 1402 habent
659 1361 863 1401 Verbum
890 1367 1182 1414 praetereunt
1209 1361 1286 1402 illa
1308 1375 1423 1415 quae
1445 1374 1537 1402 non
1563 1361 1734 1402 intelli-

229 1429 358 1477 gunt,
378 1423 586 1465 dicentes
604 1424 726 1478 quod
749 1425 855 1464 insit
874 1437 1087 1465 arcanum
1106 1425 1227 1478 quod
1251 1438 1343 1465 non
1366 1425 1530 1473 sciunt,
1549 1431 1595 1466 et
1613 1425 1734 1479 quod

229 1487 412 1540 quidam
444 1494 613 1528 vocant
645 1488 916 1541 mysticum;
950 1488 1071 1541 quod
1104 1488 1191 1529 hoc
1224 1489 1282 1529 sit
1315 1487 1549 1542 spirituale
1577 1488 1733 1537 Verbi,

229 1549 366 1604 aliqui
392 1551 556 1599 sciunt,
584 1551 687 1604 quia
713 1552 922 1604 cogitant
949 1551 1070 1605 quod
1098 1552 1302 1593 Verbum
1333 1553 1378 1592 in
1410 1566 1491 1592 suo
1517 1553 1616 1592 sinu
1642 1553 1733 1606 spi-

229 1613 391 1655 rituale
411 1611 502 1654 fflsit
521 1615 624 1668 quia
647 1614 860 1655 Divinum
878 1628 887 1665 ;
921 1615 1001 1655 sed
1024 1629 1163 1669 usque
1183 1614 1403 1656 hactenus
1421 1616 1629 1669 ignotum
1652 1616 1734 1657 fuit

230 1677 351 1731 quod
378 1677 422 1717 id
450 1678 508 1718 sit
535 1691 692 1718 sensus
719 1677 812 1730 ejus
838 1678 1098 1732 spiritualis,
1122 1685 1168 1720 et
1195 1679 1316 1733 quod
1344 1679 1547 1720 Verbum
1574 1680 1619 1720 in
1646 1679 1732 1721 hoc

230 1744 365 1781 sensu
390 1740 676 1794 intelligatur
701 1741 758 1781 ab
784 1741 974 1794 angelis,
1002 1756 1053 1783 ac
1081 1743 1202 1796 quod
1231 1757 1310 1797 per
1336 1756 1438 1784 eum
1465 1756 1647 1784 sensum
1674 1745 1734 1785 sit

230 1800 493 1854 conjunffio
515 1802 631 1843 caeli
656 1815 759 1843 cum
785 1802 970 1844 homine
992 1803 1218 1845 ecclesiae
1240 1815 1399 1854 (videatur
1412 1816 1444 1844 in
1459 1824 1556 1853 opere
1572 1817 1623 1845 De
1645 1817 1736 1846 Caelo

229 1876 260 1901 et
277 1873 413 1911 Inferna,
434 1882 464 1902 n.
485 1873 653 1911 303—310).
713 1862 849 1915 Quod
884 1862 949 1903 illi
984 1864 1059 1917 qui
1098 1865 1142 1904 in
1178 1865 1521 1918 cognitionibus
1555 1866 1650 1906 veri
1685 1872 1733 1907 et

230 1923 338 1964 boni
358 1938 414 1964 ex
441 1924 578 1965 Verbo
599 1931 718 1973 sunt,
738 1925 1054 1978 intelligantur
1075 1940 1155 1980 per
1174 1926 1447 1980 “Angelum
1471 1927 1732 1981 Ephesinae

230 1986 507 2036 Ecclesiae,'’
525 1994 596 2028 est
619 1989 721 2042 quia
744 2002 823 2041 per
845 1990 1132 2042 cognitiones
1155 1991 1247 2031 veri
1270 1997 1316 2031 et
1339 1990 1445 2031 boni
1467 1990 1732 2045 intelligun-

230 2056 303 2091 tur
328 2048 596 2091 doctrinalia
622 2051 857 2099 ecclesiae,
886 2059 932 2093 et
959 2052 1070 2094 haec
1099 2067 1190 2094 non
1216 2053 1398 2094 aliunde
1426 2062 1618 2107 possunt
1650 2055 1739 2096 ham

229 2113 324 2154 beri
346 2127 481 2167 quam
503 2127 564 2154 ex
582 2114 751 2155 Verbo.
814 2114 902 2164 Cur
919 2115 1096 2164 dicitur,
1116 2115 1224 2157 “Ad
1237 2116 1471 2170 Angelum
1495 2117 1732 2160 Ecclesiae

232 2176 417 2225 scribe‚'’
444 2184 491 2219 et
515 2191 607 2219 non
628 2177 715 2219 Ad
729 2178 984 2229 Ecclesiam,
1001 2179 1208 2221 videatur
1234 2194 1367 2234 supra
1397 2179 1458 2235 (n.
1486 2180 1576 2235 92).

313 2238 413 2291 96.
452 2238 594 2279 “Haec
622 2239 723 2280 dicit
754 2243 900 2281 tenens
927 2245 1082 2294 septem
1117 2243 1264 2283 stellas·
1298 2242 1338 2282 in
1373 2245 1521 2285 dextr-a
1552 2245 1734 2285 „svm”—

234 2297 370 2352 Quod
393 2300 619 2353 significet
641 2316 669 2342 a
690 2315 773 2355 quo
793 2316 938 2343 omnes
954 2304 1218 2356 cognitiones
1240 2304 1401 2346 boniet
1420 2307 1528 2356 veri,
1548 2314 1731 2348 constat

231 2376 291 2403 ex
331 2363 663 2416 significatione
705 2369 923 2418 “septem
964 2366 1239 2416 stellarum,''
1279 2369 1400 2422 quod
1441 2371 1531 2411 sint
1572 2384 1731 2411 omnes

231 2426 519 2478 cognitiones
541 2427 647 2468 boni
669 2434 725 2469 et·
738 2429 830 2470 veri
857 2428 932 2483 (de
954 2443 1042 2483 qua
1064 2444 1211 2484 supra,
1236 2445 1277 2471 n.
1301 2431 1375 2486 72)
1394 2446 1404 2483 3
1437 2440 1484 2474 et
1507 2448 1567 2474 ex
1590 2435 1730 2487 signi-

231 2487 444 2530 ficatione
464 2490 735 2540 “dextrae,''
753 2506 855 2533 cum
873 2492 929 2533 de
952 2494 1162 2543 Domino,
1182 2495 1302 2548 quod
1325 2496 1383 2536 sit
1401 2497 1521 2549 quod
1544 2497 1602 2537 ab
1625 2498 1731 2550 Ipso

234 2551 311 2605 (de
343 2565 430 2605 qua
462 2553 600 2593 etiam
632 2567 779 2607 supra,
813 2569 854 2595 n.
887 2565 954 2608 72,
985 2555 1086 2610 79):
1120 2558 1224 2599 inde
1256 2571 1336 2611 per
1366 2558 1494 2608 haec,
1531 2564 1731 2601 “tenens

231 2621 410 2668 septem
432 2615 591 2656 stellas
618 2618 662 2657 in
684 2618 851 2659 dextra
873 2619 991 2668 sua‚''
1015 2620 1307 2673 significatur,
1331 2622 1452 2675 quod
1478 2637 1504 2663 a
1532 2623 1731 2664 Domino

231 2692 390 2720 omnes
422 2681 709 2733 cognitiones
741 2682 847 2722 boni
878 2688 925 2723 et
956 2684 1062 2724 veri.
1139 2683 1273 2738 Quod
1305 2685 1482 2726 dicatur
1513 2687 1633 2740 quod
1666 2689 1728 2727 sic

230 2741 355 2783 dicat
380 2746 579 2783 “tenens
602 2751 779 2797 septem
802 2745 961 2787 stellas
988 2747 1031 2787 in
1055 2747 1220 2788 dextra
1246 2762 1326 2789 sua
1351 2755 1398 2789 et
1424 2749 1661 2790 ambulans
1685 2751 1730 2791 in

229 2806 379 2859 medio
418 2804 634 2860 [septem]
674 2808 1050 2851 candelabrorum
1086 2811 1362 2860 aureorum‚’'
1399 2819 1470 2853 est
1507 2814 1610 2866 quia
1651 2827 1730 2866 per

230 2868 428 2910 “stellas
443 2869 462 2884 ''
503 2869 815 2923 significantur
850 2874 1138 2926 cognitiones
1178 2874 1285 2915 boni
1325 2882 1371 2916 et
1412 2876 1518 2924 veri,
1561 2882 1608 2917 et
1649 2890 1729 2929 per

230 2931 541 2973 “candelabra
563 2947 697 2974 aurea
708 2933 727 2948 ”
745 2948 912 2976 novum
934 2936 1110 2977 caelum
1133 2943 1179 2978 et
1202 2951 1320 2978 nova
1342 2938 1562 2989 ecclesia;
1596 2952 1726 2992 prae-

228 2992 374 3035 ficitur
400 2996 463 3037 sic
495 2996 788 3050 descriptioni
820 2999 959 3040 cuivis
991 3000 1210 3042 ecclesiae
1243 3001 1455 3042 Divinum
1488 2999 1724 3043 characte-
