2060 3476
657 361 765 394 CAP.
788 361 874 403 HL,
898 361 1037 394 VERs.
1065 362 1208 406 5.—N.
1233 364 1327 395 200.
1389 408 1394 413 ι
1655 354 1741 407 289

244 474 453 523 nomen,''
478 474 599 529 quod
630 475 688 516 sit
714 480 763 516 ut
789 474 881 516 sint
907 474 1156 516 secundum
1182 474 1314 530 quale
1341 481 1489 517 status
1515 475 1637 516 vitae
1664 489 1742 516 eo-

243 551 339 578 rum
357 552 366 589 ;
394 551 473 591 per
493 537 767 579 “confiteri”
784 538 919 587 enim,
939 551 1042 579 cum
1064 552 1090 578 a
1114 538 1327 587 Domino,
1347 538 1618 592 intelligitur
1635 538 1744 579 dare

243 607 291 641 ut
319 602 424 650 sint,
449 615 554 642 nam
581 601 804 642 Dominus
826 601 947 655 quod
973 602 1084 643 dicit
1110 615 1189 642 seu
1214 601 1459 643 confitetur
1481 602 1536 643 de
1559 602 1744 642 homine

241 671 320 705 aut
342 665 524 718 angelo,
545 666 618 719 qui
639 666 684 706 in
706 665 829 706 bono
850 665 1017 706 amoris
1039 671 1086 706 et
1108 665 1212 706 fidei
1235 672 1320 714 est,
1345 666 1424 707 dat
1447 672 1493 707 et
1517 665 1742 720 providet,

242 729 455 780 quoniam
487 742 623 770 omne
659 729 828 769 bonum
860 729 1026 769 amoris
1058 735 1105 769 et
1136 727 1240 769 fidei
1271 735 1341 770 est
1373 729 1431 770 ab
1463 729 1596 783 Ipso;
1639 729 1744 770 inde

242 796 313 831 est
338 792 459 845 quod
485 792 703 834 “dicere''
724 793 769 833 in
795 791 968 842 Verbo,
997 792 1071 833 ubi
1097 791 1154 832 de
1182 791 1395 841 Domino,
1423 787 1649 846 significet
1675 793 1743 833 in-

240 859 432 903 struere,
452 854 682 895 illustrare
699 860 746 895 et
764 854 1004 908 providere
1022 865 1182 903 (videatur
1194 873 1224 894 n.
1238 865 1328 902 5361,
1341 866 1431 903 6946,
1445 866 1535 903 6951,
1548 874 1640 903 7019.
1654 867 1746 903 8095.

242 923 541 963 10234,1¹110290):
574 914 696 968 quod
726 928 807 968 per
834 914 1077 955 “nomen''
1107 914 1398 967 intelligatur
1426 914 1562 968 quale
1592 921 1744 955 status

240 977 377 1025 vitae,
405 977 614 1017 videatur
644 990 778 1030 supra
812 975 874 1031 (n.
907 976 1043 1030 148):
1079 990 1139 1017 ex
1166 976 1499 1029 significatione
1517 976 1746 1026 “Patris‚”

241 1053 343 1081 cum
369 1054 396 1081 a
426 1040 625 1081 Domino
650 1040 695 1080 id
721 1040 898 1090 dicitur,
926 1041 1046 1095 quod
1078 1041 1136 1081 sit
1170 1040 1382 1081 Divinum
1415 1040 1592 1081 Bonum
1619 1040 1741 1094 quod

240 1104 285 1144 in
318 1103 424 1158 Ipso
449 1110 496 1144 et
522 1104 580 1145 ab
611 1103 719 1157 Ipso
751 1102 827 1157 (de
853 1118 940 1158 qua
965 1103 1213 1158 sequitur):
1248 1111 1294 1145 et
1321 1119 1380 1145 ex
1408 1103 1742 1157 significatione

243 1166 589 1220 “angelorum,”
621 1167 750 1221 -quod
791 1168 849 1208 sit
892 1167 1106 1208 Divinum
1147 1167 1334 1217 Verum,
1374 1168 1493 1222 quod
1535 1168 1674 1208 etiam
1715 1181 1742 1207 a

241 1229 440 1270 Domino
479 1228 555 1283 (de
590 1244 678 1283 qua
714 1243 861 1284 supra,
900 1243 941 1272 n.
984 1230 1097 1284 130).
1178 1230 1291 1271 Inde
1331 1237 1462 1284 patet
1498 1229 1619 1284 quod
1660 1243 1740 1284 per

243 1292 536 1334 “confitebor
560 1306 727 1334 nomen
750 1293 844 1346 ejus
869 1295 1023 1335 cora‘m
1050 1294 1183 1335 Patre
1209 1308 1326 1342 me0‚
1352 1301 1399 1335 et
1425 1308 1579 1335 coram
1601 1308 1743 1348 ange-

240 1356 294 1397 lis
326 1356 476 1410 Ejus‚”
507 1356 788 1410 significetur
820 1357 942 1410 quod
974 1358 1017 1398 in
1051 1357 1216 1398 Divino
1249 1357 1378 1398 Bono
1416 1365 1462 1399 et
1501 1359 1544 1399 in
1578 1358 1744 1399 Divino

240 1419 366 1460 Vero
392 1426 536 1460 erunt.
599 1418 734 1472 Quod
761 1433 840 1473 per
868 1420 1129 1469 “Patrem‚’'
1151 1434 1253 1461 cum
1280 1434 1306 1461 a
1333 1421 1532 1462 Domino
1558 1421 1602 1462 id
1630 1421 1742 1462 dici-

239 1489 325 1531 tur,
364 1482 652 1536 intelligatur
690 1483 902 1524 Divinum
940 1483 1116 1524 Bonum
1154 1484 1275 1538 quod
1311 1485 1356 1524 in
1394 1485 1594 1526 Domino
1631 1491 1679 1526 et
1716 1500 1743 1526 a

241 1546 458 1595 Domino,
486 1552 557 1587 est
583 1547 686 1600 quia
715 1545 937 1588 Dominus
966 1547 1218 1588 “Patrem'’
1243 1561 1372 1588 suum
1398 1550 1582 1590 vocavit
1614 1549 1742 1590 Divi-

241 1623 348 1651 num
374 1610 494 1664 quod
521 1611 565 1650 in
589 1610 694 1663 Ipso
720 1624 746 1650 a
772 1611 1074 1664 conceptione
1100 1611 1194 1660 fuit,
1218 1612 1339 1665 quod
1365 1612 1446 1653 fuit
1473 1612 1588 1654 Esse
1615 1604 1747 1654 vitae·

242 1673 402 1727 Ipsius,
419 1673 489 1714 cui
507 1672 674 1713 Divino
689 1674 830 1714 univit
850 1673 1111 1714 Humanum
1130 1688 1258 1715 suum
1277 1688 1378 1716 cum
1396 1675 1477 1717 fuit
1494 1676 1538 1716 in
1557 1676 1740 1717 mundo.

243 1736 378 1790 Quod
401 1736 624 1777 Dominus
647 1736 874 1786 Divinum,
899 1737 1019 1791 quod
1041 1737 1121 1779 fuit
1143 1739 1187 1778 in
1211 1738 1317 1792 Ipso
1339 1753 1398 1779 ex
1421 1741 1738 1793 conceptione,

240 1800 474 1841 vocaverit
503 1800 762 1849 “Patrem‚”
789 1807 973 1842 constat
1000 1802 1238 1842 manifeste
1264 1816 1323 1842 ex
1350 1816 1419 1851 eo,
1448 1803 1569 1856 quod
1598 1803 1739 1845 docu-

175 1864 182 1867 ”
240 1864 324 1904 erit
351 1862 410 1904 Se
436 1877 573 1904 unum
599 1877 699 1904 esse
726 1877 828 1905 curn
855 1865 988 1906 Patre
1004 1865 1142 1906 z—Ut
1168 1866 1287 1919 apud
1313 1866 1582 1916 Johannem,

620 1966 642 1978 ‘⁴
656 1964 732 2005 Ego
749 1971 784 1997 et
803 1965 909 1997 Pater
926 1976 1035 1997 unum
1053 1976 1176 1998 sumus
1187 1966 1205 1977 ''
1222 1966 1269 2007 (x.
1287 1967 1343 2007 30)
1357 1977 1365 2005 ;

242 2042 362 2095 apud
388 2041 598 2091 eundem,

454 2119 476 2132 ‘⁴
488 2117 630 2150 Credite
647 2119 742 2160 quod
761 2118 868 2151 Pater
884 2120 919 2151 in
940 2119 1010 2157 Me,
1032 2126 1066 2152 et
1084 2120 1161 2160 Ego
1178 2121 1214 2152 in
1235 2121 1340 2153 Patre
1353 2121 1371 2133 '’
1388 2121 1435 2162 (x.
1453 2122 1508 2163 38)
1522 2131 1532 2161 ;

240 2207 358 2262 apud
386 2209 597 2258 eundem,

469 2272 571 2328 “Qui
588 2287 685 2319 videt
702 2286 774 2325 Me,
795 2287 891 2319 videt
910 2287 1031 2328 Ipsum
1049 2288 1107 2329 qui
1125 2288 1221 2320 misit
1240 2288 1299 2320 Me
1311 2288 1329 2300 ”
1346 2289 1418 2330 (xii.
1434 2289 1512 2329 45);

241 2369 361 2422 apud
388 2370 599 2419 eundem,

307 2445 330 2459 ‘⁸
341 2445 378 2477 Si
394 2446 615 2486 cognovistis
633 2445 704 2484 Me.
721 2452 757 2478 et
775 2447 917 2479 Patrem
934 2457 1053 2479 meum
1068 2448 1300 2488 cognovistis,
1317 2454 1352 2480 et
1368 2449 1499 2481 abhinc
1516 2451 1739 2491 cognovistis

415 2488 550 2529 Ipsum,
569 2496 606 2521 et
628 2491 769 2522 vidistis
795 2491 930 2531 Ipsum.
980 2491 1079 2523 Dixit
1106 2492 1301 2533 Philippus,
1323 2493 1479 2525 Domine
1496 2500 1660 2526 monstra
1675 2505 1739 2526 no-

413 2533 467 2564 bis
483 2532 641 2565 Patrem.
657 2558 664 2565 .
678 2559 685 2566 .
700 2559 708 2566 .
726 2545 733 2566 :
759 2535 843 2566 dicit
852 2534 969 2576 Jesus,
984 2535 1140 2567 Tantum
1153 2542 1293 2576 tempus
1306 2537 1491 2568 vobiscum
1506 2548 1598 2575 sum,
1614 2544 1650 2570 et
1662 2549 1738 2570 non

414 2577 509 2608 nosti
527 2576 599 2615 Me,
618 2577 805 2618 Philippe?
839 2579 908 2620 Qui
922 2579 1010 2610 vidit
1029 2579 1089 2610 Me
1103 2580 1191 2611 vidit
1207 2580 1348 2611 Patrem
1363 2589 1371 2619 ;
1396 2582 1579 2621 quomodo
1595 2587 1633 2613 tu
1650 2592 1738 2623 ergo

414 2620 513 2658 dicis,
535 2620 701 2652 Monstra
716 2622 820 2654 nobis
845 2623 1012 2655 Patrem?
1058 2623 1189 2655 Nonne
1213 2624 1328 2655 credis
1345 2625 1441 2665 quod
1467 2624 1543 2665 Ego
1568 2626 1604 2657 in
1631 2626 1738 2658 Patre

413 2670 449 2694 et
475 2664 582 2695 Pater
597 2664 633 2695 in
660 2664 744 2698 Me?
749 2690 845 2698 .....
855 2666 961 2698 Pater
977 2666 1036 2708 qui
1061 2667 1097 2698 in
1117 2666 1178 2698 Me
1195 2674 1328 2706 manet,
1348 2668 1433 2700 facit
1449 2678 1581 2709 opera;
1605 2670 1738 2702 credite

415 2706 505 2739 Mihi
521 2708 616 2749 quod
635 2707 712 2749 Ego
730 2709 766 2740 in
785 2709 890 2742 Patre
905 2715 942 2742 et
960 2710 1066 2742 Pater
1082 2711 1118 2742 in
1138 2710 1199 2742 Me
1212 2710 1230 2723 ''
1246 2711 1332 2751 (xiv.
1348 2711 1470 2751 6-17);

239 2791 358 2844 apud
384 2791 595 2840 eundern,

410 2866 480 2898 “Si
499 2866 560 2899 Me
577 2867 746 2906 nossetis,
765 2868 872 2900 etiam
891 2868 1033 2901 Patrem
1051 2879 1171 2901 meum
1188 2870 1344 2902 nossetis
1355 2870 1374 2883 ’'
1390 2869 1477 2911 (viii.
1497 2871 1571 2912 19);

240 2948 360 3002 apud
386 2950 596 2999 eundem,

479 3028 503 3042 ‘⁸
515 3026 596 3059 Non
613 3037 692 3060 sum
709 3028 818 3067 solus,
838 3029 921 3071 quia
938 3029 1044 3062 Pater
1061 3029 1203 3063 Mecum
1221 3037 1277 3063 est
1286 3029 1305 3043 ''
1322 3029 1406 3070 (xvi.
1424 3030 1490 3070 32).
