2060 3476
669 387 776 420 CAR.
798 385 860 428 v.‚
884 386 1023 419 vens.
1048 378 1195 419 8.-Ν.
1220 375 1380 432 324[c].
1690 368 1768 428 375

329 499 440 534 Dixit
456 501 526 533 illis
541 500 666 533 Moses
677 506 718 533 ut
728 505 912 532 sumerent
925 500 1057 541 ignem,
1073 505 1110 532 et
1122 500 1305 532 mitterent
1321 499 1358 530 in
1375 497 1556 531 thuribula
1567 505 1652 533 sua:
1676 496 1770 537 quod

448 545 556 577 etiam
573 542 714 576 faetum-
724 550 791 583 est,
810 544 875 576 sed
888 544 1049 585 absorpti
1066 549 1151 576 sunt
1165 543 1292 584 (Num.
1306 543 1378 575 xvi.
1395 551 1410 574 1
1427 542 1474 575 ad
1490 541 1588 582 fin.);

274 634 353 676 sed
378 638 539 689 postea
563 634 829 676 mandatum
854 640 925 676 est

343 723 390 756 Ut
401 724 611 765 colligerent
620 734 772 762 acerras,
785 730 822 756 et
831 729 1042 765 spargerent
1054 723 1174 765 ignem
1187 724 1365 762 horsum„
1424 729 1474 755 .et
1487 732 1531 754 ex
1541 721 1671 754 acerris
1682 731 1772 762 quae

448 774 550 800 erant
566 778 610 799 ex
623 778 716 806 aere,
730 768 890 799 facerent
902 767 1144 808 expansiones
1157 768 1382 804 laminarum,
1393 772 1640 820 tegumentum
1654 764 1769 802 altari,

448 811 532 853 quia
546 804 789 845 sanctificatae
805 817 890 844 sunt
905 811 1031 852 (Num.
1047 812 1131 844 xvii.
1147 809 1212 850 1¹,12
1229 820 1261 851 3,
1277 809 1338 854 [B.
1351 812 1399 843 A.
1405 810 1484 842 xvi
1499 818 1552 849 37,
1569 807 1662 851 38]);

275 910 583 954 sanctificatae
597 919 727 954 erant
744 927 823 966 per
838 913 1027 967 “ignem
1044 913 1238 963 altaris,’'
1252 913 1326 967 qui
1343 911 1628 966 significabat
1647 905 1772 951 Div'i-

275 988 380 1016 num
407 975 654 1017 caelestem
676 989 890 1026 amorem.
941 975 1168 1029 Quoniam
1194 976 1361 1017 bonum
1384 974 1629 1029 spirituale,
1653 973 1773 1027 quod

274 1045 344 1080 est
366 1038 533 1080 bonum
551 1038 784 1080 charitatis
807 1053 915 1092 erga
937 1034 1209 1093 proximum,
1227 1039 1367 1080 trahit
1385 1039 1628 1085 essentiam
1647 1049 1774 1077 suam

275 1108 322 1142 et
352 1102 549 1142 animam
586 1116 646 1143 ex
682 1102 803 1143 bono
835 1101 1037 1152 caelesti,
1070 1102 1190 1156 quod
1227 1109 1297 1144 est
1334 1103 1502 1143 bonum
1533 1100 1698 1142 amoris
1729 1099 1773 1140 in

276 1165 536 1214 Dominum,
567 1165 671 1206 ideo
701 1166 842 1207 etiam
873 1165 1002 1215 thus,
1026 1179 1105 1219 per
1135 1166 1256 1220 quod
1292 1165 1571 1219 significatur
1606 1164 1774 1204 bonum

275 1228 519 1282 spirituale,
546 1228 738 1270 dabatur
762 1242 895 1282 super
927 1243 1067 1283 panes
1097 1229 1322 1279 facierum,
1350 1243 1429 1283 per
1460 1242 1573 1282 quos
1604 1227 1774 1281 signifi-

278 1293 466 1334 cabatur
496 1293 664 1334 bonum
697 1292 921 1344 caeleste3
954 1299 1003 1334 ut
1035 1299 1246 1334 constare
1277 1299 1432 1346 potest
1463 1306 1522 1334 ex
1554 1292 1622 1333 his
1657 1291 1776 1345 apud

279 1355 454 1405 Mosen,

344 1452 495 1485 Dabitur
510 1453 618 1485 etiam
635 1453 718 1485 thus
734 1463 841 1494 super
856 1463 969 1494 panes
992 1452 1174 1491 facierum,
1195 1453 1254 1494 qui
1277 1462 1384 1493 super
1400 1462 1526 1484 mensa
1542 1452 1584 1484 inv
1603 1452 1777 1484 Tentorio

451 1502 663 1536 conventus,
682 1504 722 1529 ut
737 1497 783 1529 sit
799 1497 903 1538 panis
919 1497 956 1528 in
973 1497 1182 1528 memoriale
1198 1497 1321 1535 (Levit.
1335 1497 1430 1529 xxiv.
1446 1496 1478 1537 7)
1491 1506 1499 1535 ;

278 1596 367 1633 “ut
407 1592 465 1633 sit
505 1592 633 1646 panis
673 1592 718 1632 in
758 1591 1059 1641 memoriale‚”
1099 1591 1323 1645 significat
1364 1598 1415 1633 ut
1452 1591 1692 1645 recipiatur
1730 1597 1777 1632 et

276 1656 484 1696 audiatur
513 1669 540 1696 a
571 1655 768 1696 Domino
786 1670 796 1706 ;
834 1656 980 1696 omnis
1011 1656 1132 1696 enim
1164 1655 1311 1696 cultus
1344 1655 1541 1703 Domini,
1568 1655 1643 1709 qui
1672 1668 1777 1696 vere

278 1718 439 1767 cultus,
467 1717 516 1759 fit
548 1732 608 1759 ex
634 1719 755 1760 bono
789 1718 975 1759 caelesti
1007 1732 1086 1772 per
1117 1719 1285 1759 bonum
1318 1718 1576 1772 spirituale;
1608 1718 1775 1758 bonum

277 1782 396 1822 enim
438 1781 684 1834 spirituale,
715 1781 848 1835 ¹quod
893 1788 963 1823 est
1004 1782 1203 1823 charitas
1243 1795 1352 1835 erga
1392 1782 1664 1835 proximum,
1706 1787 1777 1821 est

277 1837 462 1887 effectus
479 1845 587 1886 boni
604 1844 828 1893 caelestis,
847 1858 953 1886 nam
971 1844 1167 1886 charitas
1185 1858 1293 1898 erga
1310 1845 1568 1898 proximum
1585 1851 1656 1885 est
1674 1857 1778 1884 usus

279 1914 510 1962 praestare
554 1921 606 1948 ac
656 1906 875 1948 moralem
911 1908 1052 1948 vitam
1093 1921 1229 1961 agere
1274 1922 1333 1948 ex
1375 1908 1547 1961 origine
1592 1906 1778 1948 caelesti

278 1973 333 2011 (de
354 1982 420 2011 qua
439 1982 473 2002 re
488 1973 632 2002 videatur
652 1973 685 2001 in
706 1982 804 2011 opere
825 1973 877 2002 De
902 1974 993 2002 Caelo
1007 1977 1039 2002 ct
1052 1974 1190 2012 Inferna.
1206 1982 1238 2003 n.
1260 1982 1330 2011 390,
1345 1975 1415 2010 484,
1432 1980 1500 2010 529,
1517 1979 1674 2010 530-535;
1701 1972 1779 2001 etin

278 2028 436 2057 Doctrina
449 2028 559 2057 Novae
570 2028 815 2065 Hieromhmae,
830 2037 862 2057 n.
878 2027 1013 2066 84-107)
1030 2031 1040 2068 3
1072 2017 1159 2057 hoc
1182 2018 1337 2070 itaque
1359 2022 1431 2057 est
1453 2016 1624 2056 bonum
1645 2015 1776 2069 spiri-

278 2079 430 2131 tuale;
474 2085 520 2121 et
557 2079 726 2120 bonum
761 2078 960 2120 caeleste
997 2085 1067 2120 est
1104 2076 1310 2132 spectare
1342 2078 1400 2119 ad
1438 2078 1697 2127 Dominum,
1731 2084 1778 2119 et

281 2141 573 2196 [agnoscere]
607 2142 728 2196 quod
765 2142 822 2183 ab
859 2142 965 2206 Ipso
997 2143 1054 2183 sit
1087 2155 1220 2183 omne
1251 2142 1419 2182 bonum
1451 2147 1498 2183 et
1530 2154 1698 2189 verum,
1727 2148 1778 2182 et

280 2206 399 2259 quod
433 2205 490 2246 ab
520 2205 703 2247 homine
735 2219 813 2247 seu
844 2205 936 2259 ejus
967 2206 1147 2259 proprio
1179 2205 1287 2246 nihil
1314 2205 1397 2246 nisi
1429 2218 1563 2259 quam
1595 2204 1777 2245 malum

280 2267 413 2321 Quod
437 2268 635 2310 suffitum
659 2269 789 2310 fuerit
811 2282 901 2310 non
927 2282 987 2310 ex
1009 2268 1097 2309 alio
1123 2269 1228 2322 igne
1249 2281 1383 2322 quam
1410 2282 1468 2309 ex
1491 2269 1597 2321 igne
1623 2267 1778 2309 altaris

279 2332 548 2381 holocausti,
569 2346 647 2386 per
664 2345 797 2386 quem
817 2331 1118 2385 significatum
1136 2338 1206 2372 est
1229 2332 1396 2372 bonum
1419 2331 1632 2379 caeleste,
1656 2331 1776 2385 quod

279 2401 349 2437 est
390 2396 559 2436 bonum
600 2396 764 2447 amoris
803 2395 848 2436 in
889 2395 1148 2444 Dominum,
1189 2400 1371 2435 constat
1409 2395 1547 2435 etiam
1584 2408 1644 2436 ex
1681 2394 1778 2435 aliis

283 2458 393 2499 locis
411 2458 548 2499 :-Ut
574 2458 691 2512 apud
719 2458 895 2506 Mosen,

325 2554 416 2587 Cum
430 2554 666 2585 murmuravit
679 2554 805 2585 concio
818 2552 944 2585 contra
955 2553 1085 2585 Mosen
1099 2559 1135 2585 et
1148 2553 1369 2591 Aharonem,
1383 2559 1419 2585 et
1430 2553 1537 2594 plaga
1546 2551 1666 2585 affecti
1680 2559 1774 2590 sunt,

455 2604 538 2629 tunc
555 2597 709 2638 sumpsit
725 2597 873 2628 Aharon
892 2597 1013 2637 ignem
1030 2607 1074 2628 ex
1090 2597 1205 2635 altari,
1225 2603 1261 2629 et
1284 2597 1321 2628 in
1345 2607 1517 2635 acerram,
1537 2603 1573 2629 et
1596 2597 1716 2638 posuit
1739 2597 1776 2628 in

454 2651 498 2673 ea
513 2641 766 2679 suffimentum,
786 2647 822 2672 et
845 2641 996 2672 cucurrit
1020 2641 1114 2672 inter
1130 2650 1205 2678 eos,
1225 2646 1262 2672 et
1277 2641 1432 2673 coercita
1448 2646 1504 2673 est
1527 2641 1633 2682 plaga
1649 2640 1774 2681 (Num.

456 2685 540 2716 xvii.
559 2692 642 2723 7—15
663 2682 724 2726 [B.
740 2685 787 2716 A.
801 2684 873 2716 xvi.
885 2693 939 2723 41,
955 2682 1097 2726 46-48])
1111 2694 1118 2723 ;

279 2787 325 2822 et
351 2787 586 2834 praeterea
610 2780 655 2820 in
680 2779 968 2833 Apocalypsi,
995 2793 1091 2833 cap.
1118 2780 1205 2821 viii.
1221 2788 1315 2833 3-5.

362 2848 443 2903 [0.]
486 2848 623 2902 Quod
643 2847 994 2889 “suffimentum
1006 2847 1026 2863 ”
1047 2854 1094 2889 et
1119 2848 1265 2889 “thus
1277 2848 1297 2863 ‘²
1315 2848 1575 2902 significent
1601 2848 1772 2889 bonum

279 2910 521 2966 spirituale,
539 2924 591 2951 ac
612 2909 817 2951 “suffitio
827 2909 847 2925 ’⁹
864 2909 1036 2951 cultum
1058 2923 1118 2950 ex
1139 2909 1218 2951 illo
1239 2910 1361 2951 bono
1383 2917 1577 2964 gratum,
1597 2923 1648 2951 ac
1671 2909 1774 2952 ideo

279 2974 553 3015 auditionem
590 2979 636 3014 et
668 2974 975 3026 receptionem
1006 2986 1032 3013 a
1063 2972 1276 3023 Domino,
1308 2980 1519 3015 constare
1556 2979 1710 3027 potest
1747 2968 1787 3015 a²

280 3037 568 3091 sequentibus
593 3036 662 3077 his
688 3035 799 3077 locis
815 3035 1024 3090 z—Apud
1048 3035 1253 3087 Esaiam,
