2060 3476
269 362 353 405 300
682 362 1014 396 APOCALYPSIS
1045 362 1344 396 EXPLICATA.

441 479 522 510 dem
538 478 671 518 Regem
686 488 801 516 suum,
818 484 853 510 et
866 487 944 509 cum
959 478 1085 510 timore
1096 478 1243 510 venient
1256 478 1300 509 ad
1317 477 1492 519 Jehovam
1510 483 1545 510 et
1562 477 1607 510 ad
1623 479 1754 511 bonum

444 522 561 563 Ipsius
579 522 615 553 in
633 522 857 557 extremitate
874 522 1012 553 dierum
1025 521 1042 533 '’
1059 521 1119 562 (iii.
1138 521 1190 561 5);

270 615 296 632 ‘⁸
308 617 525 666 quaerent
539 609 760 663 Jehovam
776 610 922 651 Deum
938 623 1080 658 suum,
1097 616 1143 650 et
1160 609 1382 650 Davidem
1399 609 1575 663 Regem
1590 609 1757 658 suum‚’'

267 674 442 722 dicitur,
476 674 579 727 quia
611 687 689 726 per
718 672 1008 726 “Jehovam”
1039 673 1083 713 in
1116 671 1272 712 Verbo
1303 671 1573 725 intelligitur
1599 671 1756 714 Domi-

267 750 349 777 nus
381 736 530 790 quoad
563 735 776 776 Divinum
810 735 1000 783 Bonum,
1034 734 1154 788 quod
1192 741 1262 775 est
1302 734 1515 775 Divinum
1548 734 1677 784 Esse,
1710 741 1757 776 et

266 812 345 852 per
373 798 636 839 “Davidem
663 797 872 851 Regem'’
901 797 1121 838 Dominus
1148 796 1297 850 quoad
1330 796 1543 837 Divinum
1570 796 1756 847 Verum,

266 858 387 913 quod
413 865 484 899 est
516 858 731 900 DiVlnum
763 857 995 898 EXIStere.
1054 868 1167 906 (Quod
1181 877 1237 905 per
1253 864 1466 907 '‘''Jehovam
1479 868 1511 896 in
1526 868 1635 897 Verbo
1649 868 1760 897 intelli-

265 926 359 958 gatur
374 921 532 950 Dominus
547 921 655 957 quoad
671 920 823 948 Divinum
837 920 975 953 Bonum,
988 918 1153 947 videatur
1147 927 1177 947 in
1188 919 1326 948 Arcanis
1342 919 1535 952 Caelestibus.
1547 928 1577 948 n.
1588 927 1657 956 732,
1670 919 1759 956 2586,

266 972 355 1006 2807,
371 972 460 1004 2822,
476 979 565 1008 3921,
583 967 755 1007 [¹14253[b],
771 978 861 1007 4402,
874 977 964 1005 7010,
980 969 1070 1006 9167,
1083 968 1192 1006 9315.)
1250 957 1391 1011 Apud
1419 957 1703 1007 Sacharzam,

334 1046 529 1079 ‘Servabit
552 1046 714 1088 jehovah
739 1045 892 1077 tentoria
915 1045 1073 1087 Jehudae
1098 1045 1223 1086 primo,
1250 1052 1289 1076 ut
1313 1055 1386 1076 non
1411 1045 1559 1077 extollat
1582 1055 1621 1076 se
1645 1045 1760 1085 gloria

438 1090 566 1121 domus
587 1090 734 1121 Davidis
748 1095 782 1120 et
798 1089 913 1130 gloria
928 1089 1137 1120 habitatoris
1154 1088 1429 1130 Hierosolymae
1443 1098 1549 1129 super
1561 1088 1735 1130 Jehudam
1750 1099 1758 1120 t

440 1134 476 1165 in
494 1134 550 1165 die
569 1133 630 1165 illo
647 1139 810 1173 proteget
827 1133 989 1174 Jehovah
1006 1132 1242 1164 habitatorem
1264 1132 1539 1173 Hierosolymae
1544 1157 1637 1170 .....
1645 1138 1681 1163 et
1697 1132 1759 1164 do-

440 1188 519 1209 mus
539 1177 686 1208 Davidis
703 1177 792 1208 sicut
812 1177 908 1208 Deus
925 1182 959 1208 et
977 1176 1067 1208 sicut
1084 1176 1246 1216 Angelus
1263 1175 1422 1218 jehovae
1445 1185 1563 1207 corarn
1583 1175 1651 1207 illis
1665 1185 1688 1214 ;.
1703 1200 1710 1207 .
1747 1200 1754 1208 .

438 1227 475 1253 et
487 1221 668 1253 effundam
683 1230 790 1261 super
803 1221 948 1252 domum
965 1219 1114 1251 Davidis
1131 1226 1166 1251 et
1179 1229 1285 1260 super
1299 1220 1535 1253 habitatorem
1553 1219 1760 1260 Hierosoly·

440 1275 519 1296 mae
537 1265 699 1305 spiritum
717 1264 889 1304 gratiae:.
948 1264 999 1296 .in
1017 1263 1073 1295 die
1092 1263 1154 1294 illo
1171 1264 1237 1294 erit
1254 1263 1337 1294 fons
1354 1269 1496 1303 apertus
1514 1263 1635 1294 domui
1654 1262 1761 1294 Davi-

439 1309 495 1392 d)is
518 1315 553 1340 et
577 1308 835 1340 habitatoribus
861 1289 1168 1349 Hierosolyma&
1193 1306 1264 1347 (xii.
1287 1315 1317 1346 7,
1339 1307 1368 1346 8,
1385 1305 1473 1345 1²]1o,
1495 1304 1568 1349 [ac]
1591 1316 1667 1347 cap.
1684 1306 1756 1338 xiii.

442 1361 457 1384 1

265 1441 414 1495 agitur
445 1441 516 1481 hic
551 1441 607 1481 de
639 1440 839 1481 adventu
878 1439 1074 1487 Domini,
1108 1445 1154 1480 et
1192 1445 1300 1480 tunc
1333 1439 1388 1479 de
1421 1438 1674 1479 salvatione
1705 1438 1758 1478 il-

266 1503 410 1544 lorum
449 1503 522 1557 qui
560 1517 584 1544 e
621 1516 764 1555 regno
800 1501 1019 1556 spirituali
1062 1502 1205 1555 Ipsius
1242 1508 1374 1552 sunt;
1417 1515 1494 1555 per
1522 1501 1759 1542 “tentoria

263 1566 498 1620 Jehudae”
535 1565 807 1618 intelligitur
847 1578 1036 1618 regnum
1079 1564 1292 1613 caeleste,
1336 1571 1382 1605 et
1424 1578 1502 1618 per
1536 1565 1758 1604 “domurn

266 1630 452 1671 Davidis
478 1636 524 1671 et
559 1629 866 1670 habitatorem
895 1627 1274 1681 Hierosolymae’'
1300 1640 1489 1681 regnum
1515 1627 1758 1681 spirituale.

269 1693 479 1746 Regnum
503 1691 736 1746 spirituale
760 1692 1055 1732 constituitur
1077 1691 1133 1731 ab
1160 1690 1246 1731 illis
1273 1691 1316 1731 in
1344 1690 1471 1731 caelo
1498 1697 1543 1731 et
1570 1691 1614 1731 in
1642 1697 1762 1731 terra

265 1757 338 1809 qui
370 1756 413 1796 in
447 1755 612 1796 Divino
646 1755 770 1796 Vero
802 1761 922 1803 sunt,
950 1761 996 1795 et
1028 1767 1217 1807 regnum
1249 1753 1449 1795 caeleste
1482 1754 1539 1794 ab
1570 1753 1656 1795 illis
1688 1755 1762 1809 qui

265 1820 308 1860 in
342 1819 506 1859 Divino
540 1818 668 1859 Bono
703 1817 930 1872 (videatur
957 1831 1065 1858 mox
1093 1830 1240 1870 supra,
1266 1830 1307 1857 n.
1333 1816 1523 1871 204[b]).
1586 1818 1660 1859 Ex
1693 1818 1762 1859 his
1814 1854 1818 1857 ,

265 1888 475 1923 constare
498 1888 650 1935 potest
675 1881 779 1935 quid
801 1895 878 1935 per
901 1880 977 1922 illa
995 1880 1133 1922 verba
1152 1880 1435 1934 intelligitur,
1456 1882 1575 1934 quod
1599 1895 1761 1935 nempe

265 1937 354 1986 du'o
389 1945 466 1986 illa
498 1958 639 1998 regna
672 1958 809 1985 unum
842 1950 998 1998 agent,
1034 1957 1114 1984 nec
1150 1943 1348 1984 extollet
1381 1958 1428 1984 se
1461 1957 1596 1985 unum
1629 1958 1762 1998 supra

265 2005 474 2047 alterum.
533 2017 599 2054 (De
611 2017 692 2045 binis
705 2016 764 2045 illis
779 2016 898 2053 Regnis
910 2016 1101 2045 videaturin
1117 2024 1214 2053 opere
1231 2016 1281 2044 De
1297 2015 1387 2044 Caelo
1395 2018 1426 2044 et
1437 2016 1573 2054 Inferna,
1589 2025 1620 2045 n.
1637 2015 1761 2055 20-28.)

266 2066 400 2120 Quod
424 2081 501 2121 per
525 2067 819 2121 “Jehudam''
842 2066 1121 2119 significetur
1145 2066 1366 2106 Dominus
1388 2066 1536 2120 quoad
1559 2079 1760 2108 amorem

265 2129 527 2178 caelestem,
570 2136 617 2170 et
662 2141 852 2182 regnum
894 2128 1094 2169 caeleste
1142 2128 1339 2177 Domini,
1381 2128 1588 2169 videatur
1628 2143 1762 2183 supra

268 2190 330 2246 (n.
360 2191 484 2245 119);
519 2198 564 2232 et
591 2191 710 2245 quod
740 2205 818 2244 per
847 2190 1257 2243 “Hierosolymam
1271 2190 1290 2205 ’'
1314 2203 1503 2243 regnum
1530 2191 1763 2244 spirituale

266 2253 466 2301 Domini,
490 2254 534 2293 in
559 2253 762 2293 Arcanis
791 2252 1071 2294 Caelestz'bus
1106 2263 1150 2301 (n.
1167 2272 1237 2301 402.
1254 2263 1343 2300 3654.
1360 2263 1480 2301 9166):
1522 2253 1643 2293 idem
1674 2253 1762 2294 ita-

265 2328 351 2367 que
382 2327 460 2367 per
494 2314 716 2354 “domurn
750 2312 988 2364 Davidis;'’
1020 2320 1298 2367 quapropter
1329 2313 1388 2354 ibi
1420 2314 1596 2364 dicitur,
1628 2314 1762 2355 “Do-

266 2389 364 2417 mus
397 2377 584 2417 Davidis
615 2377 731 2417 sicut
766 2376 889 2417 Deus
921 2382 967 2417 et
999 2376 1115 2416 sicut
1149 2375 1360 2429 Angelus
1391 2376 1645 2429 jehovaes’
1685 2391 1764 2430 per

269 2438 454 2479 “Deum
467 2438 486 2454 ’'
513 2440 652 2479 etiam
684 2438 957 2491 intelligitur
990 2438 1213 2479 Dominus
1245 2438 1396 2492 quoad
1429 2438 1641 2479 Divinum
1668 2439 1763 2481 Ve-

265 2512 364 2539 rum
386 2510 431 2549 (n.
448 2511 537 2547 2586,
554 2511 644 2547 2769,
661 2512 749 2546 2807,
766 2511 855 2544 2822,
872 2518 961 2546 3921,
977 2511 1067 2546 4287.
1082 2518 1172 2548 4402,
1188 2518 1277 2546 7010,
1291 2509 1386 2547 9167)
1404 2513 1413 2549 ;
1450 2499 1660 2540 Similiter
1685 2513 1764 2553 per

269 2560 532 2615 “Angelum
547 2560 779 2613 Jehovae”
797 2560 1023 2613 (videatur
1041 2574 1188 2614 supra,
1203 2574 1243 2601 n.
1266 2559 1428 2614 130[b],
1445 2561 1561 2615 200).
1610 2561 1764 2603 Simile

267 2638 345 2679 per
373 2624 666 2664 “Davidem”
693 2630 739 2664 et
767 2624 859 2677 ejus
885 2624 1140 2664 “domum'’
1164 2623 1443 2677 significatur
1465 2625 1602 2665 etiam
1625 2626 1669 2666 in
1693 2639 1762 2666 se-

267 2687 508 2742 quentibus
535 2687 604 2727 his
631 2687 741 2727 locis
759 2687 969 2740 z—Apud
995 2686 1198 2736 Esaiam,

337 2776 546 2808 “inclinate
563 2786 685 2807 aurem
704 2782 871 2814 vestram,
892 2782 927 2807 et
952 2776 999 2807 ite
1016 2777 1061 2807 ad
1087 2775 1158 2814 Me,
1178 2777 1298 2808 audite
1322 2783 1357 2808 et
1373 2777 1470 2809 vivat
1493 2777 1615 2809 anima
1630 2783 1761 2816 vestra,

442 2825 478 2851 et
494 2819 620 2851 feriam
635 2819 737 2850 vobis
750 2819 877 2851 foedus
895 2825 1093 2857 aeternum,
1109 2820 1372 2852 misericordias
1388 2820 1535 2852 Davidis
1553 2820 1693 2856 firmas:
1718 2832 1762 2852 en

442 2865 742 2948 'glesoemfopuns
753 2865 834 2896 dedi
851 2865 985 2906 Ipsum,
1002 2865 1203 2906 Principem
1217 2872 1252 2897 et
1266 2864 1523 2906 Legislatorem
1536 2863 1764 2906 [⁸1gentibus’·

472 2918 494 2940 v
519 2917 538 2948 3
564 2917 585 2947 4

266 3002 377 3044 haec
406 3002 462 3043 de
489 3001 703 3051 Domino,
731 3002 804 3055 qui
830 3002 890 3043 ibi
915 3008 986 3043 est
1016 3000 1242 3043 “David’'
1301 3001 1440 3056 Apud
1467 3001 1705 3052 Davidem,
