2060 3476
672 391 780 427 GAP.
801 392 862 434 v.‚
884 391 1023 424 VERS.
1051 389 1221 423 12.——N.
1246 379 1405 434 340[c].
1691 375 1781 429 f641

292 520 388 550 rem
414 519 628 549 manuum
638 504 659 522 ”
680 498 813 560 quem
838 497 1116 552 comederet,
1141 498 1420 556 significatur
1445 500 1643 542 studium
1665 501 1787 542 vitae

288 571 541 612 >secundum
562 570 664 611 illa:
698 583 778 623 per
796 571 1026 609 “uxorem
1048 568 1092 607 in
1116 566 1333 607 lateribus
1351 565 1512 606 domus
1523 564 1543 580 “
1560 563 1786 618 significa—

292 640 365 675 tur
386 632 562 675 affectio
578 633 670 674 veri
693 631 935 686 spiritualis
957 631 1002 672 in
1023 629 1232 671 omnibus
1249 643 1364 682 quae
1386 629 1563 682 cogitat
1586 635 1633 669 et
1654 628 1760 669 facit
1778 643 1787 677 ;

291 712 428 752 quare
464 698 602 739 etiam
639 697 802 738 dicitur
834 695 992 736 “sicut
1028 694 1133 735 vitis
1170 691 1432 740 fruftiferass’
1464 706 1544 746 per
1575 692 1789 733 “vitem'‘

291 761 411 802 enirn
434 759 711 814 significatur
732 757 926 800 ecclesia
950 756 1193 811 spiritualis
1215 769 1275 796 ex
1301 754 1538 796 affe6fione
1558 756 1674 796 veri:
1710 769 1789 809 per

294 823 448 865 “filios
470 824 637 864 circum
659 835 840 863 mensas
852 821 871 837 ''
889 820 1201 875 significantur
1219 833 1326 860 vera
1346 819 1454 859 boni
1476 819 1579 860 inde
1600 818 1788 872 (“men·

286 887 400 928 -sae”
417 893 523 928 sunt
540 883 901 938 instru&iones);
933 897 1070 938 quare
1087 883 1225 924 etiam
1247 882 1410 923 dicitur
1429 885 1455 903 “
1468 883 1584 923 sicut
1602 882 1788 936 plantae

291 950 492 992 olearum
504 949 523 965 ''
540 948 588 1003 (“
601 948 786 1003 plantae
797 948 816 964 ”
834 946 1091 1001 significant
1109 960 1216 987 vera
1233 951 1280 986 et
1297 948 1323 966 ‘⁴
1336 945 1465 986 oleae
1476 945 1496 960 '’
1513 944 1653 998 bona)
1673 958 1682 985 :
1710 958 1790 998 per

293 1012 552 1054 ⁴‘Zionem‘’
583 1011 861 1066 significatur
891 1009 1068 1051 caelum
1106 1009 1224 1050 unde
1258 1008 1349 1056 illa,
1382 1015 1429 1049 et
1467 1022 1546 1062 per
1581 1008 1789 1049 “Hiero-

291 1076 516 1129 solymam
529 1075 550 1091 '’
567 1073 797 1116 doctrina:
821 1074 926 1114 inde
944 1079 1074 1128 patet
1088 1072 1195 1127 quid
1213 1071 1495 1125 significatur
1511 1085 1590 1125 per
1610 1071 1789 1113 “Bene-

291 1140 413 1181 dicet
435 1139 516 1180 tibi
536 1138 744 1192 Jehovah
767 1151 792 1179 e
817 1137 972 1186 Zione,
996 1142 1045 1178 ut
1067 1136 1223 1177 videas
1245 1135 1414 1176 bonum
1439 1135 1790 1188 Hierosolymae

292 1202 501 1244 omnibus
533 1202 690 1243 diebus
721 1201 844 1242 vitae
876 1206 981 1241 tuae
1001 1199 1036 1240 :”
1077 1213 1157 1253 per
1189 1202 1391 1252 “pacem
1423 1212 1556 1252 super
1589 1198 1791 1240 Israele‘’

291 1265 570 1319 significatur
595 1277 730 1305 omne
761 1263 931 1304 bonu-m
957 1261 1190 1316 spirituale
1221 1262 1265 1303 in
1297 1265 1465 1315 genere
1491 1267 1537 1303 et
1570 1261 1613 1302 in
1640 1261 1790 1315 specie

294 1327 526 1383 (“Israel·’'
553 1335 624 1369 est
650 1326 879 1381 ecclesia).
942 1326 1081 1380 Apud
1108 1326 1318 1381 eundem,

361 1418 491 1451 “Sicut
514 1428 574 1450 ros
598 1417 824 1455 Chermonis,
852 1417 912 1458 qui
935 1416 1122 1448 descendit
1145 1426 1252 1457 super
1276 1422 1418 1448 montes
1443 1415 1590 1454 Zionis;
1623 1416 1670 1447 ibi
1695 1416 1791 1448 enim
1846 1436 1849 1437 ν

466 1462 646 1503 praecepit
664 1461 827 1503 Jehovah
847 1458 1090 1493 benedictioni
1110 1460 1206 1492 vitae
1225 1470 1337 1502 usque
1357 1460 1393 1491 in
1414 1460 1595 1492 saeculum
1607 1459 1626 1472 ’'
1643 1460 1789 1500 (Psalm.

468 1506 611 1538 cxxxiii.
628 1506 681 1545 3):

291 1595 443 1650 agitur
473 1595 533 1637 ibi
565 1595 620 1636 de
653 1594 863 1648 conjugio
900 1594 1007 1635 boni
1038 1599 1085 1635 et
1116 1594 1223 1643 veri,
1257 1599 1303 1634 et
1336 1593 1392 1634 de
1425 1606 1578 1634 eorum
1610 1591 1790 1634 sruffifi-

293 1659 475 1700 catione
508 1664 555 1699 et
587 1657 967 1711 multiplicatione
988 1671 997 1707 ;
1038 1656 1151 1698 haec
1185 1663 1231 1697 et
1263 1656 1340 1697 illa
1372 1656 1684 1710 significantur
1714 1670 1793 1710 per

296 1725 481 1763 “rorem
520 1721 789 1763 Chermonis
820 1721 894 1774 qui
930 1720 1168 1761 descendit
1203 1734 1336 1774 super
1367 1726 1550 1760 montes
1588 1719 1740 1760 Zionis
1758 1719 1792 1769 ;’'

296 1789 322 1807 “
335 1791 517 1826 montes
557 1784 741 1825 Zionis”
778 1783 1036 1837 significant
1077 1784 1151 1824 ubi
1190 1783 1311 1824 bona
1348 1784 1514 1824 amoris
1552 1782 1763 1824 caelestis
1781 1797 1790 1832 ;

296 1863 432 1903 quare
468 1849 606 1890 etiam
643 1848 806 1889 dicitur
839 1852 865 1868 “
882 1848 950 1888 Ibi
986 1847 1219 1901 praecepit
1247 1846 1455 1900 Jehovah
1488 1845 1791 1887 benedictioni

295 1913 418 1954 vitae
444 1925 583 1966 usque
609 1912 653 1953 in
678 1910 922 1952 saeculum.
982 1910 1120 1965 Apud
1147 1910 1324 1959 Mosen,

362 2001 432 2034 “Si
447 2001 656 2034 audiveritis
668 2001 801 2042 judicia
815 2001 916 2039 haec,
931 2006 971 2032 ut
986 2000 1195 2032 custodiatis
1213 2006 1248 2032 et
1264 1988 1406 2032 faciatis
1422 2010 1476 2038 ea,
1493 2000 1669 2032 custodiet
1685 2000 1793 2042 jeho-

468 2046 538 2077 vah
550 2045 648 2077 Deus
657 2051 737 2076 tuus
748 2045 876 2077 foedus
887 2051 923 2076 et
933 2044 1230 2082 misericordiam,
1241 2069 1248 2076 .
1263 2069 1271 2076 .
1285 2069 1292 2076 .
1308 2069 1315 2076 .
1323 2050 1358 2076 et
1368 2044 1503 2076 amabit
1514 2051 1548 2076 te
1559 2050 1595 2076 et
1605 2044 1794 2076 benedicet

468 2089 532 2121 tibi
536 2114 628 2127 .....
637 2095 672 2120 et
687 2088 875 2120 benedicet
891 2087 1022 2121 fructui
1039 2089 1175 2120 ventris
1193 2088 1254 2126 tui,
1275 2094 1310 2120 et
1326 2086 1459 2119 fructui·
1474 2094 1589 2119 terrae
1606 2094 1700 2126 tuae,
1720 2088 1793 2119 fru-

463 2132 592 2164 'mento
616 2138 689 2169 tu0,
712 2138 747 2164 et
772 2138 891 2164 musto
915 2138 988 2170 tuo,
1016 2138 1052 2163 et
1075 2132 1156 2163 oleo
1180 2137 1254 2169 tuo,
1281 2138 1318 2163 et
1341 2131 1429 2163 fetui
1452 2132 1561 2163 boum
1586 2137 1732 2163 tuorum
1756 2138 1793 2163 et

468 2177 619 2208 arietum
642 2176 762 2217 gregis
787 2176 848 2208 tui.
889 2200 985 2208 .....
995 2173 1212 2207 Benedictus
1231 2175 1301 2207 eris
1326 2185 1410 2216 prae
1435 2175 1603 2207 omnibus
1627 2176 1791 2216 populisz

469 2230 542 2251 non
559 2220 626 2251 erit
643 2220 679 2251 in
696 2226 730 2252 te
748 2219 961 2251 infecundus
978 2226 1013 2251 et
1030 2219 1233 2257 infecunda,
1250 2225 1286 2250 et
1302 2219 1339 2251 in
1357 2219 1472 2251 bestia
1486 2226 1546 2250 tua
1560 2229 1567 2257 ;
1592 2220 1793 2251 removebit

468 2273 491 2295 a.
506 2269 540 2295 te
553 2263 716 2305 Jehovah
729 2273 876 2295 omnem
893 2265 1068 2301 morbum,
1085 2270 1121 2294 et
1137 2273 1264 2295 omnes
1281 2263 1474 2303 languores
1488 2263 1644 2304 Aegypti
1661 2263 1789 2299 malos,

469 2317 560 2348 quos
578 2308 684 2344 nosti,
701 2317 775 2339 non
793 2313 904 2348 ponet
920 2317 1028 2347 super
1044 2313 1079 2338 te
1093 2317 1100 2344 ;
1124 2307 1188 2338 sed
1205 2307 1303 2338 dabit
1319 2317 1382 2338 eos
1399 2317 1507 2347 super
1523 2317 1650 2338 omnes
1667 2317 1793 2339 osores

469 2357 571 2383 tuos:
597 2357 632 2383 et
649 2361 840 2383 consumes
860 2361 986 2382 omnes
1007 2351 1159 2391 populos
1177 2361 1266 2392 quos
1283 2350 1446 2391 Jehovah
1469 2351 1567 2382 Deus
1587 2357 1668 2382 tuus
1686 2351 1793 2382 tradi-

468 2400 568 2428 turus
585 2395 661 2432 tibi,
681 2405 755 2426 non
772 2400 893 2435 parcet
909 2395 1036 2426 oculus
1053 2401 1135 2426 tuus
1151 2395 1203 2426 eis
1214 2394 1232 2406 '’
1250 2394 1387 2434 (Deutr.
1402 2394 1463 2426 vii.
1483 2395 1602 2435 12-16)
1616 2406 1623 2426 :

295 2497 375 2538 per
401 2483 553 2524 omnia
579 2483 692 2524 haec
719 2483 1037 2536 intelliguntur
1063 2483 1326 2537 spiritualia,
1355 2484 1419 2524 ita
1450 2482 1791 2525 benedictiones

295 2545 578 2600 spirituales;
612 2559 769 2587 sensus
796 2546 977 2587 litterae
1003 2547 1077 2600 qui
1103 2553 1173 2587 est
1200 2546 1432 2596 naturalis,
1461 2553 1507 2588 et
1534 2561 1615 2600 pro
1641 2547 1692 2587 iis
1718 2548 1792 2601 qui

295 2610 340 2650 in
362 2609 532 2650 mundo
550 2608 743 2650 naturali
766 2615 812 2650 et
835 2609 938 2650 inde
961 2610 1004 2650 in
1027 2609 1128 2651 idea
1146 2609 1340 2650 naturali
1363 2616 1481 2659 sunt,
1502 2609 1579 2650 illa
1601 2609 1791 2651 involvit

296 2678 343 2714 et
361 2671 585 2726 significat
604 2687 613 2723 ;
636 2686 772 2726 quare
790 2686 849 2713 ex
864 2672 1084 2726 spirituali
1104 2686 1239 2713 sensu
1254 2672 1394 2714 Verbi
1410 2679 1622 2714 constare
1637 2679 1791 2727 potest

254 2758 259 2773 ι
296 2736 400 2790 quid
423 2736 467 2775 in
489 2748 657 2787 genere
680 2740 726 2775 et
748 2735 792 2775 in
815 2735 965 2789 specie
987 2749 1065 2789 per
1092 2735 1366 2776 “benedici'’
1388 2736 1680 2789 intelligitur:
1714 2750 1793 2790 per

299 2803 323 2819 ‘⁴
335 2796 525 2839 fructum
540 2798 710 2838 ventris
721 2797 741 2813 ''
756 2804 802 2839 et
817 2812 895 2851 per
907 2801 933 2818 “
945 2797 1134 2839 fructum
1150 2799 1338 2848 terrae‚”
1351 2813 1430 2853 per
1443 2803 1468 2820 “
1480 2799 1793 2848 frumentum‚‘’

299 2865 324 2882 ‘⁶
337 2867 535 2902 mustum
546 2860 566 2876 '⁹
580 2866 627 2901 et
644 2864 669 2880 ‘¹
681 2860 872 2910 oleum‚''
885 2875 964 2915 per
981 2861 1158 2902 “fetum
1175 2861 1312 2903 boum
1327 2868 1374 2903 et
1392 2862 1582 2903 arietum
1600 2862 1792 2916 gregis,''

295 2923 612 2977 intelliguntur
638 2923 1043 2978 multiplicationes
1069 2925 1163 2965 veri
1193 2931 1239 2966 et
1270 2923 1636 2966 fruffificationes
1667 2925 1789 2973 boni,

295 2986 362 3026 ita
391 2984 735 3026 benedltstlones
765 2985 1027 3039 spirituales
1046 3000 1055 3037 ;
1093 2997 1185 3034 (quid
1203 3006 1261 3035 per
1274 2997 1399 3035 singula
1418 2997 1448 3026 in
1468 2997 1573 3035 specie
1588 2997 1792 3035 significatur,

295 3047 387 3076 variis
398 3047 430 3076 in
444 3047 522 3076 locis
536 3046 567 3076 in
579 3046 719 3076 Arcanis
732 3047 928 3082 Caelestibus,
942 3052 973 3077 et
988 3047 1019 3076 in
1032 3048 1294 3085 explicationibus
1305 3057 1401 3086 super
1411 3048 1496 3077 hunc
1511 3048 1641 3077 Librum
1655 3049 1792 3086 prophe-
