2060 3476
259 335 341 389 278
673 342 1006 376 APOCALYPSIS
1039 343 1338 375 EXPLICATA.

257 455 444 495 rosolyma⁰
456 456 495 485 sit
510 455 642 485 ecclesia
656 456 709 485 ubi
724 464 799 484 vera
813 455 968 489 doctrina,
981 455 1124 484 videatur
1138 464 1168 484 n.
1185 464 1254 492 402,
1267 455 1355 492 3654,
1369 454 1458 492 9166.
1488 454 1587 491 Quod
1598 457 1615 470 ¹·
1625 454 1751 493 acupic-

258 507 326 531 tum
336 501 352 511 '¹
368 502 407 530 sit
421 501 637 534 scientificum,
650 509 680 530 n.
694 501 782 538 9688.
813 501 910 537 Quod
920 504 936 514 ¹¹
947 501 1059 538 byssus
1069 500 1085 509 '⁵
1099 501 1137 529 sit
1152 509 1261 529 verum
1277 509 1316 528 ex
1331 499 1451 536 origine
1466 499 1601 534 caelesti,
1617 508 1648 529 n.
1661 506 1750 537 5319.

257 546 347 584 9469.
377 546 475 583 Quod
491 548 507 559 ‘¹
518 545 685 575 armillae''
702 546 763 574 sint
778 555 851 575 vera
866 550 896 574 et
910 546 996 574 bona
1011 545 1170 579 ecclesiae,
1187 554 1217 575 n.
1234 553 1323 582 3103,
1336 551 1425 581 3105.
1455 545 1552 581 Quod
1568 547 1584 559 ⁴¹
1595 544 1749 582 torques’'
1766 551 1771 553 '

257 592 296 620 sit
317 591 617 629 repraesentativum
640 590 872 628 conjunctionis
893 591 1077 619 interiorum
1100 595 1130 619 et
1148 590 1348 624 exteriorum,
1365 598 1396 618 n.
1413 596 1501 626 5320.
1544 590 1642 626 Quod
1657 592 1753 618 '‘mo-

258 636 358 665 nilia''
375 640 407 665 et
422 639 438 650 ¹¹
449 636 574 664 inaures
584 635 600 644 ’'
613 635 674 664 sint
689 636 953 673 repraesentativa
966 635 1177 674 perceptionis
1198 639 1230 663 et
1249 634 1459 669 obedientiae,
1475 643 1506 663 n.
1521 641 1611 671 4551.
1654 633 1751 670 Quod

258 682 277 694 ¹¹
288 695 408 715 corona
419 685 435 695 '’
451 686 490 714 sit
504 685 667 723 sapientia,
680 694 785 723 supra,
799 695 829 715 n.
850 674 938 715 126.
981 686 1079 722 Quod
1092 681 1232 714 “aurum
1246 684 1263 694 '¹
1279 684 1318 712 sit
1337 684 1458 712 bonum
1474 683 1599 717 amoris,
1615 692 1646 712 n.
1665 690 1751 720 1551,

260 741 347 771 1552,
360 734 449 771 5658,
461 734 551 771 6914,
563 734 652 771 6917,
664 741 753 771 9510,
766 736 855 771 9874,
867 735 945 771 9881
957 743 963 768 ;
986 734 1075 770 quod
1087 736 1103 747 ‘¹
1115 737 1281 770 argentum
1291 731 1308 742 '¹
1321 733 1360 760 sit
1371 741 1480 760 verum
1493 741 1531 760 ex
1544 731 1597 760 illo
1610 731 1707 765 bono,
1721 740 1752 761 n.

261 787 348 818 1551,
366 788 453 818 1552,
470 788 559 819 2954,
575 781 663 818 5658.
707 781 805 818 Quod
820 781 972 810 “excelsa
986 780 1169 817 variegata''
1186 779 1247 808 sint
1262 788 1336 808 vera
1349 779 1520 813 falsificata,
1536 788 1568 808 n.
1583 779 1652 816 796,
1662 785 1752 815 4005.

260 829 358 866 Quod
372 832 389 844 ‘⁴
400 829 493 858 mas⁰
509 834 564 858 aut
579 828 791 858 “masculus’'
812 829 851 857 sit
872 837 992 862 verum,
1014 838 1045 858 n.
1062 837 1130 865 749,
1148 827 1235 864 2046,
1251 833 1340 864 4005,
1356 829 1452 864 7838;
1483 826 1557 855 inde
1573 826 1754 864 “imagines

260 878 382 908 maris''
395 883 470 908 suut
483 879 686 917 apparentiae
701 879 791 917 veri.)
849 867 990 921 Apud
1016 867 1227 915 eundem,

330 956 352 971 “
367 956 503 998 Byssus
521 956 556 988 in
573 954 778 996 acupictura
794 966 838 987 ex
855 955 1021 996 Aegypto
1039 955 1104 986 fuit
1121 954 1295 995 expansio
1312 961 1372 985 tua
1386 963 1408 991 ;.
1423 978 1431 986 .
1445 979 1452 986 .
1467 953 1753 995 .hyacinthinum

435 1006 471 1032 et
487 1009 643 1041 purpura
658 1010 702 1031 ex
719 999 845 1031 insulis
864 999 1006 1030 Elischa
1022 999 1089 1030 fuit
1105 1004 1350 1038 tegumentum
1364 1003 1463 1029 tuum
1476 1008 1499 1030 ε.
1515 1022 1522 1029 .
1537 1022 1543 1029 .
1559 997 1677 1038 .Syria
1694 1007 1754 1028 ne-

434 1044 603 1084 gotiatrix
626 1050 687 1075 tua
710 1043 791 1075 fuit.
807 1068 814 1075 .
828 1052 929 1083 ..per
951 1052 1143 1083 purpuram
1160 1048 1195 1074 et
1211 1040 1412 1082 acupictum
1437 1046 1472 1072 et
1495 1041 1654 1082 byssum,
1674 1050 1754 1072 eum

435 1088 672 1128 chrysopraso
686 1097 709 1123 ;.
725 1112 731 1119 .
746 1112 752 1118 .
768 1112 775 1119 .
786 1087 910 1118 Dedan
925 1086 1141 1126 negotiatrix
1156 1092 1217 1117 tua
1230 1095 1309 1117 cum
1323 1085 1482 1116 vestibus
1499 1084 1673 1116 libertatis
1690 1094 1754 1125 pro

435 1140 573 1170 curru;.
588 1156 595 1163 .
610 1156 616 1163 .
632 1131 787 1163 ‚Aschur
803 1137 838 1162 et
857 1130 1016 1162 Kilmad.
1032 1155 1038 1162 .
1053 1155 1061 1162 .
1075 1139 1170 1162 ‚cum
1187 1129 1405 1170 glomeribus
1422 1128 1605 1169 hyacinthi
1623 1134 1658 1160 et
1674 1138 1756 1159 acu-

436 1174 532 1216 picti,
564 1181 599 1206 et
627 1184 706 1207 cum
734 1174 910 1206 thesauris
938 1174 1090 1206 vestium
1122 1174 1358 1214 pretiosarum
1371 1171 1390 1184 ’¹
1418 1171 1539 1210 (xxvii.
1568 1179 1598 1211 7,
1628 1172 1679 1210 16,
1700 1178 1752 1210 20,

438 1217 509 1261 23[‚
523 1216 617 1260 2-ἰ]);

263 1312 413 1365 agitur
443 1310 502 1351 ibi
539 1310 596 1351 de
628 1310 752 1363 Tyro
788 1316 835 1350 et
872 1308 965 1362 ejus
1003 1308 1280 1357 mercaturis,
1315 1314 1361 1348 et
1398 1320 1477 1360 per
1510 1310 1536 1327 ‘⁴
1553 1305 1755 1359 Tyrum”

264 1373 573 1428 significantur
599 1373 884 1426 cognitiones
911 1373 1002 1414 veri
1029 1378 1075 1413 et
1102 1372 1222 1419 boni,
1247 1384 1298 1411 ac
1326 1384 1404 1424 per
1428 1368 1687 1410 “mercari'’
1709 1374 1756 1409 et

267 1438 528 1491 “negotiari
540 1437 560 1452 ''
582 1435 860 1490 significatur
882 1435 1167 1489 cognitiones
1190 1433 1290 1475 illas
1316 1433 1398 1480 sibi
1420 1445 1683 1486 comparare
1709 1437 1754 1472 et

264 1501 624 1550 communicare;
668 1513 747 1553 per
780 1503 1058 1552 “purpuram
1090 1503 1136 1539 et
1168 1495 1466 1550 hyacinthum
1479 1494 1499 1510 ''
1531 1493 1755 1548 significa-

266 1571 337 1605 tur
359 1577 485 1604 amor
502 1563 713 1604 caelestis
735 1563 841 1603 boni
863 1568 909 1603 et
932 1562 1050 1611 veri;
1084 1574 1163 1614 per
1183 1557 1523 1613 “Aegyptum''
1541 1556 1756 1598 scientifi-

265 1641 366 1670 cum
404 1626 620 1668 naturalis
658 1626 866 1674 hominis,
905 1625 1050 1665 simile
1087 1637 1164 1678 per
1202 1627 1227 1644 “
1243 1620 1549 1676 acupicturam
1564 1620 1583 1636 ”
1621 1619 1726 1661 inde
1747 1634 1756 1670 ;

264 1706 344 1746 per
363 1695 387 1712 “
403 1690 577 1744 Syriam
590 1690 609 1705 ”
632 1689 825 1730 ecclesia
848 1688 996 1742 quoad
1019 1687 1306 1741 cognitiones
1329 1686 1422 1727 veri
1445 1691 1491 1726 et
1514 1685 1647 1734 boni;
1681 1697 1757 1737 per

268 1753 595 1796 “Aschurem‘’
626 1752 848 1794 rationale
880 1751 997 1793 illius
1029 1750 1274 1801 ecclesiae;
1318 1763 1397 1803 per
1430 1745 1663 1792 “Dedan’'
1695 1745 1758 1787 illi

265 1819 339 1873 qui
357 1819 400 1859 in
418 1817 753 1871 cognitionibus
771 1815 1049 1857 caelestium.
1111 1814 1221 1855 Inde
1239 1819 1449 1854 constare
1467 1817 1621 1865 potest
1639 1810 1758 1864 quod

265 1896 345 1936 per
369 1885 683 1922 “mercaturas
706 1879 854 1933 Tyri,”
871 1879 930 1920 de'
950 1879 1109 1932 quibus
1131 1879 1175 1918 in
1199 1883 1301 1918 toto
1322 1875 1400 1917 illo
1423 1875 1572 1928 capite
1594 1875 1756 1927 agitur,

266 1959 357 1986 non
379 1945 555 1998 aliquae
578 1950 858 1984 mercaturae
881 1942 1208 1994 intelligantur,
1229 1940 1308 1980 sed
1331 1952 1409 1992 per
1426 1939 1577 1978 omnia
1599 1943 1645 1977 et
1668 1938 1750 1977 sin·

267 2008 374 2062 gula
398 2007 712 2061 intelligantur
734 2005 995 2060 spiritualia,
1019 2018 1133 2058 quae
1156 2001 1475 2056 comparanda,
1500 1999 1757 2047 imbuenda,

267 2076 314 2110 et
344 2068 741 2110 communicanda.
800 2078 912 2116 (Quod
928 2074 944 2085 ‘¹
956 2077 1061 2114 Tyrus
1073 2076 1088 2085 ''
1105 2075 1260 2113 significet
1275 2073 1470 2111 cognitiones
1485 2073 1550 2100 veri
1565 2077 1596 2100 et
1614 2071 1701 2105 boni,
1717 2071 1760 2099 vi-

266 2133 380 2160 deatur
400 2139 430 2161 n.
450 2138 536 2160 1201.
580 2130 678 2166 Quod
700 2127 920 2167 “Aegyptus''
942 2126 1150 2156 scientificum
1172 2125 1321 2154 naturalis
1342 2123 1488 2157 hominis,
1511 2131 1542 2152 n.
1568 2122 1655 2159 1164,
1673 2121 1761 2158 1165,

269 2178 356 2213 1186,
374 2178 461 2215 1462,
476 2184 566 2214 5700,
581 2185 670 2214 5702,
686 2176 775 2212 6015,
791 2176 880 2212 6651,
895 2175 985 2212 6679,
1001 2174 1090 2208 6682,
1106 2173 1196 2210 6683,
1211 2172 1301 2209 6692,
1316 2171 1406 2208 7296,
1422 2179 1511 2208 9340,
1532 2178 1622 2207 9391.
1665 2169 1764 2205 Quod

268 2225 413 2264 “Syria’'
433 2225 597 2254 eeclesiam
619 2224 728 2262 quoad
750 2223 946 2261 cognitiones
967 2221 1032 2250 veri
1054 2225 1085 2250 et
1104 2220 1191 2254 boni,
1207 2229 1238 2250 n.
1254 2228 1341 2256 1232,
1359 2227 1446 2255 1234,
1462 2217 1551 2255 3664,
1567 2217 1657 2254 3680,
1672 2224 1762 2253 4112.

266 2272 364 2309 Quod
386 2274 403 2286 ‘⁸
417 2271 532 2300 Dedan
546 2271 562 2281 ''
578 2271 649 2299 illos
670 2270 725 2308 qui
747 2270 779 2298 in
801 2265 1036 2307 cognitionibus
1057 2267 1239 2297 caelestium
1261 2271 1343 2301 sunt,
1366 2276 1397 2298 n.
1420 2276 1510 2305 3240,
1529 2274 1618 2304 3241.
1660 2266 1759 2304 Quod

267 2317 445 2348 ¹·Aschur'·
462 2317 616 2346 rationale
630 2317 714 2350 inde.
731 2325 762 2346 n.
780 2324 847 2353 119,
866 2315 953 2344 1186.
997 2314 1096 2351 Quod
1110 2312 1308 2351 “purpura''
1324 2321 1467 2342 amorem
1482 2313 1650 2343 caelestem
1671 2313 1757 2347 boni,

266 2374 296 2393 n.
312 2363 402 2402 9467.
445 2363 543 2401 Quod
559 2365 575 2377 ¹⁴
587 2362 828 2401 hyacinthinum
839 2360 857 2371 '⁹
872 2369 1014 2390 amorem
1029 2360 1197 2389 caelestem
1211 2358 1286 2393 veri,
1298 2368 1329 2389 n.
1345 2359 1434 2396 9466,
1450 2359 1540 2396 9687,
1555 2360 1653 2396 9833ς
1675 2358 1758 2388 simi-

266 2410 336 2440 iiter
349 2412 366 2425 '¹
378 2408 634 2448 chrysoprasus,'·
647 2417 678 2438 n.
691 2407 781 2446 9868.
817 2407 905 2444 Quid
915 2409 932 2421 ¹¹
942 2407 1056 2445 byssus
1065 2405 1083 2416 ”’
1094 2410 1126 2435 et
1137 2408 1154 2420 ¹¹
1167 2404 1383 2443 acupidtum,’'
1395 2405 1541 2434 videatur
1551 2413 1627 2434 mox
1637 2406 1756 2445 supra.)

267 2455 406 2511 Apud
431 2455 669 2504 Davidem,

333 2546 455 2578 “Tota
477 2545 635 2585 gloriosa
652 2543 723 2575 filia
737 2543 846 2584 Regis
864 2543 970 2581 intus,
988 2548 1024 2574 et
1039 2552 1083 2573 ex
1101 2541 1264 2582 implexis
1281 2541 1358 2572 auri
1371 2541 1481 2573 vestis
1495 2540 1593 2581 ejus;
1618 2540 1654 2572 in
1669 2545 1758 2573 'acu-

443 2587 548 2630 pic'tis
565 2588 759 2620 adducetur
776 2587 866 2627 Regi
876 2586 894 2598 '’
911 2586 1057 2627 (Psalm.
1075 2585 1144 2617 le.
1161 2594 1210 2624 14,
1226 2592 1264 2624 15
1285 2582 1344 2627 [B.
1357 2585 1402 2617 A.
1419 2593 1468 2624 13,
1485 2582 1576 2626 14]);

267 2694 348 2735 per
374 2677 551 2720 “filiam
583 2675 757 2730 Regis''
780 2674 1062 2729 significatur
1092 2672 1270 2715 affectio
1300 2673 1394 2715 veri
1426 2672 1683 2727 spiritualis,
1710 2679 1757 2714 et

268 2743 372 2784 inde
393 2740 588 2783 ecclesia
604 2754 663 2780 ex
680 2738 766 2780 illis
781 2740 855 2793 qui
877 2739 921 2779 in
935 2752 989 2779 ea
1011 2735 1249 2778 affectione
1264 2742 1368 2778 sunt
1385 2750 1395 2787 ;
1425 2739 1450 2757 “
1464 2736 1568 2777 Rex
1580 2735 1599 2751 ”
1617 2736 1756 2788 signi-

268 2805 374 2847 ficat
393 2804 639 2845 Dominum
656 2802 806 2856 quoad
823 2801 1037 2842 Divinum
1052 2800 1224 2841 Verum
1241 2814 1250 2850 ;
1278 2803 1303 2820 “
1315 2799 1455 2840 vestis
1472 2813 1532 2840 ex
1545 2797 1756 2852 implexis

269 2869 363 2909 auri
375 2867 395 2884 ”
412 2865 764 2919 intelligentiam
787 2870 834 2906 et
857 2864 1126 2918 sapientiam
1144 2877 1203 2904 ex
1221 2862 1300 2903 illo
1317 2876 1452 2913 vero;
1481 2858 1757 2915 “acupicta''

268 2930 317 2970 in-
344 2928 506 2983 quibus
530 2930 556 2948 “
568 2926 821 2968 adducetur
842 2924 1003 2978 Regi,''
1027 2930 1134 2965 sunt
1164 2923 1456 2976 cognitiones
1480 2923 1588 2963 veri.
1646 2932 1758 2972 (Quod

271 2990 287 3001 “
300 2992 364 3022 filia
374 2992 391 3002 ''
403 2991 560 3031 significet
568 2989 771 3020 affe-§tionem
781 2989 846 3019 veri
855 2992 887 3019 et
898 2989 973 3018 inde
981 2987 1158 3023 ecclesiam,
1169 2987 1314 3017 videatur
1322 2996 1353 3018 n.
1364 2986 1454 3025 2362.
1465 2986 1554 3024 2623.
1564 2994 1654 3024 3373.
1667 2985 1757 3024 3963,
