2060 3476
688 387 794 420 CAP.
819 387 904 427 111.,
929 385 1066 418 VERs.
1089 385 1238 428 4.—N.
1268 374 1430 430 195[b].
1727 383 1810 428 277

313 509 443 544 erunt
461 502 584 544 illam
603 502 733 543 malis
755 508 801 543 et
824 500 960 549 falsis,
980 499 1050 556 illi·
1065 505 1286 554 apparent
1309 499 1353 540 in
1371 498 1574 540 vestibus
1592 498 1807 546 obscuris,

312 563 491 613 vilibus,
511 564 673 604 laceris
690 569 738 604 et
762 562 821 603 ad
843 557 1079 616 aspectum
1097 561 1244 604 tetris.
1293 571 1358 610 (De
1370 571 1521 600 Vestibus
1533 580 1655 605 eorum,
1668 571 1813 600 videatur

311 635 343 664 in
358 637 455 673 bpere
471 636 522 664 De
537 635 628 664 Caelo
641 637 672 663 et
685 632 1048 673 lnfm0,n.177-182.)
1106 621 1220 662 Inde
1243 634 1361 661 nunc
1388 627 1460 661 est
1481 620 1604 674 quod
1629 624 1654 641 ‘¹
1667 620 1810 661 vesti-

312 686 500 727 menta‘'
525 687 569 727 in
595 685 752 726 Verbo
777 683 1034 738 significent
1059 697 1166 724 vera
1192 697 1251 724 ex
1283 683 1419 731 bono,
1447 696 1498 723 ac
1526 683 1570 723 in
1597 683 1812 736 opposito

312 763 446 790 sensu
471 749 584 791 falsa
609 763 669 790 ex
696 748 831 798 malo,
859 754 906 789 et
932 747 1010 788 illa
1036 753 1082 788 et
1110 746 1222 788 haec
1249 747 1294 787 in
1320 745 1516 787 naturali
1542 745 1741 795 homine,
1766 746 1811 793 in

311 827 400 866 quo
417 827 523 854 vera
539 819 586 854 et
608 811 720 853 falsa
736 818 959 853 vocantur
972 809 1225 852 scientifica
1248 816 1293 851 et
1311 810 1612 862 cognitiones.
1676 807 1811 861 Quod

314 875 662 917 “vestimenta'’
679 877 724 916 in
742 875 898 916 Verbo
920 873 1177 928 significent
1195 887 1301 914 vera
1323 879 1400 913 aut
1423 872 1549 921 falsa,
1570 871 1810 912 manifeste

312 946 524 981 constare
550 945 705 994 potest
732 953 758 980 a
783 937 1077 992 sequentibus
1102 937 1172 978 his
1199 936 1310 977 locis
1327 935 1539 990 t-—Apud
1563 935 1767 983 Esaiam,

381 1038 403 1050 ¹‘
417 1036 592 1073 Excitare,
611 1036 778 1074 excitare,
805 1034 914 1067 indue
938 1035 1046 1066 robur
1070 1040 1170 1066 tuum
1195 1033 1298 1071 Zion,
1318 1033 1427 1064 indue
1451 1038 1572 1064 vestes
1596 1032 1736 1064 decoris
1761 1031 1812 1063 tui

488 1079 747 1120 Hierosolyma
749 1103 843 1117 .....
851 1079 1021 1119 quoniam
1038 1088 1112 1110 non
1129 1078 1284 1118 amplius
1301 1077 1422 1109 veniet
1438 1076 1484 1108 ad
1508 1082 1543 1108 te
1566 1076 1813 1117 praeputiatus

487 1130 523 1155 et
539 1123 746 1155 immundus
757 1122 775 1134 '’
792 1122 854 1162 (lii.
874 1123 926 1163 1);
959 1153 963 1156 .

314 1223 340 1240 ⁴‘
353 1219 466 1260 Zion
477 1219 555 1260 ”in
570 1218 726 1260 Verbo
740 1217 966 1272 significat
981 1230 1171 1271 regnum
1187 1216 1388 1258 caeleste
1406 1216 1604 1265 Domini,
1621 1216 1686 1256 ita
1700 1229 1812 1286 quo-

311 1297 398 1337 que
423 1281 662 1323 ecclesiam
689 1281 952 1329 caelestem,
977 1288 1023 1322 et
1050 1280 1444 1333 “Hierosolyma’'
1466 1292 1655 1332 regnum
1683 1279 1812 1332 spiri-

313 1343 439 1385 tuale
474 1349 521 1384 et
558 1343 802 1384 ecclesiam
844 1342 1156 1396 spiritualem·
1148 1375 1156 1392 ‚
1195 1353 1287 1390 (quid
1310 1362 1444 1390 regnum
1468 1353 1603 1381 caeleste
1625 1357 1657 1381 et
1678 1360 1814 1389 regnum

309 1408 481 1446 spirituale,
494 1408 659 1438 vidffitm'
651 1417 684 1436 m
696 1416 792 1445 opere
808 1408 856 1436 De
871 1407 962 1436 Caelo
976 1410 1006 1435 et
1019 1407 1156 1445 Inferna,
1170 1415 1200 1435 n.
1215 1408 1313 1435 20-28
1325 1406 1348 1444 ;)
1376 1399 1401 1415 “
1414 1401 1570 1436 vestes
1592 1393 1814 1444 decorls‚’'

310 1471 422 1512 quas
441 1457 598 1498 induet
623 1456 960 1535 Hierosolyma,
980 1463 1086 1498 sunt
1111 1456 1276 1497 Divina
1292 1470 1425 1507 vera;
1462 1457 1815 1528 “praeputiatus

312 1527 359 1562 et
381 1520 679 1570 immundus,”
696 1521 770 1575 qui
792 1521 849 1561 ad
872 1520 973 1561 illas
996 1533 1088 1560 non
1105 1521 1305 1569 venient,
1326 1526 1431 1560 sunt
1452 1520 1526 1574 qui
1547 1520 1592 1560 in
1614 1519 1745 1560 malis
1768 1527 1815 1561 et

309 1584 432 1625 falsis
458 1590 578 1625 sunt.
639 1583 782 1638 Apud
806 1583 1093 1633 Ezechielem,

378 1677 645 1719 Hierosolyma,
666 1679 688 1692 “
700 1678 828 1710 vestivi
845 1683 879 1710 te
893 1676 1068 1718 acupicto,
1084 1678 1239 1709 calceavi
1257 1684 1291 1709 te
1306 1684 1402 1715 taxo,
1418 1677 1555 1709 accinxi
1573 1684 1608 1709 te
1621 1679 1744 1718 bysso,
1756 1703 1763 1709 .
1778 1703 1786 1709 .
1800 1703 1808 1710 .

485 1728 522 1754 et
537 1722 663 1753 ornavi
681 1728 715 1754 te
733 1728 873 1759 ornatu.
892 1729 928 1753 et
944 1722 1024 1753 dedi
1041 1722 1200 1753 armillas
1217 1732 1324 1763 super
1341 1732 1469 1753 manus
1487 1728 1577 1759 tuas,
1598 1728 1634 1753 et
1650 1728 1813 1763 torquem

485 1776 592 1806 super
614 1772 735 1807 guttur
751 1772 863 1804 tuum,
883 1772 918 1797 et
935 1766 1070 1797 monile
1087 1775 1194 1806 super
1210 1775 1337 1796 nasum
1356 1772 1467 1804 tuum,
1487 1772 1523 1797 et
1546 1766 1690 1797 inaures
1707 1776 1815 1806 super

487 1819 592 1852 aures
616 1815 706 1847 tuas,
727 1810 837 1841 immo
853 1819 1023 1841 coronam
1048 1815 1196 1840 ornatus
1220 1819 1328 1849 super
1344 1815 1450 1850 caput
1466 1815 1567 1841 tuum
1583 1819 1589 1847 ;
1615 1810 1665 1841 sic
1682 1808 1815 1841 amiffta

485 1864 525 1885 es
548 1863 636 1885 auro
660 1860 695 1885 et
714 1859 876 1893 argento,
896 1859 932 1884 et
947 1859 1068 1885 vestes
1092 1859 1174 1885 tuae
1198 1854 1339 1894 byssus,
1360 1854 1523 1892 sericum,
1544 1859 1579 1884 et
1595 1852 1810 1894 acupiCtum,

514 1922 542 1929 ..
557 1897 667 1929 .unde
691 1897 838 1938 pulchra
860 1895 956 1928 facta
979 1907 1018 1928 es
1040 1897 1155 1934 valde.
1175 1903 1211 1928 et
1235 1903 1445 1937 prosperata
1468 1907 1506 1928 es
1531 1907 1644 1938 usque
1667 1898 1712 1929 ad
1737 1907 1815 1938 reg-

485 1951 583 1973 num.
638 1966 734 1973 .....
742 1941 811 1972 Sed
836 1941 1020 1981 sumpsisti
1044 1941 1088 1972 de
1106 1941 1266 1972 vestib'us
1283 1942 1365 1978 tuis,
1385 1947 1421 1972 et
1444 1941 1560 1972 fecisti
1585 1941 1647 1972 tibi
1673 1941 1815 1973 excelsa

484 1985 677 2025 variegata,
694 1991 733 2016 ut
749 1985 957 2016 scortareris
971 1995 1078 2025 super
1091 1985 1160 2016 illis
1174 1995 1198 2022 ς.
1212 2009 1221 2017 .
1234 2010 1242 2017 .
1257 1985 1459 2025 .sumpsisti
1476 1985 1583 2016 etiam
1597 1991 1717 2016 vestes
1733 1995 1814 2019 acu-

483 2027 569 2070 ρὶέὶί
593 2029 855 2113 mi’fiftheXisti
868 2028 886 2040 ’¹
903 2029 1080 2069 imagines
1098 2029 1217 2066 maris,
1237 2039 1316 2060 cum
1335 2030 1463 2070 quibus
1484 2029 1700 2060 scortabaris
1724 2030 1810 2070 (xvi.

486 2081 603 2112 10-14,
627 2081 641 2103 1
692 2081 707 2103 1
759 2082 768 2111 ;

306 2161 381 2203 hic
406 2162 676 2203 describitur
700 2161 894 2203 ecclesia
920 2162 1064 2216 qualis
1094 2175 1196 2203 curn
1229 2162 1421 2216 primum
1453 2176 1479 2203 a
1512 2162 1711 2203 Domino
1743 2163 1810 2203 in-

308 2231 513 2267 staurata
527 2231 597 2266 est
616 2239 625 2275 ;
653 2229 678 2245 ‘⁴
690 2232 844 2266 vestes
856 2225 874 2240 '‘
889 2239 1004 2280 quae
1020 2227 1324 2275 nominantur,
1342 2232 1446 2267 sunt
1461 2240 1568 2267 vera
1586 2240 1645 2267 ex
1660 2226 1782 2267 bono
1801 2241 1810 2277 ;

310 2287 636 2342 “acupictum”
668 2295 738 2330 est
775 2302 931 2330 verum
968 2289 1280 2338 scientificum,
1317 2289 1550 2342 “byssus”
1581 2295 1628 2330 et
1664 2291 1810 2330 “seri-

308 2352 443 2394 cum''
460 2358 566 2392 sunt
585 2366 692 2393 vera
713 2366 773 2393 ex
796 2353 969 2406 origine
992 2352 1180 2394 caelesti
1198 2367 1207 2404 ;
1243 2352 1526 2403 “armillae‚”
1547 2356 1572 2373 ‘¹
1586 2353 1811 2407 torques,”

310 2419 336 2436 ‘⁶
349 2414 557 2464 monile,’'
577 2418 602 2435 ‘⁴
615 2415 832 2466 inaures‚’'
849 2419 874 2436 “
887 2429 1055 2457 corona
1067 2415 1087 2431 ''
1105 2422 1210 2457 sunt
1228 2417 1423 2469 insignia
1440 2430 1520 2470 per
1536 2429 1651 2470 quae
1669 2417 1810 2469 signi-

307 2477 499 2520 ficantur
535 2478 784 2532 spiritualia
819 2480 929 2520 varii
966 2480 1172 2533 generis;
1220 2483 1414 2520 “aurum
1451 2485 1498 2520 et
1534 2486 1777 2533 argentum
1790 2478 1811 2494 ''

307 2542 467 2596 quibus
504 2540 683 2590 amicta,
717 2548 822 2583 sunt
858 2542 1027 2583 bonum
1065 2543 1230 2583 amoris
1267 2549 1314 2584 et
1351 2556 1507 2583 verum
1544 2542 1664 2595 ejus:
1704 2542 1809 2583 dein

306 2605 575 2646 describitur
597 2605 756 2646 eadem
778 2605 971 2647 ecclesia
993 2619 1095 2647 cum
1118 2620 1344 2660 perversa,
1369 2620 1448 2660 per
1469 2606 1591 2660 quod
1616 2609 1808 2659 “sump-

306 2669 414 2710 serit
438 2668 494 2709 de
511 2668 715 2709 vestibus
737 2675 783 2710 et
805 2669 960 2710 fecerit
983 2670 1066 2710 sibi
1089 2668 1275 2710 excelsa
1297 2669 1573 2722 variegata,'’
1591 2683 1670 2723 per
1693 2683 1808 2723 quae

306 2730 617 2785 significantur
632 2745 739 2772 vera
754 2731 992 2773 falsificata
1009 2746 1018 2783 ;
1046 2738 1093 2773 et
1116 2746 1195 2786 per
1211 2727 1332 2786 quod
1353 2735 1379 2773 ‘.‘
1392 2733 1635 2785 sumpserit
1653 2739 1808 2773 vestes

305 2792 501 2848 acupicti
532 2799 580 2835 et
611 2795 782 2835 texerit
813 2795 1034 2848 imagines
1066 2794 1239 2842 maris,’'
1266 2794 1546 2848 significatur
1571 2795 1692 2848 quod
1725 2808 1806 2847 ap-

305 2857 544 2911 plicuerint
566 2858 785 2898 veritates
807 2871 964 2898 sensus
989 2857 1170 2899 litterae
1193 2858 1334 2898 Verbi
1360 2858 1417 2898 ad
1444 2857 1805 2899 confirmandum

304 2919 416 2961 falsa
441 2926 580 2974 usque
607 2920 663 2960 ad
695 2922 1036 2974 apparentiam;
1072 2922 1299 2962 “scortari
1326 2934 1428 2962 cum
1460 2921 1548 2961 illis
1561 2921 1580 2935 ''
1607 2927 1653 2961 et
1683 2920 1804 2960 “sub

304 2980 434 3030 illis,”
456 2981 685 3034 significat
707 2995 767 3022 ex
788 2981 914 3022 falsis
935 2982 1191 3023 doctrinam
1217 2989 1263 3023 et
1286 2982 1462 3022 cultum
1484 2982 1636 3022 facere
1662 2981 1805 3034 (quod

304 3040 390 3081 hoc
417 3041 476 3081 sit
505 3041 777 3090 “scortari,’'
798 3042 1010 3082 videatur
1034 3055 1184 3096 supra,
1208 3055 1250 3082 n.
1279 3053 1372 3093 141,
1401 3042 1516 3095 161),
1571 3050 1805 3090 (Qu0d··Hie-
