2060 3476
283 361 368 405 320
693 360 1028 394 APOCALYPSIS
1059 360 1359 394 EXPLICATA.

281 478 466 526 propter
496 473 634 514 etiam
668 473 888 527 “angeli’'
918 474 963 515 in
994 473 1150 515 Verbo
1180 472 1439 527 significant
1471 471 1635 513 Divina
1664 485 1772 513 vera

285 534 512 588 (videatur
538 549 684 589 supra,
709 550 750 577 n.
779 547 868 589 130,
893 535 1022 591 200):
1056 537 1159 590 quia
1187 549 1303 577 nunc
1337 535 1512 576 caelum
1543 541 1614 576 est
1646 534 1771 576 Divi-

283 611 389 639 num
408 598 594 648 Verum,
611 605 657 640 et
675 603 700 620 “
715 599 965 653 templum''
983 599 1207 653 significat
1230 598 1419 647 caelum,
1436 598 1635 652 sequitur
1651 597 1771 651 quod

281 662 434 702 omnia
465 662 625 715 templi
656 661 913 715 significent
953 662 1063 703 talia
1102 676 1216 716 quae
1248 667 1352 702 sunt
1386 661 1535 702 Divini
1566 660 1689 708 Veri,
1722 666 1770 701 et

281 724 402 778 quod
437 724 743 766 “columnae''
775 726 834 766 ibi
871 725 1035 766 Divina
1070 739 1178 766 vera
1214 724 1533 765 sustentantia.
1606 723 1771 764 Divina

282 801 389 828 vera
420 789 728 829 sustentantia
759 795 863 830 sunt
894 789 938 829 in
975 801 1142 842 genere
1173 801 1279 828 vera
1310 787 1529 835 inferiora,
1562 786 1665 840 quia
1696 785 1773 826 illa

283 856 546 892 sustentant
577 852 830 904 superiora3
877 857 983 892 sunt
1014 851 1134 891 enirn
1166 849 1330 890 Divina
1354 863 1460 890 vera
1490 848 1695 890 inferiora
1725 854 1772 889 et

284 914 525 967 superiora,
560 915 675 955 sicut
708 920 812 955 sunt
845 913 959 954 caeli
999 913 1228 954 inferiores
1259 918 1306 954 et
1339 912 1620 966 superiores:
1665 918 1771 953 sunt

281 975 451 1028 gradus
482 975 663 1016 illorum
695 985 750 1023 (de
765 986 881 1023 quibus
895 986 1040 1015 videatur
1053 985 1085 1014 in
1105 994 1201 1023 opere
1221 985 1271 1014 De
1289 985 1379 1014 Caelo
1393 988 1423 1013 et
1436 985 1572 1023 Inferno,
1592 992 1622 1013 n.
1638 985 1687 1021 38,
1703 986 1772 1018 208.

280 1054 348 1083 209.
363 1046 446 1084 211).
486 1034 613 1076 Caeli
631 1036 705 1089 qui
722 1036 767 1075 in
783 1035 980 1075 inferiori
997 1034 1142 1088 gradu
1160 1039 1281 1082 sunt,
1300 1033 1366 1074 illi
1383 1039 1650 1074 sustentant
1667 1046 1771 1074 cae-

281 1096 349 1137 los
363 1097 436 1151 qui
453 1097 498 1137 in
516 1097 730 1150 superiori
747 1111 755 1146 ;
779 1097 849 1137 hic
865 1097 1018 1150 itaque
1037 1110 1115 1150 per
1129 1096 1249 1150 quod
1268 1095 1488 1136 Dominus
1506 1093 1698 1136 facturus
1714 1096 1772 1136 sit

271 1159 405 1218 'illum
423 1159 720 1200 “columnam
738 1160 782 1200 in
799 1159 1012 1213 templo,'’
1026 1158 1305 1212 significatur
1318 1158 1437 1212 quod
1455 1158 1498 1198 in
1516 1157 1644 1199 caelo
1662 1158 1771 1199 infe-

280 1224 382 1264 riori
408 1229 552 1264 erunt.
613 1222 728 1264 Sunt
755 1223 894 1263 etiam
925 1222 989 1264 illi
1014 1223 1087 1276 qui
1118 1223 1162 1263 in
1193 1221 1280 1262 fide
1307 1221 1542 1262 charitatis
1574 1222 1617 1262 in
1644 1221 1772 1262 caelo

280 1286 485 1335 inferiori,
519 1286 638 1340 quod
680 1286 855 1327 caelum
887 1292 1077 1327 vocatur
1108 1284 1284 1326 caelum
1320 1284 1575 1338 spirituale;
1618 1290 1665 1325 at
1697 1285 1770 1338 qui

280 1349 323 1389 in
349 1362 502 1390 amore
533 1350 577 1389 in
610 1349 856 1389 Dominum
886 1354 1005 1397 sunt,
1032 1349 1077 1389 in
1103 1347 1232 1390 caelo
1258 1347 1471 1401 superiori
1503 1353 1621 1396 sunt,
1650 1347 1770 1401 quod

279 1411 455 1453 caelum
478 1418 667 1453 vocatur
685 1411 861 1452 caelum
884 1411 1098 1460 caeleste,
1117 1417 1163 1452 et
1185 1410 1271 1452 hoc
1296 1416 1578 1452 sustentatur
1595 1424 1621 1450 a
1643 1409 1772 1451 caelo

278 1473 475 1514 inferiori
500 1487 579 1514 Seu
605 1472 842 1527 Spirituali.
901 1483 979 1522 (Sed
994 1484 1034 1513 de
1048 1484 1096 1512 his
1111 1483 1224 1512 clarior
1237 1483 1310 1512 idea
1320 1483 1432 1512 haberi
1447 1487 1551 1520 potest
1565 1491 1604 1511 ex
1616 1482 1675 1511 illis
1689 1491 1772 1520 quae

278 1535 309 1563 in
331 1543 428 1572 opere
444 1535 494 1563 De
513 1535 604 1564 Caelo
619 1538 650 1563 et
669 1535 807 1573 Inferna,
823 1534 855 1562 in
871 1534 969 1563 tribus
984 1534 1121 1563 articulis
1136 1538 1262 1563 ostensa
1276 1538 1366 1568 sunt;
1389 1542 1505 1570 nempe
1526 1533 1557 1562 in
1571 1533 1703 1562 articulo
1718 1533 1772 1562 ubi

277 1585 449 1615 ostensum,
461 1581 558 1618 Quod
574 1581 725 1610 Divinum
742 1581 872 1610 Domini
887 1581 918 1609 in
931 1580 1030 1610 Caelo
1045 1581 1083 1609 sit
1098 1580 1199 1609 Amor
1210 1581 1242 1609 in
1258 1580 1367 1618 Ipsum
1380 1585 1411 1609 et
1423 1579 1567 1610 Charitas
1579 1588 1653 1617 erga
1664 1579 1773 1608 Proxi-

278 1637 376 1662 mum,
392 1637 423 1658 n.
441 1636 554 1666 13-19;
578 1628 609 1657 in
625 1629 723 1657 altero
738 1629 793 1657 ubi
809 1632 980 1663 ostensum,
998 1628 1095 1665 Quod
1113 1627 1246 1657 Caelum
1262 1627 1445 1656 distinctum
1463 1627 1501 1656 sit
1520 1627 1552 1655 in
1567 1627 1632 1662 duo
1650 1627 1770 1664 Regna,

277 1676 410 1704 caeleste
420 1680 451 1704 et
460 1676 630 1713 spirituale,
639 1685 670 1704 n.
681 1677 779 1704 20-28
790 1685 795 1710 ;
815 1679 846 1704 et
858 1675 889 1704 in
901 1675 991 1704 tertio
1011 1675 1065 1704 ubi
1075 1675 1348 1711 ostensum‚Quod
1360 1679 1420 1703 tres
1430 1674 1518 1704 Caeli
1526 1674 1596 1709 sint,
1606 1683 1636 1703 n.
1646 1673 1770 1711 29-40.)

280 1723 331 1763 In
369 1723 525 1764 Verbo
563 1724 730 1777 passim
769 1729 1078 1764 memorantur
1117 1721 1432 1771 “columnae,‘'
1469 1728 1515 1763 et
1555 1735 1634 1775 per
1670 1720 1770 1762 illas

277 1785 589 1840 significantur
619 1800 725 1827 vera
755 1786 976 1834 inferiora,
1009 1799 1069 1827 ex
1101 1799 1237 1826 causa
1268 1786 1371 1839 quia
1402 1790 1664 1825 sustentant
1696 1798 1769 1825 su-

278 1850 478 1903 periora;
505 1849 625 1903 quod
651 1849 729 1890 illa
754 1848 1063 1902 significentur
1090 1862 1167 1902 per
1195 1847 1467 1890 “columnas
1479 1847 1498 1863 ''
1524 1848 1567 1888 in
1595 1847 1766 1896 Verbo,

277 1918 489 1953 constare
513 1918 667 1966 potest
690 1926 715 1953 a
738 1912 1029 1966 sequentibus
1051 1911 1119 1952 his
1146 1911 1257 1952 locis
1275 1910 1483 1965 z-Apud
1505 1910 1766 1959 Jeremz‘am,

345 2013 368 2028 ‘⁸
380 2012 468 2044 Ecce
485 2012 566 2044 dedi
582 2018 617 2044 te
633 2012 741 2044 hodie
758 2012 794 2043 in
810 2013 935 2043 urbem
954 2012 1140 2049 munitam,
1154 2017 1189 2043 et
1205 2011 1241 2042 in
1259 2011 1461 2043 columnam
1478 2010 1573 2048 ferri,
1589 2016 1624 2042 et
1640 2010 1676 2042 in
1693 2020 1770 2042 mu-

451 2066 510 2088 ros
534 2056 627 2088 aeris
651 2062 775 2087 contra
798 2056 1001 2087 universam
1026 2061 1169 2094 terram,
1189 2061 1313 2086 contra
1336 2064 1438 2095 reges
1454 2054 1624 2096 Jehudae,
1644 2060 1770 2086 contra

450 2100 640 2140 principes,
661 2105 696 2131 et
713 2106 837 2130 contra
854 2099 1055 2130 sacerdotes
1072 2098 1160 2139 ejus,
1181 2104 1216 2130 et
1239 2103 1365 2129 contra
1388 2098 1558 2138 populum
1583 2103 1708 2136 terrae,
1729 2103 1767 2129 ut

452 2149 613 2184 pugnent
629 2148 754 2174 contra
769 2149 804 2174 te
821 2148 856 2174 et
873 2152 946 2173 non
961 2141 1219 2183 praevaleant”
1237 2141 1272 2182 (i.
1290 2142 1340 2179 18,
1357 2142 1429 2182 19);

275 2242 388 2284 haec
407 2241 527 2284 dicta
545 2249 649 2284 sunt
667 2242 724 2283 ad
747 2242 1037 2296 Prophetam‚
1057 2242 1159 2296 quia
1177 2255 1256 2295 per
1273 2254 1431 2282 omnes
1452 2245 1477 2262 “
1490 2240 1768 2295 prophetas”

276 2305 588 2360 significantur
618 2304 850 2346 doctrinae
883 2305 1033 2346 Divini
1064 2305 1187 2354 Veri,
1222 2311 1268 2346 et
1304 2305 1406 2358 quia
1436 2306 1585 2358 agitur
1615 2304 1674 2345 ibi
1710 2304 1768 2346 de

275 2369 471 2410 ecclesia
502 2370 546 2409 in
578 2383 665 2422 qua
696 2369 860 2410 Divina
885 2382 991 2409 vera
1021 2367 1259 2409 falsificata
1290 2374 1420 2419 sunt;
1458 2368 1559 2409 ideo
1589 2363 1764 2416 dicitur,

278 2431 435 2473 “Dedi
467 2438 513 2473 te
540 2432 675 2473 hodie
706 2433 751 2472 in
778 2432 933 2472 urbem
960 2432 1196 2480 munitam,
1225 2432 1269 2471 in
1296 2431 1552 2472 columnam
1578 2431 1691 2479 ferri,
1719 2436 1766 2473 et

275 2495 319 2536 in
342 2509 492 2536 muros
515 2496 629 2536 aeris
651 2501 812 2536 contra
834 2495 1088 2536 universam
1112 2501 1278 2536 terram
1296 2494 1329 2534 :”
1360 2508 1438 2548 per
1458 2494 1650 2535 “urbem
1669 2507 1766 2534 mu-

275 2558 449 2600 nitam''
481 2558 759 2611 significatur
795 2556 1000 2599 doctrina
1041 2558 1147 2607 veri,
1181 2571 1260 2611 per
1302 2557 1597 2598 “columnam
1633 2556 1764 2598 ferri'’

274 2634 429 2662 verum
454 2628 716 2662 sustentans
742 2621 881 2670 illam,
910 2635 989 2674 per
1017 2624 1207 2663 “muros
1233 2621 1345 2663 aeris
1358 2620 1376 2635 ’‘
1402 2620 1569 2661 bonum
1593 2625 1763 2668 tutans,

274 2690 321 2726 et
344 2698 422 2738 per
447 2688 650 2725 “terram
667 2685 686 2700 '’
708 2684 926 2725 ecclesia:
961 2685 1123 2725 dicitur
1145 2686 1284 2726 etiam
1316 2688 1514 2725 “contra
1535 2696 1666 2736 reges
1689 2682 1765 2736 Je-

274 2747 435 2796 hudae,
464 2753 625 2788 contra
656 2748 894 2800 principes,
923 2753 1083 2787 contra
1108 2748 1370 2788 sacerdotes
1396 2746 1502 2798 ejus,
1527 2752 1574 2787 et
1605 2752 1765 2786 contra

274 2808 488 2861 populum
515 2814 663 2849 terrae
681 2809 715 2860 ;'’
747 2823 798 2850 ac
827 2823 905 2863 per
929 2813 1098 2862 “reges
1121 2809 1354 2863 Jehudae'’
1379 2822 1430 2850 ac
1459 2823 1537 2863 per
1565 2808 1763 2861 “princi-

275 2870 385 2923 pes'’
411 2870 724 2924 significantur
755 2886 862 2913 vera
893 2872 1143 2922 falsificata,
1172 2887 1250 2926 per
1283 2871 1764 2913 “sacerdotes”.bona

273 2932 542 2983 adulterata,
576 2940 622 2975 et
656 2948 735 2988 per
763 2934 1015 2988 “populum
1047 2941 1194 2976 terrae
1206 2935 1225 2951 '¹
1255 2934 1367 2976 falsa
1398 2936 1442 2975 in
1472 2947 1665 2987 genere;
1706 2934 1763 2974 de

274 2994 342 3035 his
368 2995 532 3037 dicitur
557 2997 677 3049 quod
709 3004 964 3049 pugnatura
996 2999 1085 3040 sint
1117 3005 1277 3040 contra
1308 2999 1404 3050 ipsa
1429 3011 1534 3039 vera
1559 2997 1638 3038 sed
1670 3010 1761 3038 non
