2060 3476
285 342 366 395 348
695 351 1026 385 APOCALYPSIS
1058 331 1356 384 EXP'LICATA.

456 465 602 497 nomine
619 471 680 498 tuo
697 465 827 497 multas
844 465 993 497 virtutes
1010 465 1177 497 fecimus:
1207 471 1243 497 at
1260 471 1343 496 tunc
1360 463 1556 496 confitebor
1572 462 1652 503 illis,
1670 463 1766 496 Nun·

455 519 561 551 quam
575 509 660 541 novi
671 519 735 541 vos
750 518 757 547 ;
781 509 950 541 discedite
964 519 985 540 a
997 509 1067 547 Me,
1080 519 1205 540 omnes
1219 508 1372 549 operarii
1386 507 1580 549 iniquitatis
1591 507 1609 520 '¹
1620 506 1765 548 (Matth.

455 553 515 585 vii.
533 552 672 594 19-27):

282 634 378 669 tum
400 642 577 682 quoque
603 642 682 682 per
707 628 834 678 haec,

349 703 474 736 “Cum
492 704 679 745 coeperitis
703 704 790 735 foris
807 710 909 735 stare
933 710 968 735 et
992 703 1132 744 pulsare
1156 703 1300 741 ostium,
1319 702 1488 740 dicentes,
1511 701 1676 739 Domine,
1698 700 1769 732 Do-

455 747 563 785 mine,
577 747 675 788 aperi
693 748 797 779 nobis
811 757 817 784 ;
842 747 905 779 sed
922 747 1143 787 respondens
1160 746 1264 785 dicet,
1280 745 1362 778 Non
1379 745 1465 777 novi
1477 755 1543 777 vos
1559 745 1654 776 unde
1671 743 1769 783 sitis:

455 797 538 823 tunc
555 791 732 832 incipietis
749 791 876 828 dicere,
899 790 1046 822 Edimus
1063 799 1184 821 coram
1202 789 1266 828 Te,
1286 795 1321 821 et
1337 789 1503 827 bibimus,
1523 794 1559 820 et
1582 788 1619 819 in
1643 787 1770 828 plateis

455 836 588 867 nostris
612 834 784 872 docuisti;
809 834 872 866 sed
896 834 998 872 dicet,
1022 834 1111 865 Dico
1129 833 1242 871 vobis,
1263 843 1336 864 non
1361 832 1445 864 novi
1462 842 1528 864 vos
1552 832 1646 863 unde
1670 830 1769 869 sitis:

454 878 623 910 discedite
640 888 662 910 a
679 878 750 917 Me,
765 887 890 909 omnes
908 877 1060 918 operarii
1078 876 1276 918 iniquitatis
1288 876 1307 888 '’
1323 875 1421 917 (Luc.
1437 876 1510 908 xiii.
1522 873 1698 915 [¹125-27):

283 960 416 1014 Quod
442 962 617 1016 “frigus
629 962 648 978 ”
672 961 896 1016 significet
920 974 1120 1003 amorem
1138 961 1415 1011 infernalem,
1435 967 1505 1002 est
1528 961 1631 1015 quia
1655 964 1769 1001 “ca-

282 1022 351 1064 lor
361 1022 382 1039 '’
407 1024 635 1077 significat
661 1037 864 1065 amorem
890 1023 1156 1065 caelestem.
1215 1034 1328 1072 (Quod
1348 1031 1364 1042 '¹
1377 1033 1490 1063 calor'·
1511 1033 1666 1071 significet
1684 1042 1772 1062 amo-

281 1091 347 1111 rem
362 1083 539 1117 caelestem‚
555 1083 698 1112 videatur
719 1083 751 1112 in
766 1092 862 1120 opere
877 1083 928 1112 De
941 1083 1033 1112 Caelo
1044 1086 1075 1111 et
1082 1082 1221 1121 Inferna,
1238 1091 1268 1112 n.
1287 1082 1434 1119 126-140‚
1450 1082 1519 1119 567,
1533 1082 1608 1118 568;
1632 1086 1662 1110 et
1683 1082 1771 1118 quod

281 1135 371 1156 arnor
385 1127 415 1156 in
433 1128 607 1156 Dominum
624 1132 654 1156 et
675 1137 766 1157 amor
781 1137 856 1165 erga
875 1127 1057 1166 proximum
1073 1136 1129 1156 seu
1143 1127 1276 1156 charitas
1290 1127 1351 1156 sint
1365 1135 1489 1156 amores
1503 1126 1661 1161 caelestes,
1677 1131 1708 1155 et
1728 1125 1773 1155 fa-

281 1172 363 1200 ciant
375 1172 508 1207 caelum,
521 1173 553 1201 in
568 1173 681 1202 eodem
695 1182 799 1210 opere,
812 1181 843 1202 n.
858 1181 972 1210 13-19;
996 1177 1026 1201 et
1038 1173 1125 1209 quod
1137 1181 1227 1201 amor
1240 1172 1287 1200 sui
1299 1176 1330 1200 et
1344 1180 1434 1200 amor
1447 1171 1558 1200 mundi
1573 1171 1634 1200 sint
1648 1179 1772 1200 amores

279 1216 446 1246 infernales
461 1222 492 1246 et
513 1218 628 1247 saciant
650 1218 816 1251 infernum,
832 1217 884 1251 ibi,
900 1226 931 1247 n.
947 1217 1096 1254 551-565.
1139 1217 1237 1254 Quod
1255 1217 1287 1245 in
1302 1217 1428 1246 infernis
1443 1216 1538 1246 etiam
1553 1216 1591 1245 sit
1605 1217 1700 1251 calor,
1716 1217 1771 1245 sed

280 1261 474 1297 immundus„
489 1262 521 1291 in
536 1262 676 1292 Arcanis
691 1263 888 1297 Caelestibus,
904 1271 934 1291 n.
952 1257 1040 1299 1773,
1056 1269 1145 1298 2757,
1161 1270 1256 1299 3340:
1279 1262 1335 1290 sed
1351 1262 1439 1298 quod
1461 1261 1512 1290 ille
1534 1261 1620 1290 calor
1634 1266 1772 1290 vertatur

279 1306 312 1334 in
327 1306 422 1344 frigus
437 1316 509 1336 eum
525 1307 629 1336 influit
643 1307 729 1336 calor
743 1307 893 1342 caelestis,
909 1307 942 1336 in
956 1315 1053 1344 opere
1068 1307 1119 1336 De
1137 1307 1228 1336 Caelo
1244 1310 1274 1335 et
1288 1307 1425 1345 Inferna,
1442 1315 1472 1335 n.
1489 1305 1574 1343 572.)
1638 1326 1642 1330 -

359 1364 483 1408 232.
521 1360 546 1379 ⁸
560 1355 714 1397 Utinam
739 1355 912 1409 frigidus
932 1367 1051 1396 esses
1075 1358 1149 1395 aut
1174 1353 1567 1407 calidus.''—-Quod
1598 1354 1768 1407 signifi-

281 1421 354 1457 cet
380 1417 500 1470 quod
517 1423 723 1470 praestet
752 1423 802 1457 ut
830 1416 954 1458 nulla
971 1416 1107 1471 fides,
1141 1422 1220 1457 aut
1253 1422 1303 1457 ut
1335 1416 1398 1457 sit
1426 1415 1523 1456 sola
1552 1415 1768 1463 charitas,

281 1485 463 1520 constat
505 1494 564 1520 ex
603 1479 933 1533 significatione
969 1479 1198 1521 “Utinam
1233 1479 1419 1532 frigidus
1455 1477 1619 1527 esseS,’'
1650 1478 1770 1532 quod

280 1542 338 1582 sit
371 1543 490 1595 quod
523 1549 725 1596 praestet
758 1548 806 1583 ut
839 1542 962 1583 nulla
988 1541 1099 1583 fides
1130 1543 1188 1583 sit
1215 1540 1290 1595 (de
1322 1555 1409 1595 qua
1440 1539 1688 1595 sequitur);
1723 1547 1770 1582 et

279 1618 339 1644 ex
365 1604 696 1658 significatione
725 1609 840 1646 “aut
867 1604 1079 1654 calidus‚’'
1105 1605 1224 1658 quod
1251 1605 1310 1646 sit
1342 1611 1391 1645 ut
1418 1605 1476 1645 sit
1502 1603 1600 1645 sola
1626 1604 1768 1645 chari-

279 1673 363 1707 tas.
427 1667 546 1721 Quid
576 1668 673 1710 sola
705 1668 915 1716 charitas,
944 1668 1119 1709 dicetur
1149 1669 1193 1709 in
1226 1667 1543 1721 sequentibus;
1577 1667 1647 1708 hic
1681 1668 1769 1721 pri-

279 1743 401 1771 mum
433 1731 538 1785 quid
571 1731 694 1772 nulla
725 1730 849 1772 fides.
924 1731 1009 1772 Est
1041 1731 1222 1784 quidem
1254 1730 1356 1778 illis,
1389 1730 1463 1784 qui
1488 1731 1533 1771 in
1565 1727 1770 1771 doctrina

278 1792 334 1833 de
361 1792 457 1834 sola
483 1792 583 1843 fide,
609 1793 731 1834 nulla
753 1793 890 1843 fides;
923 1793 1002 1834 sed
1029 1799 1099 1834 est
1123 1793 1245 1834 nulla
1271 1792 1382 1834 fides
1408 1792 1667 1846 spiritualis,
1692 1806 1769 1834 seu

279 1856 402 1897 nulla
434 1856 545 1898 fides
577 1856 809 1905 ecclesiae,
844 1863 915 1897 ast
952 1862 1022 1897 est
1064 1856 1174 1897 fides
1213 1852 1444 1904 naturalis,
1479 1869 1593 1910 quae
1630 1857 1768 1896 etiam

278 1919 390 1960 fides
413 1921 672 1974 persuasiva
695 1921 889 1961 dicenda
911 1927 996 1961 est.
1059 1919 1260 1961 Credunt
1284 1920 1403 1960 enim
1425 1919 1544 1973 quod
1567 1918 1768 1960 Verbum

277 1982 335 2023 sit
364 1982 591 2032 Divinum,
620 1983 810 2024 credunt
837 1984 979 2024 vitam
1006 1989 1254 2031 aeternam,
1283 1988 1330 2023 et
1357 1982 1546 2023 credunt
1572 1982 1768 2023 remissi-

277 2058 411 2085 onem
443 2052 750 2099 peccatorum‚
778 2052 824 2087 et
857 2045 985 2099 plura
1016 2045 1131 2096 alia;
1165 2045 1245 2086 sed
1278 2044 1388 2086 fides
1420 2044 1512 2094 illa,
1540 2046 1658 2099 apud
1690 2059 1768 2087 eos

277 2108 350 2161 qui
376 2108 545 2162 absque
572 2108 947 2158 charitatesunt,
976 2114 1047 2149 est
1073 2108 1184 2149 fides
1211 2108 1483 2161 persuasiva,
1511 2122 1625 2162 quae
1650 2109 1694 2149 in
1721 2123 1768 2151 se

278 2169 485 2224 speetata
511 2185 601 2212 non
634 2171 780 2212 differt
807 2185 832 2212 a
863 2170 950 2212 fide
973 2184 1119 2212 rerum
1150 2171 1408 2224 ignotarum
1440 2185 1555 2224 quae
1580 2171 1768 2213 audiun-

278 2240 350 2275 tur
375 2234 433 2275 ab
459 2234 556 2275 aliis
589 2235 632 2274 in
659 2234 843 2283 mundo,
872 2241 918 2275 et
945 2234 1188 2275 creduntur
1214 2234 1399 2274 tametsi
1426 2247 1516 2275 non
1543 2235 1665 2276 visae
1691 2241 1768 2276 aut

279 2311 370 2338 non
402 2296 680 2347 intellectae,
714 2299 794 2339 sed
832 2299 934 2351 quia
966 2296 1113 2339 dietae
1150 2312 1176 2339 a
1208 2298 1404 2352 quodam
1441 2311 1574 2352 quem
1605 2305 1768 2352 putant

278 2360 364 2402 fide
391 2362 603 2414 dignum:
637 2362 702 2402 ita
728 2367 798 2402 est
825 2360 937 2402 fides
964 2361 1075 2402 alius
1098 2362 1145 2401 'in
1172 2375 1220 2402 se
1252 2368 1298 2402 et
1325 2375 1415 2402 non
1442 2375 1546 2402 sua:
1579 2368 1626 2403 et
1658 2362 1769 2404 fides

278 2424 391 2465 alius
417 2425 462 2465 in
489 2438 550 2473 se,
579 2431 626 2466 et
653 2438 743 2465 non
769 2422 887 2465 facta
913 2438 992 2465 sua
1018 2438 1097 2478 per
1117 2425 1263 2465 visum
1285 2430 1331 2465 et
1357 2423 1653 2474 intellectum,
1678 2439 1768 2466 non

259 2487 496 2531 ,absimilis
519 2494 589 2528 est
615 2487 717 2528 fidei
744 2488 867 2528 caeci
893 2488 989 2528 nati
1015 2488 1071 2528 de
1098 2487 1322 2528 coloribus
1348 2493 1393 2528 et
1421 2486 1768 2540 aspeEtabilibus

279 2551 449 2600 mundi,
478 2552 547 2592 cui
573 2552 711 2592 etiam
745 2549 892 2592 tac‘tus
920 2551 1070 2604 gravis
1096 2557 1195 2601 est;
1229 2551 1285 2591 de
1317 2550 1475 2604 quibus
1501 2557 1768 2592 extraneam

278 2614 427 2654 ideam
450 2613 605 2663 habet,
625 2627 759 2667 quam
783 2627 917 2655 nemo
939 2614 1066 2654 novit
1089 2614 1354 2667 quamipse.
1412 2612 1539 2654 Haec
1562 2613 1671 2654 fides
1697 2621 1768 2656 est

278 2690 393 2730 quae
418 2683 607 2717 vocatur
630 2676 741 2717 fides
768 2676 998 2725 historica,
1027 2682 1073 2717 et
1101 2675 1361 2717 nullatenus
1387 2675 1498 2717 fides
1525 2677 1767 2730 spiritualis

278 2739 422 2793 qualis
454 2740 538 2780 erit
570 2739 681 2780 fides
713 2739 946 2780 ecclesiae.
1010 2739 1146 2780 Fides
1178 2738 1422 2792 spiritualis
1449 2753 1526 2780 seu
1557 2739 1667 2780 fides
1693 2752 1767 2780 ec-

278 2802 443 2844 clesiae
480 2803 624 2843 omnis
657 2809 727 2843 est
760 2816 819 2843 ex
852 2802 1091 2851 charitate,
1120 2803 1182 2843 sic
1210 2809 1258 2843 ut
1290 2802 1334 2842 in
1367 2816 1446 2842 sua
1478 2802 1676 2843 essentia
1708 2802 1766 2842 sit

278 2865 503 2916 charitas;
547 2866 685 2906 etiam
717 2879 787 2906 res
823 2865 1079 2918 spirituales
1110 2879 1224 2919 quae
1255 2865 1512 2913 creduntur,
1545 2871 1765 2918 apparent

277 2930 322 2969 in
359 2928 459 2970 luce
494 2927 582 2969 illis
622 2929 695 2982 qui
732 2929 777 2968 in
814 2928 1038 2969 charitate
1065 2935 1184 2969 sunt.
1256 2928 1333 2968 Ab
1358 2929 1642 2981 experientia
1678 2927 1764 2968 hoc

278 2991 406 3043 dic0;
439 2991 625 3045 quisque
651 2992 770 3032 enim
797 2992 869 3045 qui
895 2992 939 3031 in
965 2990 1135 3032 mundo
1159 2991 1204 3033 in
1229 2991 1453 3032 charitate
1474 2990 1603 3036 vixit,
1627 2990 1681 3030 in·
1698 2989 1764 3030 al-
