2060 3476
661 355 769 394 c'AP.
797 361 864 404 11.‚
892 362 1298 398 PRAEMISSA.—N.
1314 355 1392 411 ⁵93·
1676 354 1769 406 1107

270 478 343 504 atur
359 474 518 504 Dolirina
532 475 642 504 Novae
656 474 903 512 Isierosolymae,
919 483 950 504 n.
967 476 1116 511 241-248.
1159 474 1247 511 Quid
1268 474 1548 511 correspondentia
1567 474 1705 503 hominis
1719 483 1770 504 ec-

269 522 383 551 clesiae
398 531 472 551 cum
487 522 586 556 caelo,
601 530 667 550 non
681 522 790 560 paucis
805 522 866 551 diei
887 526 1007 560 potest:
1029 522 1087 551 sed
1100 522 1155 559 qui
1169 522 1246 566 γωῐ,
1262 522 1372 550 instrui
1394 526 1498 559 potest
1513 522 1590 558 quid
1604 522 1643 550 sit
1657 530 1696 550 ex
1711 522 1770 550 illis

269 577 353 605 quae
374 569 407 598 in
428 578 525 607 opere
547 569 599 598 De
623 569 715 598 Caelo
736 572 767 598 et
786 569 924 608 Inferna,
947 578 978 598 n.
995 571 1124 605 87-115,
1140 573 1172 597 et
1193 577 1342 606 291—310,
1365 568 1452 597 diota
1472 573 1503 597 et
1524 573 1651 597 ostensa
1670 569 1768 606 sunt.)

271 615 323 656 In
361 630 549 666 summa,
584 622 654 657 est
691 616 1095 670 correspondentia
1130 616 1313 670 quando
1349 615 1487 657 homo
1523 615 1768 670 spiritualis

269 677 412 720 factus
443 686 540 731 est;
577 686 624 721 et
656 679 796 721 homo
826 679 1070 734 spiritualis
1102 678 1152 720 fit
1183 679 1366 733 quando
1397 681 1608 733 agnoscit
1641 679 1767 721 Divi-

269 756 390 792 num,
409 750 456 784 et
478 744 522 784 in
540 744 690 797 specie
709 743 969 792 Dominum,
989 749 1035 784 et
1053 748 1178 784 amat
1195 744 1347 784 vivere
1364 743 1613 784 secundum
1636 757 1767 797 prae-

268 813 404 860 cepta
429 807 474 847 in
500 806 669 856 Verbo,
694 819 800 847 nam
825 819 927 847 cum
953 805 1040 847 hoc
1066 806 1189 855 facit,
1217 805 1506 860 conjungitur
1531 806 1687 857 caelo;
1720 813 1767 848 et

267 875 376 911 tunc
400 869 726 924 correspondet
748 869 980 924 spirituale
999 883 1100 911 cum
1123 870 1318 911 naturali
1339 870 1460 924 quod
1483 870 1602 923 apud
1625 869 1765 912 illurn.

267 932 358 974 Sed
381 935 475 975 scio
492 934 613 988 quod
635 933 748 975 haec
771 933 970 989 pluribus
987 934 1228 976 videantur
1245 940 1430 988 captum
1447 948 1608 984 eorum.
1627 949 1766 976 exce-

267 996 374 1038 dere
391 1011 400 1048 ;
424 1010 578 1038 verum
593 1011 729 1039 causa
745 1003 816 1038 est
830 998 933 1051 quia
950 1011 1041 1039 non
1058 1004 1129 1039 est
1142 997 1389 1051 jucundum
1403 998 1569 1039 amoris
1587 997 1766 1039 illorum

266 1058 344 1100 illa
369 1061 509 1111 scire;
542 1061 578 1101 si
604 1060 649 1102 id
681 1060 796 1101 foret
823 1060 1070 1113 jucundum
1101 1062 1265 1102 amoris
1297 1075 1466 1110 eorum,
1496 1075 1587 1102 non
1618 1061 1765 1102 solum

265 1121 343 1163 illa
369 1122 490 1164 clare
521 1124 820 1178 perciperent,
849 1124 929 1164 sed
961 1125 1101 1165 etiam
1127 1124 1272 1166 multo
1298 1124 1426 1179 plura
1452 1125 1765 1182 desiderarent

265 1186 405 1237 scire3
439 1186 525 1228 hoc
548 1188 668 1228 enim
695 1187 924 1228 desiderat
950 1187 1089 1229 homo
1111 1188 1232 1242 quod
1258 1195 1398 1236 amat,
1422 1195 1469 1229 et
1492 1188 1613 1242 quod
1640 1194 1765 1229 amat

264 1247 351 1290 hoc
374 1249 621 1302 jucundum
646 1250 739 1304 ejus
762 1257 859 1302 est;
893 1251 1104 1305 quicquid
1127 1252 1266 1292 etiam
1292 1258 1484 1301 amatur,
1509 1252 1596 1293 hoc
1623 1253 1765 1292 intrat

264 1325 367 1353 cum
388 1313 556 1366 gaudio
578 1320 625 1355 et
647 1313 779 1355 simul
801 1327 903 1356 cum
926 1313 1025 1356 luce
1047 1316 1092 1355 in
1115 1316 1280 1356 mentis
1303 1316 1468 1356 ideam.

349 1386 446 1429 93.
486 1376 704 1418 Scribitur
721 1377 792 1418 hic
816 1378 1007 1431 primum
1025 1378 1082 1418 ad
1101 1378 1335 1432 Angelum
1354 1379 1590 1420 Ecclesiae
1609 1379 1764 1433 Ephe-

263 1439 415 1499 sinae;
449 1445 495 1481 et
521 1454 600 1495 per
625 1440 839 1494 angelum
871 1440 988 1482 illius
1015 1441 1236 1483 ecclesiae
1262 1442 1580 1496 intelliguntur
1605 1452 1764 1484 omnes

256 1501 327 1543 -illi
353 1503 398 1543 in
419 1503 613 1544 ecclesia
634 1505 708 1558 qui
734 1505 779 1544 in
802 1505 1137 1558 cognitionibus
1160 1505 1252 1546 veri
1279 1512 1325 1547 et
1351 1506 1459 1547 boni
1484 1513 1604 1555 sunt,
1629 1507 1694 1547 ita
1719 1508 1763 1547 in

263 1567 600 1619 cognitionibus
622 1567 781 1608 talium
803 1581 918 1622 quae
944 1567 1057 1609 caeli
1083 1575 1130 1610 et
1156 1568 1391 1618 ecclesiae,
1415 1576 1462 1610 et
1489 1576 1645 1610 tamen
1671 1583 1763 1610 non

263 1635 341 1670 aut
373 1630 574 1671 nondum
605 1631 650 1671 in
675 1631 770 1672 vita
795 1631 1043 1672 secundum
1074 1631 1188 1673 illas
1251 1633 1334 1674 Per
1360 1634 1648 1686 cognitiones
1680 1634 1762 1674 has

262 1692 580 1746 intelliguntur
604 1694 822 1748 imprimis
844 1693 1137 1746 doctrinalia3
1171 1702 1242 1737 ast
1265 1696 1364 1737 sola
1389 1695 1658 1738 doctrinalia
1684 1711 1763 1739 seu

262 1754 387 1796 solae
405 1757 691 1809 cognitiones
709 1759 801 1798 veri
823 1764 870 1798 et
892 1758 998 1798 boni
1020 1772 1111 1799 non
1133 1759 1302 1800 faciunt
1325 1759 1557 1801 hominem
1580 1761 1761 1814 spiritu-

261 1818 395 1868 alem,
419 1820 500 1861 sed
526 1821 620 1861 vita
646 1812 894 1862 'secundum
919 1821 1023 1872 illa;
1056 1820 1324 1863 doctrinalia
1351 1824 1471 1864 enim
1497 1837 1576 1864 seu
1602 1825 1760 1877 cogni-

261 1882 424 1932 tiones,
440 1883 609 1938 absque
623 1885 717 1925 vita
735 1884 982 1926 secundum
999 1884 1090 1934 illa,
1105 1885 1308 1926 resident
1326 1887 1464 1927 modo
1480 1887 1525 1927 in
1544 1888 1761 1928 memoria

242 1951 307 1986 ·et
330 1945 435 1987 inde
456 1947 502 1987 in
524 1948 820 2000 cogitatione,
844 1954 890 1989 et
913 1949 1066 1989 omnia
1087 1963 1201 2002 quae
1223 1949 1283 1990 ibi
1305 1949 1452 1990 solum
1474 1950 1691 1999 resident,
1716 1952 1759 1992 in

261 2009 455 2051 naturali
482 2004 574 2063 ejus
601 2010 784 2052 homine
806 2011 1033 2052 resident:
1067 2010 1343 2066 quapiopter
1365 2012 1504 2054 homo
1527 2027 1617 2054 non
1641 2010 1760 2068 prius

260 2071 310 2113 fit
336 2073 580 2127 spiritualis
602 2088 737 2128 quam
760 2088 861 2116 cum
888 2075 952 2115 ita
973 2076 1146 2116 intrant
1169 2076 1338 2127 vitam;
1377 2082 1423 2117 et
1451 2083 1558 2118 tunc
1586 2078 1759 2119 intrant

259 2136 403 2177 vitam
419 2137 602 2190 quando
624 2137 762 2178 homo
779 2138 876 2179 vult
899 2138 976 2179 illa
993 2153 1107 2193 quae
1130 2140 1322 2192 cogitat,
1341 2146 1388 2181 et
1410 2141 1516 2182 inde
1538 2141 1644 2182 facit
1667 2138 1757 2182 illa.

261 2197 396 2252 Quod
419 2201 483 2241 ita
504 2201 577 2250 sit,
597 2202 782 2255 quisque
806 2201 950 2242 solum
974 2217 1034 2243 ex
1057 2216 1111 2243 eo
1134 2203 1247 2243 scire
1270 2210 1439 2256 potest,
1464 2204 1585 2258 quod
1608 2205 1644 2245 si
1662 2207 1759 2259 quis

260 2263 387 2304 novit
414 2277 572 2304 omnes
598 2263 724 2317 leges
750 2265 871 2306 vitae
898 2265 1080 2306 moralis
1107 2272 1153 2307 et
1180 2266 1337 2316 civilis,
1362 2273 1409 2308 et
1436 2281 1527 2308 non
1549 2269 1660 2309 vivit
1687 2282 1758 2309 se-

260 2326 456 2368 cundum
482 2327 596 2377 illas,
621 2342 759 2382 usque
786 2341 877 2369 non
903 2330 961 2369 sit
988 2329 1170 2370 moralis
1197 2336 1243 2371 et
1270 2330 1412 2371 civilis
1438 2330 1604 2382 homo;
1638 2331 1759 2385 loqui

260 2390 441 2443 quidem
455 2385 610 2444 potest
625 2391 681 2432 de
698 2391 786 2432 illis
799 2393 1014 2433 scientius
1029 2406 1163 2446 quam
1177 2393 1266 2442 alii,
1283 2394 1363 2434 sed
1381 2408 1521 2448 usque
1535 2394 1731 2448 rejicitur
1747 2409 1756 2436 ε

235 2453 406 2494 ‘simile
437 2454 576 2495 etiam
607 2461 692 2504 est,
723 2455 759 2495 si
790 2456 887 2509 quis
919 2455 1079 2496 decem
1112 2463 1357 2510 praecepta
1389 2457 1611 2511 Decalogi
1643 2459 1758 2500 sciat

261 2531 399 2571 usque
422 2523 471 2557 ut
492 2519 636 2570 possit
658 2517 888 2572 explicare
910 2525 957 2559 et
979 2518 1291 2572 intelligenter
1313 2521 1573 2573 praedicare
1595 2521 1686 2569 illa,
1711 2528 1757 2563 et

260 2587 416 2621 tamen
438 2593 529 2620 non
546 2581 657 2622 vivit
679 2581 927 2622 secundum
949 2581 1039 2622 illa.
1102 2582 1170 2623 De
1192 2582 1280 2624 illis
1297 2584 1449 2638 itaque
1472 2585 1591 2625 intra
1609 2581 1756 2626 eccle-

259 2644 374 2684 siam
399 2644 472 2697 qui
504 2644 548 2683 in
580 2645 914 2697 cognitionibus
941 2645 1099 2686 talium
1126 2659 1240 2700 quae
1268 2646 1488 2688 ecclesiae
1521 2654 1640 2697 sunt,
1669 2648 1756 2689 hoc

260 2712 345 2754 est,
364 2707 438 2760 qui
459 2707 505 2747 in
527 2707 862 2760 cognitionibus
884 2709 976 2749 veri
998 2714 1045 2749 et
1067 2708 1173 2749 boni
1195 2723 1254 2750 ex
1278 2709 1433 2751 Verbo
1456 2717 1576 2760 sunt,
1596 2718 1642 2752 et
1666 2725 1757 2752 non

259 2775 338 2810 aut
364 2769 566 2810 nondum
596 2771 642 2810 in
666 2771 762 2811 vita
791 2771 1039 2819 secundum
1064 2771 1156 2822 illa,
1183 2774 1334 2826 agitur
1358 2773 1429 2814 hic
1457 2775 1675 2828 primum,
1709 2781 1756 2816 et

260 2832 323 2873 illi
346 2832 660 2874 describuntur
685 2847 763 2887 per
784 2848 838 2875 ea
858 2848 972 2888 quae
997 2836 1167 2889 scripta
1192 2843 1297 2877 sunt
1320 2837 1377 2877 ad
1405 2836 1639 2891 Angelum
1665 2838 1756 2880 Ec-

261 2895 426 2937 clesiae
449 2895 722 2949 Ephesinae.
