2060 3476
595 381 703 414 cAP.
726 381 786 424 v.‚
810 381 950 415 VERS.
980 384 1151 427 14.—N.
1176 376 1344 431 349[a].
1677 380 1729 433 65
1739 389 1758 433 5

261 509 321 537 ex
346 495 476 538 caelo
506 496 680 538 intimo.
712 495 878 554 ,Quod
909 497 986 539 illa
1017 512 1133 552 quae
1158 499 1379 542 hactenus
1412 500 1533 543 dicta
1565 510 1670 544 sunt
1703 503 1761 544 ab

260 558 436 612 angelis
458 560 592 600 trium
615 559 844 603 caelorum
870 560 1139 603 confirmata
1162 563 1253 604 sint
1276 577 1303 605 a
1326 564 1540 614 Domino,
1558 572 1628 607 est
1656 567 1762 620 quia

259 622 412 663 omnia
443 636 557 676 quae
588 623 819 673 dixerunt,
848 637 939 665 non
971 625 1029 666 ab
1059 626 1167 679 ipsis
1194 627 1274 667 sed
1306 641 1333 668 a
1365 628 1566 670 Domino
1598 635 1757 671 erant:

267 698 364 733 erat
401 693 519 733 enim
556 691 729 745 agnitio
770 691 912 744 Ipsius
950 691 1099 731 Divini
1138 691 1183 731 in
1225 690 1451 740 Humano,
1490 691 1759 744 glorificatio

268 762 520 810 propterea,
547 762 594 796 et
620 754 865 808 gratiarum
891 752 1010 795 actio
1031 754 1151 807 quod
1176 767 1310 795 omne
1341 754 1507 794 bonum
1532 762 1578 796 et
1604 768 1758 795 verum

267 825 314 859 et
345 819 449 860 inde
481 819 624 859 omnis
656 818 876 871 sapientia
907 823 954 858 et
985 817 1288 870 intelligentia
1311 818 1368 858 sit
1395 818 1452 858 ab
1483 818 1615 871 Ipso;
1647 818 1757 859 haec

269 882 523 923 nondicere
546 887 788 934 potuerunt
810 880 961 934 angeli
983 894 1009 921 a
1030 894 1093 929 se,
1111 880 1191 921 sed
1212 894 1239 920 a
1261 880 1459 936 Domino
1480 895 1558 934 per
1574 882 1759 922 interius

267 943 493 985 dictamen
530 958 607 985 seu
644 944 890 994 influxum;
933 942 1083 996 angeli
1120 944 1253 992 enim,
1293 944 1408 984 sicut
1445 944 1663 992 homines,
1702 958 1759 985 ne

266 1007 444 1060 quidem
460 1008 690 1048 nominare
708 1013 895 1060 possunt
911 1007 1154 1048 Dominum
1173 1021 1198 1047 a
1215 1021 1276 1055 se,
1293 1007 1479 1060 proinde
1495 1020 1575 1048 nec
1590 1021 1758 1060 agnos-

266 1083 366 1111 cere
397 1076 443 1111 et
475 1070 725 1123 glorificare
758 1071 907 1123 Ipsum
940 1084 966 1111 a
997 1084 1070 1121 se;
1102 1070 1206 1111 inde
1232 1076 1315 1119 est,
1343 1070 1462 1123 quod
1494 1084 1607 1124 quae
1639 1069 1760 1112 dicta

266 1139 369 1174 sunt
400 1133 587 1182 abillis,
616 1133 881 1174 confirmata
912 1134 1000 1174 sint
1031 1147 1058 1174 a
1090 1133 1287 1174 Domino
1318 1147 1396 1186 per
1429 1133 1650 1182 “Amenss’
1681 1147 1760 1187 per

265 1196 384 1249 quod
422 1195 697 1249 significatur
733 1197 899 1237 veritas
937 1196 1053 1245 fidei,
1091 1202 1137 1238 et
1174 1197 1269 1250 ipsa
1305 1196 1427 1237 fides.
1503 1195 1758 1237 Secundum

265 1257 467 1298 ordinem
494 1258 706 1299 Divinum
733 1259 870 1300 etiam
898 1266 967 1300 est
995 1259 1115 1314 quod
1147 1259 1367 1300 Dominus
1394 1259 1628 1300 confirmet
1654 1273 1760 1301 vera

264 1313 378 1374 quae
400 1321 588 1375 angelus
614 1328 660 1363 et
686 1323 822 1363 homo
849 1322 1044 1376 loquitur
1064 1323 1178 1364 sicut
1201 1337 1260 1364 ex
1287 1336 1348 1371 se,
1373 1323 1556 1364 tametsi
1582 1336 1672 1363 non
1699 1337 1759 1364 ex

264 1397 338 1434 se;
371 1385 452 1438 sed·
476 1384 713 1426 confirmat
745 1385 821 1426 illa
852 1386 895 1426 in
927 1386 1062 1427 corde
1094 1385 1186 1439 ejus
1217 1399 1296 1439 per
1320 1385 1635 1426 affirmativum
1667 1399 1758 1426 non

264 1447 500 1488 manifeste
526 1448 776 1489 ascendens
805 1449 847 1488 in
875 1448 966 1501 ejus
993 1449 1336 1502 cogitationem,
1363 1449 1441 1489 sed
1474 1463 1552 1502 per
1577 1448 1758 1502 plenam

264 1511 642 1563 acquiescentiam
674 1511 809 1551 animi
846 1512 1168 1564 procedentem
1205 1525 1264 1553 ex
1296 1510 1532 1553 affectione
1567 1513 1757 1561 interna,

264 1586 377 1626 quae
409 1579 479 1613 est
511 1587 570 1614 ex
602 1586 712 1626 pace
744 1580 790 1614 et
822 1574 914 1626 ejus
942 1574 1151 1627 jucundo.
1215 1574 1341 1615 Haec
1374 1574 1656 1616 confirmatio
1687 1581 1758 1616 est

263 1649 376 1689 quae
402 1649 480 1689 per
505 1635 620 1676 hanc
648 1637 948 1686 manifestam,
972 1651 998 1678 a
1022 1638 1231 1691 Johanne
1256 1638 1471 1687 auditam,
1496 1639 1539 1678 in
1562 1638 1759 1692 genuino

264 1712 396 1739 sensu
421 1700 599 1740 interno
625 1700 908 1753 intelligitur.

341 1769 561 1824 349[a].
606 1770 692 1810 “ft
721 1770 859 1824 viginti
883 1775 1059 1825 quatuor·
1085 1772 1273 1813 seniores
1296 1772 1567 1825 procidet-unt
1592 1775 1637 1813 et
1662 1772 1759 1813 ado-

262 1833 461 1869 ravel-um*
489 1830 684 1870 mentem
713 1830 753 1870 Ῐη
785 1832 959 1872 saecula
991 1831 1491 1885 saeculorum.''—-—Quod
1530 1832 1757 1885 significet

264 1890 609 1932 humiliationem
633 1899 676 1933 et
703 1892 970 1945 agnitionem
999 1907 1056 1933 ex
1083 1894 1212 1934 corde
1235 1894 1425 1934 omnium
1455 1893 1535 1947 qui
1560 1894 1605 1934 in
1636 1894 1757 1935 veris

263 1967 319 1993 ex
348 1954 454 1994 bono
483 1961 599 2004 sunt,
633 1956 752 2008 quod
775 1955 992 1997 Dominus
1022 1956 1142 1997 solus
1173 1957 1312 2010 vivat,
1346 1963 1389 1997 et
1422 1957 1542 2010 quod
1566 1957 1621 1998 ab
1652 1957 1758 2010 Ipso

263 2016 353 2057 solo
388 2017 450 2058 sit
485 2017 581 2058 vita
617 2021 810 2068 aeterna,
854 2026 1039 2061 constat
1082 2034 1141 2061 ex
1183 2020 1515 2073 significatione
1558 2021 1757 2074 “viginti

262 2086 455 2134 quatuor
491 2081 756 2130 seniorum,'’
782 2082 903 2135 quod
929 2083 1018 2124 sint
1046 2096 1204 2124 omnes
1231 2084 1303 2144 qui
1335 2084 1379 2124 in
1405 2084 1520 2124 veris
1549 2098 1610 2125 ex
1635 2084 1758 2126 bono

262 2149 369 2183 sunt
396 2142 472 2196 (de
494 2158 581 2197 qua
603 2157 749 2197 supra,
774 2158 815 2185 n.
842 2142 977 2199 [¹¹270)
998 2160 1007 2196 ;
1040 2159 1099 2186 ex
1123 2146 1456 2199 significatione
1482 2147 1757 2200 “procidere

262 2213 308 2247 et
345 2207 573 2256 adorare,”
609 2207 729 2261 quod
771 2208 829 2248 sit
870 2207 1124 2250 humiliatio
1161 2215 1208 2250 et
1245 2210 1419 2262 agnitio
1457 2210 1592 2251 corde
1636 2211 1757 2264 quod

262 2282 396 2310 omne
427 2269 596 2310 bonum
628 2276 674 2311 et
707 2284 878 2320 verum,
912 2285 1026 2325 quae
1058 2272 1199 2312 vitam
1231 2273 1275 2312 in
1308 2286 1356 2313 se
1387 2272 1575 2322 habent,
1609 2274 1699 2314 sint
1731 2288 1757 2314 a

263 2333 460 2373 Domino
489 2331 565 2385 (de
597 2327 693 2386 qua*
717 2334 855 2374 etiam
883 2348 1029 2388 supra,
1058 2349 1099 2376 n.
1126 2346 1222 2388 290,
1250 2334 1382 2389 291);
1416 2342 1462 2376 et
1494 2350 1553 2376 ex
1586 2336 1756 2389 signifi-

261 2396 442 2436 catione
471 2395 759 2445 “Viventis,”
787 2410 888 2437 cum
915 2398 971 2439 de
998 2398 1211 2447 Domino,
1240 2398 1360 2452 quod
1393 2399 1450 2439 sit
1483 2399 1601 2452 quod
1634 2399 1756 2440 solus

261 2459 400 2506 vivat,
420 2464 466 2499 et
484 2459 604 2512 quod
627 2473 686 2499 ex
710 2459 815 2512 Ipso
837 2461 895 2500 sit
914 2461 1008 2501 vita
1030 2467 1217 2502 aeterna
1239 2460 1315 2514 (de
1337 2475 1424 2515 qua
1446 2463 1584 2502 etiam
1608 2476 1754 2515 supra,

262 2535 302 2561 n.
342 2522 408 2569 82,
437 2522 504 2572 84,
549 2521 705 2575 186[c],
745 2524 840 2575 289,
878 2522 995 2577 291).
1067 2523 1293 2577 Quoniam
1331 2523 1466 2565 hodie
1503 2525 1548 2565 in
1586 2526 1755 2567 mundo

261 2584 458 2625 creditur
484 2585 604 2637 quod
630 2586 738 2633 vita,
767 2599 881 2639 quae
908 2592 979 2627 est
1006 2587 1178 2640 cuique,
1207 2588 1265 2627 sit
1298 2587 1407 2627 data
1439 2601 1489 2628 ac
1522 2588 1680 2637 indita,
1708 2596 1754 2631 et

261 2648 322 2687 sic
351 2648 543 2700 propria,
571 2653 617 2688 et
643 2647 763 2701 quod
791 2661 881 2689 non
907 2649 1062 2690 influat
1090 2650 1318 2698 continue,
1342 2650 1478 2691 velim
1504 2650 1671 2704 aliquid
1699 2652 1755 2692 de

260 2724 314 2751 eo
340 2710 488 2750 dicere
505 2709 711 2763 :—-—Quod
742 2711 953 2752 credatur
975 2712 1095 2766 quod
1121 2713 1215 2753 vita
1247 2714 1304 2753 sit
1337 2714 1380 2753 in
1408 2713 1604 2763 homine,
1638 2714 1755 2755 adeo

260 2779 308 2814 ut
336 2773 393 2813 sit
420 2772 630 2822 hominis,
663 2779 734 2814 est
762 2774 901 2815 modo
933 2776 1200 2828 apparentia
1231 2776 1418 2816 oriunda
1450 2790 1509 2816 ex
1536 2783 1754 2829 perpetua

261 2836 519 2889 praesentia
546 2835 743 2885 Domini,
772 2843 818 2877 et
845 2851 904 2877 ex
932 2837 1077 2891 Ipsius
1104 2837 1270 2879 Divino
1296 2838 1469 2879 Amore
1496 2839 1616 2892 quod
1642 2839 1753 2880 velit

260 2897 472 2951 conjungi
510 2897 695 2947 homini,
729 2905 774 2940 et
807 2913 907 2962 esse
938 2900 983 2940 in
1019 2899 1112 2949 illo,
1145 2907 1191 2942 et
1228 2901 1335 2942 dare
1366 2902 1406 2942 ei
1438 2915 1563 2942 suam
1594 2902 1756 2955 vitam,

259 2960 365 3001 talis
396 2962 515 3002 enim
547 2968 617 3002 est
651 2962 839 3003 Divinus
871 2962 1043 3014 Amor;
1076 2969 1123 3004 et
1154 2965 1256 3018 quia
1287 2964 1373 3005 hoc
1406 2971 1672 3018 perpetuum
1705 2971 1754 3006 et

259 3024 523 3065 continuum
555 3031 639 3074 est,
668 3031 799 3078 putat
831 3025 969 3067 homo
1000 3026 1120 3080 quod
1145 3028 1240 3068 vita
1266 3027 1371 3069 insit
1403 3028 1443 3068 ei
1475 3034 1522 3069 ut
1555 3028 1746 3082 propria.
