2060 3476
285 344 338 386 62
698 353 1031 386 APOCALYPSIS
1063 345 1363 387 EXPLICATA.

285 464 554 518 intelligitur
572 466 695 507 z—In
721 466 1007 522 Apocalypsi,

354 562 375 575 “
390 561 599 645 Removzbo
617 554 869 594 candelabrum
883 567 982 594 tuum
996 572 1015 594 e
1032 562 1112 595 loco
1129 572 1207 602 suo,
1223 563 1254 596 si
1271 573 1344 595 non
1357 564 1473 605 egetis
1488 564 1744 606 paenitentiam
1755 563 1774 578 ”

474 615 507 636 u.
526 613 542 643 5
571 614 578 643 ς

287 702 555 741 “removere
578 700 930 742 candelabrum’'
951 708 1022 743 est
1044 701 1214 744 auferre
1236 702 1412 744 caelum
1435 709 1512 744 aut
1535 703 1774 744 ecclesiam

285 763 342 803 ab
368 762 467 804 illis.
530 763 668 817 Apud
697 764 996 806 Samariam.-

350 859 511 900 Angelus
536 860 624 892 dixit
647 861 693 893 ad
718 861 945 902 Prophetam,
970 862 1097 904 “Quid
1120 867 1159 894 tu
1182 862 1306 895 vides?
1329 862 1394 894 Cui
1418 862 1501 901 dixi,
1521 862 1615 901 Vidi,
1635 868 1672 895 et
1694 873 1776 895 ecce

457 904 709 936 candelabrum
727 905 802 936 auri
827 912 952 944 toturn,
972 906 1133 947 lecythus
1151 906 1228 947 ejus
1246 916 1353 946 super
1369 906 1485 946 capite
1509 906 1599 947 ejus,
1620 912 1777 947 septem-

459 958 526 989 que
544 948 708 980 lucernae
725 948 803 989 ejus
820 959 927 990 super
940 959 994 988 eo,
1011 956 1162 990 septena
1178 950 1403 982 infundibula
1420 950 1605 982 lueernis”
1616 950 1677 991 (iv.
1696 948 1774 990 1¹12).

286 1041 454 1095 Agitur
484 1042 543 1083 ibi
575 1043 631 1084 de
663 1042 950 1093 Serubabele,
979 1045 1052 1098 qui
1083 1044 1348 1086 fundaturus
1379 1044 1563 1086 domum
1596 1044 1694 1094 Dei,
1728 1050 1775 1086 et

285 1103 557 1158 perfecturus
607 1106 758 1158 illam3
814 1121 892 1161 per
941 1121 1074 1162 quem
1123 1114 1492 1162 repraesentatur
1537 1107 1773 1157 Dominus,

285 1168 404 1222 quod
431 1176 646 1210 venturus
672 1176 717 1211 et
745 1176 1076 1212 restauraturus
1103 1170 1278 1212 caelum
1305 1177 1350 1212 et
1378 1170 1632 1220 ecclesiam,
1660 1185 1775 1224 quae

285 1238 390 1273 sunt
436 1232 835 1282 “candelabrum,”
875 1240 922 1275 et
966 1232 1123 1275 saneta
1153 1245 1273 1275 'vera
1313 1234 1372 1276 ibi
1413 1240 1517 1275 sunt
1561 1238 1775 1288 “septem

286 1296 532 1338 lucernae.”
594 1296 711 1350 Quia
751 1297 1072 1339 candelabrum
1104 1298 1244 1340 trahit
1276 1299 1713 1352 repraesentativum
1749 1312 1776 1338 a

286 1359 492 1409 lucernis,
526 1366 572 1401 et
604 1360 812 1402 lucernae
844 1375 904 1402 ex
937 1360 1049 1410 luce,
1078 1375 1191 1415 quae
1222 1362 1267 1402 in
1299 1360 1427 1402 caelo
1459 1367 1529 1402 est
1562 1353 1776 1401 Divinum

286 1422 471 1472 Verum,
499 1423 601 1464 ideo
629 1423 849 1464 Dominus
875 1437 1051 1478 quoque
1081 1421 1307 1478 [vocatur]
1335 1424 1579 1465 “Lucerna
1595 1423 1629 1475 ;''
1656 1429 1704 1464 ut
1731 1423 1776 1464 in

285 1484 564 1539 Apocalypsi
577 1501 594 1527 .·

351 1579 483 1614 Sancsta
508 1582 762 1623 Hierosolyma
782 1583 888 1614 “non
913 1592 1004 1623 opus
1027 1583 1135 1615 habet
1159 1582 1235 1614 sole
1259 1592 1375 1624 neque
1398 1582 1494 1621 luna,
1514 1588 1553 1614 ut
1577 1583 1721 1614 luceant
1738 1582 1774 1614 in

459 1636 502 1658 ea
515 1635 522 1664 ;
544 1626 659 1677 glo-ria
672 1626 738 1710 {Dei
753 1624 978 1658 [²]illustravit
991 1636 1081 1665 eam,
1096 1633 1131 1658 et
1145 1626 1306 1658 Lucerna
1319 1626 1396 1667 ejus
1410 1626 1537 1667 Agnus
1549 1625 1567 1639 ''
1578 1626 1663 1667 (xxi.
1678 1623 1754 1666 [⁸123
1769 1635 1777 1665 ;

459 1679 534 1710 cap.
551 1680 635 1702 xxn.
654 1678 669 1709 5
690 1695 696 1702 .
1776 1691 1778 1694 .

286 1757 398 1798 Inde
424 1758 563 1798 etiam
589 1764 659 1799 est
685 1758 806 1812 quod
838 1757 986 1799 David
1012 1764 1059 1799 et
1090 1770 1222 1812 reges
1252 1764 1357 1812 post
1388 1757 1514 1799 illum
1545 1755 1653 1799 diffl
1682 1757 1776 1799 fue-

285 1822 375 1862 rint

354 1911 376 1924 ‘¹
389 1909 568 1960 Lucernae
591 1909 762 1994 {sraeliffi
780 1908 812 1951 (2
833 1910 924 1943 Sam.
941 1910 1011 1942 xxi.
1031 1917 1090 1950 17:
1127 1918 1142 1942 1
1160 1910 1241 1952 Reg.
1258 1910 1304 1943 xi.
1322 1910 1386 1950 36:
1417 1919 1493 1951 cap.
1509 1919 1567 1943 xv.
1582 1918 1624 1950 4:
1658 1917 1677 1942 2
1693 1909 1774 1951 Reg.

461 1963 533 1986 viu.
553 1962 592 1994 19
619 1963 626 1993 ;

212 2072 223 2084 ·
287 2062 364 2102 per
402 2048 624 2090 Davidem
661 2049 780 2090 enim
816 2049 1244 2103 repraesentabatur
1275 2049 1496 2090 Dominus
1527 2048 1675 2103 quoad
1706 2062 1776 2090 re·

287 2113 423 2165 gium‚
459 2111 664 2153 similiter
704 2126 782 2166 per
822 2126 953 2166 reges
991 2112 1194 2165 Jehudae
1235 2119 1282 2154 et
1324 2112 1516 2160 Israelis.
1590 2122 1702 2161 (Quod
1722 2130 1779 2160 per

289 2175 455 2208 Davidem,
472 2174 615 2203 videatur
631 2175 662 2203 in
677 2175 817 2204 Arcanis
835 2175 1030 2209 Caelestibus,
1046 2184 1077 2204 n.
1095 2177 1181 2210 1888,
1197 2182 1292 2213 9954;
1322 2179 1354 2204 et
1374 2175 1462 2212 quod
1482 2184 1540 2213 per
1559 2183 1658 2212 reges,
1673 2182 1778 2212 supra,

287 2241 319 2262 n.
341 2233 420 2274 31.)
500 2221 634 2275 Quod
666 2222 939 2263 candelabra
970 2229 1123 2263 essent
1153 2222 1364 2271 “aurea,'‘
1391 2236 1504 2276 quae
1530 2223 1626 2263 visa
1656 2227 1776 2270 sunt,

287 2291 383 2325 erat
407 2298 542 2325 causa
563 2286 666 2338 quia
686 2285 909 2326 “aurum'’
936 2285 1159 2338 significat
1181 2285 1349 2326 bonum
1371 2285 1549 2334 amoris,
1574 2291 1620 2326 et
1644 2298 1778 2326 omne

287 2347 405 2401 quod
430 2348 634 2401 procedit
658 2362 682 2388 a
701 2347 898 2388 Domino
916 2354 986 2389 est
1009 2361 1068 2389 ex
1087 2348 1252 2388 Divino
1270 2347 1442 2388 Amore
1461 2362 1470 2398 ;
1503 2355 1780 2402 quapropter

289 2411 501 2451 Divinum
528 2411 711 2451 Domini
736 2412 781 2451 in
803 2411 939 2452 caelis
962 2417 1031 2452 est
1054 2424 1180 2452 amor
1201 2412 1246 2451 in
1273 2411 1426 2464 Ipsum
1449 2417 1495 2452 et
1522 2425 1648 2452 amor
1670 2425 1780 2465 erga

288 2474 544 2527 pl‘OXimum
570 2487 644 2527 qm
675 2479 744 2514 est
775 2473 972 2514 CharitaS
999 2483 1157 2522 (videatur
1177 2483 1210 2512 in
1231 2493 1327 2521 opere
1349 2484 1400 2513 De
1425 2484 1516 2513 Caelo
1537 2487 1568 2513 et
1587 2484 1725 2523 Inferna,
1747 2493 1779 2515 n.

290 2548 426 2584 13-19):
461 2535 572 2576 haec
595 2549 730 2576 causa
752 2542 821 2577 est
845 2537 964 2590 quod
984 2535 1384 2585 “candelabrum,”
1402 2542 1448 2577 et
1471 2549 1648 2590 quoque
1670 2549 1778 2577 can-

288 2598 521 2639 delabrum
547 2600 591 2639 in
619 2599 946 2648 Tabernaeulo,
974 2605 1095 2640 esset
1121 2613 1181 2639 ex
1207 2612 1328 2639 auro.

368 2667 464 2719 63.
506 2659 617 2719 [Vss’rs.
639 2676 708 2719 13.]
741 2667 825 2707 “ft
851 2667 891 2706 in
918 2667 1047 2707 medio
1069 2670 1224 2719 septem
1248 2666 1584 2707 candelabrorum
1612 2667 1780 2708 similem
1824 2671 1835 2694 ‘-

289 2726 386 2766 filio
419 2726 794 2780 hominis.—Quod
825 2727 1048 2780 significet
1077 2726 1318 2767 Dominum
1347 2740 1375 2767 a
1408 2741 1492 2780 quo
1519 2741 1643 2768 omne
1668 2727 1782 2768 caeli

287 2794 331 2828 et
349 2788 560 2838 ecclesiae,
589 2795 772 2830 constat
800 2802 859 2829 ex
886 2787 1216 2842 significatione
1245 2789 1326 2828 “in
1358 2787 1547 2837 medio,''
1569 2788 1688 2842 quod
1719 2789 1777 2829 sit

288 2852 332 2891 in
355 2851 516 2892 intimo
540 2861 594 2898 (de
609 2870 673 2898 qua
686 2871 717 2891 n.
735 2870 822 2899 1074,
836 2871 924 2900 2940,
937 2862 1030 2899 2973)
1047 2864 1056 2903 3
1090 2857 1136 2891 et
1154 2851 1256 2904 quia
1273 2865 1332 2891 ex
1350 2851 1510 2891 intimo
1527 2850 1778 2904 procedunt

289 2915 440 2955 omnia
465 2915 580 2955 sicut
607 2913 687 2954 lux
713 2928 736 2955 e
763 2920 921 2955 centro
946 2915 990 2954 in
1019 2913 1307 2967 peripherias,
1335 2914 1437 2954 ideo
1468 2927 1547 2967 per
1574 2914 1656 2954 “in
1682 2926 1777 2953 me-

289 2976 394 3017 dio''
420 2976 697 3030 significatur
722 2991 747 3017 a
773 2990 887 3030 quo;
920 2990 979 3018 ex
1006 2975 1334 3029 significatione
1364 2980 1579 3030 “septem
1610 2976 1777 3017 cande-
