2060 3476
286 326 386 378 246-
700 334 1033 368 APOCALYPSIS
1065 335 1364 369 EXPLICATA.

283 449 519 490 manifeste
541 454 728 502 apparet
751 448 869 502 apud
892 448 992 489 illos
1015 448 1134 502 apud
1156 463 1268 503 quos
1291 455 1485 491 externa
1506 449 1582 491 illa
1598 450 1777 492 vincula

282 511 432 553 soluta
463 518 598 562 sunt;
641 518 690 552 ut
722 511 771 553 fit
803 511 921 565 apud
953 511 1055 552 illos
1086 512 1202 553 tales
1235 525 1337 553 cum
1369 526 1428 553 ex
1467 512 1642 566 legibus
1668 512 1775 566 juris

282 582 423 629 agunt
451 582 611 616 contra
636 575 796 624 socios,
824 575 944 630 quod
971 575 1079 616 nihil
1105 575 1204 629 plus
1231 581 1396 616 aveant
1423 590 1556 630 quam
1578 575 1648 629 jus
1675 590 1774 631 per-

282 646 473 687 vertere,
494 645 540 679 et
562 653 783 693 aucupare
806 639 1004 679 favorem
1022 638 1198 691 judicis,
1236 644 1313 679 aut
1346 640 1541 692 gratiam
1574 640 1705 692 regis,
1729 646 1775 680 et

282 701 366 742 hoc
399 702 442 742 in
475 701 670 749 occulto,
702 708 750 743 ut
779 700 890 741 alios
921 701 1051 741 bonis
1082 702 1171 741 suis
1212 701 1476 754 deprivent3
1521 702 1641 756 quod
1674 716 1775 744 cum

282 765 504 812 obtinent,
547 765 683 804 etiam
730 764 931 816 gaudent
972 765 1128 817 spiritu
1173 770 1219 805 et
1260 764 1396 805 corde
1436 778 1529 806 suo.
1609 765 1774 807 Adhuc

282 827 559 869 manifestius
599 834 787 880 apparet
828 827 946 880 apud
982 841 1114 880 reges
1154 828 1228 881 qui
1269 827 1508 875 honorem„
1524 835 1698 882 ponunt
1730 830 1774 870 in

282 891 411 932 bellis
435 897 480 932 et
503 889 713 938 victoriis,
737 890 857 944 quod
881 903 1103 931 summum
1127 890 1275 931 cordis
1299 904 1452 932 eorum
1475 892 1688 945 gaudium
1716 893 1774 934 sit

282 954 519 1007 subjugare
551 955 802 1008 provincias
835 959 881 994 et
914 967 1082 1006 regna;
1125 960 1172 994 et
1203 954 1277 995 ubi
1308 955 1547 1004 resistitur,
1582 955 1774 1009 spoliare

281 1018 486 1058 subditos
518 1018 725 1058 omnibus
758 1029 910 1057 eorum
943 1017 1086 1065 bonis,
1119 1023 1166 1058 et
1197 1031 1374 1071 quoque
1398 1018 1518 1068 vita;
1562 1019 1681 1072 quod
1708 1018 1775 1072 ju-

282 1080 477 1121 cundum
504 1082 641 1122 etiam
668 1086 737 1121 est
769 1079 967 1133 pluribus
993 1086 1100 1121 tunc
1133 1081 1206 1134 qui
1232 1081 1438 1122 militiam
1464 1082 1659 1123 obeunt:
1693 1082 1772 1123 ad-

281 1144 366 1184 huc
399 1144 677 1184 manifestius
713 1143 757 1184 id
794 1149 981 1196 apparet
1017 1143 1135 1196 apud
1172 1157 1329 1185 omnes
1367 1145 1483 1186 tales
1521 1159 1621 1186 cum
1662 1145 1773 1187 fiunt

281 1207 474 1260 spiritus,
494 1206 614 1260 quod
638 1206 686 1247 fit
709 1207 865 1247 statim
888 1213 992 1260 post
1015 1213 1207 1248 mortem
1231 1209 1429 1261 corporis
1452 1222 1605 1249 eorum
1624 1223 1633 1260 ;
1667 1215 1773 1250 tunc

282 1271 384 1324 quia
409 1284 468 1311 ex
496 1284 575 1311 suo
598 1271 754 1323 spiritu
781 1270 988 1323 cogitant
1011 1276 1057 1311 et
1082 1277 1238 1323 agunt,
1262 1277 1396 1312 ruunt
1422 1272 1465 1312 in
1489 1285 1622 1313 omne
1650 1272 1774 1313 nefas

281 1333 527 1375 secundum
553 1346 752 1374 amorem
779 1346 920 1382 suum,
948 1339 1174 1387 utcunque
1199 1334 1243 1374 in
1269 1334 1437 1375 mundo
1463 1335 1681 1376 moralem
1708 1336 1773 1376 vi-

279 1404 374 1438 tam
419 1396 476 1438 ad
517 1397 828 1450 apparentiam
868 1403 1072 1450 egerunt.
1149 1396 1240 1438 Ast
1282 1398 1377 1438 vita
1421 1398 1663 1451 spiritualis
1703 1405 1774 1440 est

280 1474 459 1514 prorsus
485 1460 585 1509 alia,
613 1461 715 1513 quia
746 1466 816 1501 est
842 1473 901 1500 ex
927 1459 1014 1500 alia
1045 1460 1243 1512 origine;
1276 1467 1346 1501 est
1379 1462 1497 1501 enim
1530 1475 1589 1502 ex
1621 1475 1774 1503 amore

279 1525 323 1564 in
349 1524 493 1565 Deum
520 1530 566 1564 et
592 1537 652 1564 ex
676 1537 828 1564 amore
854 1536 962 1576 erga
988 1524 1270 1576 proximum;
1303 1530 1349 1564 et
1373 1523 1477 1564 inde
1503 1529 1572 1564 est
1599 1537 1774 1577 quoque

282 1589 376 1628 vita
401 1600 554 1628 eorum
582 1586 764 1628 moralis
790 1586 891 1635 alia,
919 1593 1078 1640 estque
1100 1600 1204 1627 vere
1226 1587 1320 1627 vita
1343 1586 1550 1628 moralis:
1584 1586 1629 1627 hi
1656 1587 1774 1628 enim

285 1664 385 1691 cum
409 1651 452 1691 in
476 1651 632 1704 spiritu
651 1664 730 1691 suo
753 1651 974 1703 cogitant,
995 1649 1114 1703 quod
1137 1649 1186 1690 fit
1210 1663 1311 1690 cum
1335 1650 1378 1690 in
1402 1649 1583 1691 occulto
1605 1663 1772 1699 secum,

280 1727 369 1754 non
402 1715 609 1766 cogitant
641 1727 699 1754 ex
733 1727 781 1754 se
812 1719 859 1754 et
892 1713 1074 1762 mundo,
1108 1712 1187 1754 sed
1220 1727 1280 1754 ex
1313 1713 1510 1754 Domino
1541 1719 1588 1754 et
1619 1712 1772 1764 caelo;

279 1778 493 1818 interiora
519 1778 637 1818 enim
670 1790 783 1831 quae
810 1789 963 1817 eorum
990 1777 1155 1817 mentis
1181 1782 1299 1826 sunt,
1327 1776 1412 1818 hoc
1445 1782 1529 1826 est,
1556 1790 1671 1830 quae
1696 1780 1779 1818 e0-'

274 1854 374 1882 rum
407 1841 698 1894 cogitationis
730 1846 776 1881 et
802 1839 1066 1888 voluntatis,
1093 1837 1330 1880 actualiter
1360 1839 1596 1881 elevantur
1620 1854 1646 1880 a
1677 1839 1772 1882 Do-

279 1905 405 1946 mino
443 1905 487 1944 in
520 1903 710 1953 caelum,
745 1910 791 1944 et
829 1903 888 1944 ibi
923 1902 1257 1956 conjunguntur
1289 1903 1406 1956 Ipsi;
1448 1904 1513 1944 ita
1553 1903 1772 1944 Dominus

279 1967 420 2008 influit
452 1968 495 2007 in
523 1980 677 2008 eorum
705 1967 1024 2020 cogitationes,
1052 1967 1328 2007 intentiones
1356 1972 1406 2007 ‚et
1438 1966 1564 2015 fines,
1591 1972 1638 2007 et
1669 1966 1772 2007 illos

277 2031 408 2083 regit,
429 2037 474 2071 et
498 2030 682 2071 abducit
700 2044 725 2070 a
743 2030 922 2083 proprio
940 2029 1118 2070 illorum
1141 2029 1262 2082 quod
1287 2030 1415 2070 unice
1438 2036 1507 2070 est
1535 2043 1594 2070 ex
1618 2043 1771 2070 amore

278 2094 344 2134 sui
366 2100 411 2134 et
434 2093 601 2134 mundi.
664 2093 738 2142 Hi,
758 2093 815 2134 ad
838 2093 1162 2146 apparentiam,
1182 2092 1372 2133 similem
1395 2092 1611 2133 moralem
1630 2094 1780 2134 vitam¹

278 2164 420 2210 agunt
443 2170 544 2198 cum
567 2156 654 2197 illis
677 2157 733 2197 de
758 2157 914 2210 quibus
938 2169 1070 2209 supra
1096 2154 1264 2197 dictum
1287 2162 1384 2206 est;
1417 2156 1496 2196 sed
1519 2170 1657 2209 usque
1679 2157 1772 2197 vita

278 2234 431 2261 eorum
455 2220 636 2261 moralis
658 2226 728 2261 est
751 2219 1006 2273 spiritualis,
1027 2233 1131 2260 nam
1154 2225 1224 2260 est
1248 2233 1306 2260 ex
1329 2219 1548 2272 spirituali
1571 2220 1770 2272 origine;

279 2284 460 2326 moralis
483 2291 636 2325 eorum
658 2284 753 2324 vita
775 2289 843 2324 est
870 2283 1007 2323 modo
1029 2281 1211 2324 effectus
1233 2284 1353 2324 vitae
1379 2282 1633 2336 spiritualis,
1658 2296 1771 2336 quae

278 2354 348 2389 est
375 2361 509 2388 causa
535 2346 747 2396 efficiens,
775 2347 839 2387 ita
864 2347 1018 2399 origo;
1051 2353 1193 2399 agunt
1220 2347 1338 2387 enim
1365 2346 1494 2395 bene,
1521 2347 1693 2386 sincere
1724 2352 1771 2387 et

272 2410 393 2464 juste
420 2424 521 2451 cum
553 2411 684 2451 sociis
716 2424 775 2450 ex
808 2410 970 2450 timore
1003 2409 1088 2450 Dei
1120 2416 1166 2450 et
1198 2423 1257 2450 ex
1289 2423 1442 2450 amore
1474 2410 1694 2463 proximi;
1727 2409 1770 2450 in

277 2475 345 2516 his
369 2474 589 2515 Dominus
612 2479 738 2514 tenet
762 2479 964 2513 mentem
990 2479 1036 2513 et
1062 2473 1260 2513 animum
1283 2486 1463 2514 eorum:
1497 2478 1771 2526 quapropter

277 2538 341 2578 illi
367 2551 468 2579 cum
492 2536 603 2577 fiunt
630 2537 824 2589 spiritus,
849 2536 969 2589 quod
995 2535 1045 2577 fit
1071 2536 1177 2577 dum
1203 2536 1453 2577 moriuntur
1475 2549 1675 2589 corpore,
1702 2536 1769 2575 in-

281 2600 544 2654 telligenter
574 2606 621 2640 et
658 2600 885 2652 sapienter
917 2600 1124 2652 cogitant
1165 2605 1211 2640 et
1243 2605 1398 2652 agunt,
1432 2604 1478 2639 et
1515 2599 1558 2639 in
1596 2597 1769 2639 caelum

279 2663 528 2705 elevantur.
589 2663 659 2703 De
690 2663 758 2703 his
785 2662 872 2703 dici
904 2668 1056 2715 potest
1088 2662 1208 2716 quod
1241 2662 1358 2715 apud
1391 2662 1491 2703 illos
1523 2675 1656 2702 omne
1688 2661 1768 2702 bo-

279 2740 385 2769 num
412 2727 575 2768 amoris
608 2732 654 2767 et
681 2739 815 2767 omne
840 2738 994 2766 verum
1021 2724 1122 2766 fidei
1154 2725 1307 2766 influat
1340 2739 1364 2766 e
1395 2724 1536 2773 caelo,
1564 2725 1650 2765 hoc
1682 2730 1767 2772 est,

278 2805 357 2846 per
387 2789 562 2832 caelum
594 2803 620 2830 a
658 2789 882 2839 Domino;
914 2794 961 2829 at
998 2802 1088 2829 non
1129 2789 1186 2829 de
1222 2788 1326 2838 illis,
1360 2788 1416 2829 de
1447 2788 1604 2842 quibus
1635 2800 1769 2840 supra

277 2853 446 2895 dictum
473 2859 556 2902 est,
585 2865 689 2893 nam
715 2852 873 2893 horum
900 2849 1100 2892 fflbonum
1126 2864 1215 2892 non
1242 2857 1311 2892 est
1337 2851 1504 2891 bonum
1528 2849 1653 2899 caeli,
1682 2863 1765 2891 nec

277 2930 431 2958 verum
458 2922 528 2957 est
554 2929 707 2956 verum
734 2914 860 2964 caeli,
889 2914 968 2956 sed
1000 2920 1069 2955 est
1095 2914 1351 2967 jucundum*
1373 2914 1766 2966 concupiscentiae

278 2980 422 3021 carnis
458 2979 577 3034 quod
609 2984 776 3020 vocant
812 2979 993 3028 bonum,
1028 2984 1075 3019 et
1111 2977 1270 3019 falsum
1307 2976 1410 3018 inde
1447 2975 1565 3030 quod
1597 2982 1764 3017 vocant
