2060 3476
252 343 334 375 222
667 338 996 372 APOCALYPSIS
1028 338 1124 371 EXP
1133 339 1333 372 LICATA.

251 455 372 510 quod
403 454 512 495 haec
546 467 623 507 per
656 451 860 506 “opera‘’
885 451 956 493 hic
989 451 1311 505 significentur,
1340 457 1410 493 est
1441 451 1544 506 quia
1569 452 1625 492 de
1657 452 1743 493 illis

250 519 294 559 in
332 519 508 571 scriptis
542 517 598 557 ad
637 515 869 569 Angelum
906 515 1033 568 hujus
1066 515 1299 558 Ecclesiae
1338 515 1486 568 agitur
1519 513 1745 568 (videatur

251 595 396 635 supra,
420 594 461 621 n.
494 579 606 634 150).
653 579 828 619 Dicitur
850 578 1111 619 custodiens
1139 582 1314 631 “opera
1331 577 1469 626 mea,‘’
1492 578 1594 631 quia
1611 590 1744 618 omne

250 645 414 685 amoris
440 650 486 684 et
513 643 629 691 fidei,
658 648 703 683 et
730 642 874 682 omnis
901 642 1089 694 aperitio
1107 642 1270 682 interni
1297 647 1342 681 et
1369 640 1460 693 ejus
1487 639 1744 694 conjunctio

250 721 349 749 cum
383 713 578 748 externo
605 712 675 746 est
707 719 733 745 a
764 704 861 745 solo
894 704 1118 754 Domino3
1152 704 1255 744 inde
1289 703 1503 757 “opera‚”
1525 717 1603 757 per
1629 717 1743 757 quae

250 771 326 812 illa
351 769 671 823 significantur,
692 781 782 808 non
809 774 911 808 sunt
934 767 1126 808 hominis
1145 767 1223 808 sed
1247 766 1428 808 Domini
1451 767 1570 820 apud
1593 766 1744 817 illum;

254 834 358 875 inde
385 840 454 874 est
481 832 601 886 quod
628 832 834 872 dicantur
862 834 1037 883 “opera
1062 829 1199 870 mea.”

324 919 427 964 175
436 908 507 962 [a]
515 935 530 950 .
552 908 630 947 “ft
640 907 741 947 dabo
753 906 1062 959 illipotestatom
1075 904 1587 958 supergentos.'¹—Quod
1603 906 1741 959 signi-

251 971 354 1013 ficet
381 971 499 1024 quod
515 976 648 1022 super
669 968 789 1009 mala
819 967 944 1020 apud
960 981 1018 1016 se,
1042 981 1152 1020 quae
1172 973 1272 1007 tunc
1292 981 1320 1008 a
1340 967 1527 1008 Domino
1559 967 1742 1008 discuti-

250 1042 391 1083 entur,
420 1039 602 1074 c'onstat
625 1047 684 1073 ex
711 1030 1040 1084 significatione
1065 1029 1346 1082 “gentium,’'
1369 1030 1491 1091 quod
1511 1031 1599 1071 sint
1626 1029 1745 1071 mala

254 1098 329 1152 (de
362 1111 451 1152 qua
477 1094 725 1149 sequitur);
759 1100 804 1135 et
837 1107 895 1134 ex
928 1092 1255 1146 significatione
1288 1093 1432 1133 “dare
1464 1099 1743 1146 potestatem

252 1174 382 1214 super
413 1159 551 1207 illas,'’
583 1158 702 1212 quod
735 1158 791 1198 sit
823 1156 944 1210 quod
975 1155 1065 1205 illa,
1091 1169 1253 1209 nempe
1285 1155 1417 1205 mala,
1445 1161 1553 1196 tunc
1586 1169 1612 1196 a
1643 1155 1738 1196 Do-

253 1225 372 1264 mino
394 1223 714 1263 discutientur:
751 1224 1068 1273 “potestatem
1094 1219 1260 1260 habere
1273 1218 1291 1234 '’
1314 1232 1414 1259 cum
1442 1219 1602 1259 dicitur
1627 1222 1651 1238 “
1668 1232 1741 1259 su·

252 1300 329 1339 per
354 1285 556 1339 gente5,''
582 1291 651 1326 est
679 1284 904 1324 discutere
931 1295 1031 1323 cum
1060 1282 1221 1322 dicitur
1247 1282 1302 1322 de
1329 1282 1483 1333 malis;
1516 1283 1580 1323 ita
1605 1295 1742 1322 voces

252 1349 534 1403 applicantur
569 1349 657 1388 suis
694 1344 931 1399 subjectis:
979 1345 1099 1399 quod
1136 1345 1431 1385 discutientur
1465 1359 1492 1385 a
1533 1345 1742 1393 Domino,

251 1420 321 1452 est
352 1412 454 1465 quia
491 1411 712 1452 Dominus
750 1410 932 1450 discutit
970 1408 1089 1449 mala
1125 1421 1202 1461 per
1233 1421 1353 1457 vera,
1386 1414 1432 1449 et
1470 1407 1743 1449 cum-homo

251 1473 464 1525 agnoscit
489 1471 582 1521 illa,
607 1477 715 1511 tunc
743 1470 967 1510 Dominus
993 1469 1181 1510 discutit
1205 1468 1298 1509 illa.
1356 1479 1469 1517 (Quod
1483 1479 1569 1508 solus
1585 1479 1745 1508 Dominus

252 1543 283 1572 id
302 1543 403 1577 saciat,
419 1543 563 1571 videatur
578 1541 735 1571 Doc‘trina
749 1542 858 1570 Novae
873 1540 1113 1583 Hierosqumae,
1129 1548 1160 1569 n.
1177 1538 1265 1577 200.)
1322 1527 1493 1568 PlurieS
1518 1528 1563 1568 in
1585 1527 1743 1568 Verbo

252 1586 541 1634 nominantur
579 1597 778 1645 “gentes
815 1598 860 1632 et
902 1589 1092 1644 populi,’'
1124 1596 1170 1631 et
1207 1589 1280 1643 qui
1321 1602 1411 1630 non
1453 1590 1537 1630 scit
1577 1589 1743 1643 aliquid

252 1657 308 1698 de
339 1669 471 1697 sensu
503 1655 719 1709 spirituali
751 1669 828 1695 seu
864 1655 1042 1695 interno
1074 1652 1228 1701 Verbi,
1262 1652 1404 1693 credit
1435 1652 1556 1706 quod
1592 1651 1743 1706 populi

252 1726 298 1760 et
335 1725 497 1772 gentes
533 1718 860 1771 intelligantur,
900 1717 978 1757 sed
1017 1730 1094 1769 per
1133 1715 1394 1769 “populos''
1430 1714 1744 1768 intelliguntur

253 1782 315 1823 illi
351 1783 424 1835 qui
465 1783 508 1822 in
546 1783 660 1822 veris
696 1787 814 1830 sunt,
853 1786 930 1821 aut
970 1780 1014 1820 in
1051 1779 1260 1833 opposito
1298 1791 1430 1819 sensu
1466 1779 1539 1832 qui
1578 1779 1622 1819 in
1662 1778 1742 1819 fal-

253 1846 326 1893 sis,
354 1858 404 1886 ac
437 1859 514 1898 per
542 1844 771 1898 “gentes‘'
803 1843 1116 1896 intelliguntur
1146 1841 1210 1882 illi
1241 1841 1313 1895 qui
1344 1842 1388 1882 in
1420 1841 1561 1890 bonis,
1589 1847 1666 1882 aut
1697 1841 1741 1881 in

253 1908 463 1961 opposito
504 1921 637 1948 sensu
673 1907 747 1961 qui
787 1907 831 1947 in
865 1906 1020 1956 malis;
1068 1911 1114 1946 et
1155 1917 1255 1945 cum
1292 1918 1370 1957 per
1405 1903 1663 1957 “populos'’
1695 1909 1742 1944 et

256 1970 485 2023 “gentes''
511 1970 574 2011 illi
604 1970 932 2022 intelliguntur,
960 1969 1097 2010 etiam
1123 1966 1350 2008 abstracte
1381 1980 1407 2007 a
1438 1967 1638 2020 personis
1664 1979 1742 2019 per

256 2033 514 2087 “populos'’
554 2033 869 2086 intelliguntur
893 2045 1010 2072 -vera
1045 2037 1122 2071 aut
1158 2029 1281 2079 falsa,
1315 2043 1366 2070 ac
1404 2043 1481 2083 per
1513 2029 1742 2082 “gentes’'

253 2097 372 2138 bona
403 2102 479 2136 aut
512 2095 644 2144 mala,
678 2108 781 2136 nam
813 2108 943 2135 verus
974 2107 1131 2134 sensus
1163 2092 1402 2146 spiritualis
1434 2098 1503 2133 est
1539 2092 1741 2133 abstrac-

254 2166 326 2200 tus
358 2173 383 2200 a
414 2159 628 2211 personis,
656 2159 825 2211 spatiis,
853 2157 1143 2210 temporibus,
1171 2163 1216 2196 et
1248 2155 1464 2196 similibus
1493 2168 1606 2208 quae
1637 2160 1741 2195 sunt

254 2214 431 2275 propria
467 2221 692 2272 Naturae;
735 2221 892 2261 Sensus
929 2218 1143 2260 naturalis
1180 2218 1334 2266 Verbi,
1370 2218 1442 2271 qui
1479 2223 1548 2258 est
1586 2230 1742 2258 sensus

255 2285 434 2326 litterae
466 2284 572 2337 ejus,
600 2290 669 2325 est
701 2297 789 2324 una
815 2296 914 2323 cum
941 2282 1041 2331 illis,
1069 2288 1115 2322 et
1147 2294 1303 2322 sensus
1329 2282 1402 2334 qui
1433 2287 1503 2321 est
1530 2294 1616 2320 una
1641 2293 1743 2322 cum

254 2348 342 2390 illis
381 2348 564 2388 inservit
606 2361 685 2400 pro
725 2347 820 2387 basi
859 2346 1007 2386 sensui
1046 2345 1119 2398 qui
1164 2350 1233 2385 est
1273 2344 1441 2396 absque
1481 2343 1598 2384 illis:
1645 2356 1741 2384 om-

257 2412 329 2452 nia
355 2411 473 2452 enim
500 2424 613 2463 quae
640 2410 683 2450 in
711 2409 884 2449 Natura
909 2414 1027 2457 sunt,
1055 2407 1214 2448 ultima
1238 2407 1404 2447 ordinis
1432 2407 1580 2447 Divini
1611 2412 1742 2457 sunt;

257 2487 308 2515 ac
342 2474 554 2514 Divinum
587 2486 678 2513 non
711 2472 914 2512 subsistit
946 2471 989 2511 in
1017 2471 1179 2519 medio,
1212 2470 1291 2510 sed
1330 2469 1483 2510 defluit
1515 2483 1652 2522 usque
1683 2470 1741 2510 ad

255 2551 335 2577 sua
360 2536 530 2584 ultima,
558 2542 604 2576 et
631 2536 692 2575 sic
719 2535 948 2584 subsistit;
981 2534 1084 2574 inde
1111 2539 1180 2574 est
1205 2533 1325 2586 quod
1348 2532 1548 2572 Verbum
1574 2531 1666 2572 tale
1684 2532 1742 2572 sit

256 2602 299 2641 in
323 2600 488 2647 littera,
513 2605 558 2640 et
586 2599 668 2639 nisi
690 2598 781 2639 tale
803 2598 932 2646 foret,
956 2610 1046 2637 non
1069 2597 1302 2636 inserviret
1329 2596 1576 2648 sapientiae
1602 2608 1741 2648 ange-

257 2664 414 2711 lorum,
448 2663 521 2715 qui
557 2661 809 2714 spirituales
841 2666 959 2709 sunt,
993 2673 1073 2713 pro
1109 2659 1218 2715 basi.
1280 2658 1390 2699 Inde
1420 2657 1560 2698 videri
1590 2662 1743 2710 potest

256 2732 473 2780 quantum
505 2731 656 2766 errant
688 2725 761 2777 qui
793 2728 1091 2764 contemnunt
1118 2721 1319 2762 Verbum
1351 2726 1535 2773 propter
1560 2719 1742 2773 stylum.

258 2789 392 2842 Quod
421 2787 650 2841 “gentes‘'
677 2786 932 2839 significent
963 2785 1064 2825 illos
1090 2785 1163 2837 qui
1194 2785 1238 2824 in
1270 2784 1391 2824 bono
1417 2789 1535 2831 sunt,
1562 2788 1609 2822 et
1640 2782 1742 2822 abs-

257 2849 401 2892 tracte
432 2851 564 2899 bona,
598 2856 667 2890 est
699 2850 800 2902 quia
834 2849 1038 2889 homines
1075 2847 1267 2900 antiquis
1304 2845 1579 2898 temporibus
1614 2845 1741 2884 vixe-

256 2920 358 2955 runt
381 2911 580 2954 distinffi
604 2913 647 2952 in
670 2918 845 2965 gentes,
869 2910 1070 2959 familias,
1094 2916 1139 2951 et
1166 2910 1339 2958 domos,
1362 2914 1410 2949 et
1432 2914 1538 2948 tunc
1560 2919 1740 2947 amave-

257 2983 359 3017 runt
392 2990 439 3017 se
465 2982 634 3025 mutuo,
662 2981 708 3016 et
741 2981 869 3028 pater
894 2973 1044 3027 gentis
1070 2978 1215 3014 totam
1243 2977 1428 3025 gentem
1459 2983 1572 3024 quae
1604 2983 1662 3010 ex
1695 2981 1741 3010 se
