2060 3476
618 397 725 432 CAP.
747 397 808 439 v.,
830 396 969 430 VERS.
998 395 1167 439 14.—N.
1192 385 1357 441 349[b].
1642 384 1731 438 ‘657

239 511 405 554 nullius
422 525 580 554 sensus
599 516 719 561 sunt,
738 511 996 565 priusquam
1017 509 1321 563 adaequatum
1339 508 1396 549 ab
1417 513 1551 549 extra
1572 505 1729 547 influit.

239 574 395 618 Simile
417 581 488 617 est
510 587 611 616 cum
633 573 845 616 sensoriis
866 573 1069 621 internis,
1093 586 1207 626 quae
1233 577 1338 612 sunt
1365 569 1658 624 cogitationis
1683 574 1731 609 et

238 635 500 687 affectionis,
533 651 650 691 quae
684 651 744 678 ex
777 634 997 690 spirituali
1033 635 1203 676 mundo
1240 634 1460 687 recipiunt
1497 632 1729 679 influxum,

239 701 354 742 sicut
376 712 478 742 cum
500 700 712 741 sensoriis
734 699 938 741 externis
959 712 1075 752 quae
1097 712 1121 739 e
1143 696 1338 738 naturali
1360 694 1543 737 mundo'.
1596 693 1731 748 Quod

239 764 395 805 unicus
425 764 548 805 vitae
577 763 677 804 fons
708 763 782 812 sit,
814 767 862 803 et
893 762 1040 803 omnis
1070 762 1166 802 vita
1196 760 1301 801 inde
1332 761 1405 808 sit,
1439 765 1485 800 et
1518 759 1732 800 continue

238 825 410 875 influat,
434 826 720 867 notissimum
743 831 813 867 est
839 826 884 866 in
905 823 1048 873 caelo,
1071 830 1119 866 et
1145 838 1172 865 a
1194 823 1319 865 nullo
1340 821 1507 876 angelo
1528 822 1573 862 in
1599 834 1731 874 supe-

238 888 427 930 rioribus
444 888 581 930 caelis
598 890 643 930 in
665 889 848 929 dubium
862 894 1064 936 vocatur,
1084 887 1336 941 percipiunt
1359 887 1479 927 enim
1502 884 1565 926 illi
1587 885 1732 938 ipsum

238 951 470 993 influxum.
532 950 666 1005 Quod
699 964 858 993 omnes
888 951 1011 992 vitae
1042 951 1133 991 sint
1164 950 1281 991 sicut
1312 950 1393 990 rivi
1425 963 1484 990 ex
1517 949 1649 988 unico
1679 960 1731 988 ac

238 1015 424 1068 perenni
449 1014 575 1056 sonte
600 1014 736 1064 vitae,
764 1028 823 1055 ex
846 1013 960 1067 pluri
982 1013 1265 1067 experientia
1286 1013 1426 1054 etiam
1452 1010 1560 1052 mihi
1586 1016 1732 1052 testa-

238 1083 338 1119 tum
367 1075 534 1118 saecum
565 1083 651 1126 est,
678 1090 730 1118 ac
768 1077 813 1117 in
844 1076 1013 1117 mundo
1044 1075 1265 1130 spirituali
1295 1076 1440 1116 visum
1476 1074 1595 1128 apud
1631 1072 1733 1114 illos

238 1140 314 1194 qui
338 1139 628 1181 crediderunt
654 1154 703 1181 se
724 1140 875 1182 vivere
906 1153 966 1180 ex
993 1153 1055 1188 se,
1083 1152 1135 1180 ac
1166 1152 1259 1180 non
1284 1138 1524 1180 voluerunt
1550 1136 1733 1178 credere

238 1203 359 1257 quod
377 1217 404 1244 a
426 1203 649 1244 Domino:
682 1202 761 1253 illi,
780 1215 917 1257 quum
935 1203 998 1244 eis
1015 1202 1257 1256 ademptus
1274 1208 1344 1243 est
1368 1201 1517 1255 quoad
1535 1200 1732 1254 aliquam

238 1272 418 1320 partem
443 1265 638 1307 influxus
663 1266 708 1307 in
734 1266 1078 1319 cogitationem,
1101 1265 1338 1318 jacuerunt
1364 1265 1480 1305 sicut
1506 1263 1732 1313 exanimi3

239 1334 287 1370 et
319 1341 429 1370 mox
454 1329 706 1370 accedente
733 1328 918 1377 influxu,
945 1329 1072 1382 quasi
1101 1342 1161 1369 ex
1187 1334 1334 1369 morte
1359 1328 1649 1376 revixerunt;
1681 1339 1733 1367 ac

240 1391 377 1432 iidem
403 1391 508 1433 dein
533 1392 727 1433 confessi
753 1397 858 1432 sunt
887 1391 1008 1445 quod
1033 1391 1129 1432 vita
1154 1404 1245 1432 non
1270 1391 1329 1432 sit
1356 1390 1534 1432 illorum
1560 1390 1605 1430 in
1631 1389 1732 1435 illis,

238 1454 320 1495 sed
351 1454 507 1496 influat
533 1455 749 1496 continue
774 1455 819 1495 in
850 1453 967 1503 illos,
995 1460 1042 1495 et
1073 1454 1194 1508 quod
1225 1454 1447 1502 homines,
1475 1454 1656 1507 spiritus
1687 1459 1733 1493 et

241 1517 394 1571 angeli
424 1518 516 1559 sint
547 1517 685 1558 modo
709 1517 880 1558 formae
911 1517 1182 1570 recipientes
1207 1518 1343 1558 vitae.
1405 1515 1645 1570 Sapientes
1676 1515 1734 1556 ibi

230 1579 518 1622 'concludunt
544 1580 665 1634 quod
691 1581 756 1621 ita
781 1581 839 1621 sit
866 1594 926 1621 ex
952 1594 1021 1629 eo,
1049 1580 1171 1634 quod
1195 1579 1306 1621 nihil
1330 1580 1530 1621 existere
1556 1585 1602 1620 et
1630 1578 1734 1619 sub-

240 1644 402 1686 sistere
423 1644 568 1698 possit
590 1657 650 1685 ex
676 1657 738 1693 se,
762 1643 842 1685 sed
869 1657 896 1684 a
916 1644 1051 1697 priori
1072 1657 1135 1692 se,
1159 1649 1205 1684 et
1231 1643 1336 1684 inde
1359 1643 1479 1697 quod
1507 1656 1588 1684 nec
1616 1643 1735 1696 prius

241 1720 268 1748 a
299 1720 362 1756 se,
395 1707 479 1748 nisi
509 1707 554 1747 in
585 1706 742 1748 ordine
773 1707 1030 1747 successivo
1060 1720 1087 1747 a
1118 1707 1283 1755 Primo,
1317 1713 1364 1748 et
1397 1706 1517 1761 quod
1549 1706 1611 1747 sic
1638 1706 1736 1759 ipsa

239 1770 337 1811 vita
360 1770 405 1810 in
431 1783 480 1810 se
505 1767 713 1823 spec‘tata
738 1782 830 1810 non
855 1769 914 1810 sit
940 1769 1024 1810 nisi
1051 1769 1109 1810 ab
1135 1769 1243 1823 Ipso
1273 1770 1347 1823 qui
1378 1769 1501 1810 solus
1527 1775 1597 1810 est
1624 1768 1736 1809 Vita

240 1832 285 1873 in
323 1831 407 1874 Se:
452 1832 557 1873 inde
593 1832 734 1873 etiam
770 1832 934 1880 sciunt,
973 1838 1020 1873 et
1060 1846 1238 1886 quoque
1277 1847 1337 1873 ex
1374 1833 1476 1873 idea
1515 1830 1735 1885 spirituali

241 1895 510 1949 percipiunt,
538 1894 661 1949 quod
692 1907 827 1936 omne
852 1895 937 1936 erit
967 1895 1013 1936 in
1038 1908 1160 1936 nexu
1186 1908 1288 1936 cum
1315 1895 1463 1936 Primo
1489 1902 1538 1936 ut
1569 1895 1628 1936 sit
1654 1894 1735 1935 ali-

238 1957 361 2012 quid,
388 1964 435 1999 et
461 1957 582 2012 quod
608 1958 666 1999 sit
693 1958 810 1999 sicut
835 1963 907 1999 est
933 1958 978 1998 in
1004 1971 1140 1999 nexu.

324 2027 409 2083 [b.]
451 2027 528 2069 Ex
561 2027 632 2069 his
668 2033 800 2082 patet
830 2041 966 2082 quam
1000 2028 1125 2070 fatue
1160 2029 1373 2082 cogitant
1403 2029 1478 2083 qui
1513 2029 1735 2082 originem

240 2090 363 2132 vitae
384 2090 556 2132 ducunt
579 2104 640 2131 ex
667 2090 856 2139 Natura,
881 2096 929 2132 et
947 2090 1075 2144 >quod
1101 2090 1241 2132 homo
1263 2091 1409 2132 discat
1432 2092 1636 2145 cogitare
1659 2105 1738 2144 per

240 2152 460 2194 influxum
485 2153 710 2195 interioris
738 2152 940 2195 Naturae
972 2159 1019 2195 et
1045 2152 1139 2207 ejus
1166 2154 1349 2204 ordinis,
1377 2160 1424 2196 et
1456 2167 1548 2195 non
1579 2168 1605 2195 a
1637 2154 1737 2195 Deo

241 2216 317 2270 qui
341 2221 412 2257 est
442 2216 589 2269 ipsum
615 2215 731 2257 Esse
756 2217 893 2265 vitae,
920 2223 968 2258 et
999 2230 1059 2258 ex
1085 2231 1174 2271 quo
1200 2218 1347 2258 omnis
1373 2217 1484 2258 ordo
1507 2218 1737 2271 utriusque

243 2278 399 2319 mundi
438 2284 534 2320 tam
573 2278 817 2332 spiritualis
857 2292 992 2333 quam
1030 2279 1263 2329 naturalis,
1310 2281 1559 2322 secundum
1603 2293 1736 2334 quem

241 2340 384 2391 influit
405 2341 501 2382 vita
515 2355 526 2392 ;
558 2342 654 2383 vita
675 2348 864 2383 aeterna
888 2342 1008 2396 apud
1034 2342 1138 2384 illos
1164 2343 1238 2397 qui
1260 2343 1439 2397 disponi
1465 2350 1656 2397 possunt
1679 2343 1736 2383 ad

241 2400 547 2458 recipiendum
583 2404 726 2445 vitam
768 2405 1017 2446 secundum
1054 2405 1268 2447 Divinum
1305 2406 1524 2456 ordinem,
1557 2412 1611 2451 at
1642 2406 1738 2447 vita

242 2467 467 2521 opposita,
491 2481 606 2521 quae
631 2473 822 2508 vocatur
843 2480 965 2508 mors
990 2468 1250 2522 spiritualis,
1273 2468 1392 2522 apud
1418 2467 1520 2509 illos
1546 2468 1620 2522 qui
1645 2480 1738 2508 non

241 2530 420 2583 disponi
451 2535 657 2583 possunt,
689 2530 755 2571 ita
785 2530 860 2584 qui
891 2531 1050 2572 vivunt
1081 2537 1242 2572 contra
1273 2531 1487 2571 Divinum
1519 2530 1736 2571 ordinem.

242 2592 458 2634 Divinum
479 2591 656 2633 Bonum
677 2592 798 2646 quod
821 2593 1028 2646 procedit
1049 2607 1076 2634 a
1098 2593 1297 2635 Domino
1319 2600 1389 2635 est
1412 2607 1471 2634 ex
1498 2607 1586 2648 quo
1609 2593 1735 2642 ordo,

241 2667 294 2695 ac
320 2653 489 2695 Divina
512 2653 638 2695 Vera
662 2659 771 2695 sunt
799 2653 928 2707 leges
954 2654 1125 2696 ordinis
1147 2665 1352 2706 (vidaeturin
1367 2666 1526 2696 Doaenna
1539 2666 1652 2704 Novae,
1663 2666 1740 2695 We-

241 2724 467 2762 rosolymaem.
484 2721 605 2762 1¹1279).
664 2712 872 2754 Caveant
897 2714 981 2755 sibi
1006 2727 1062 2755 ne
1087 2714 1281 2756 credant
1302 2715 1424 2769 quod
1451 2715 1619 2756 Divina
1639 2716 1736 2756 vita

241 2774 360 2828 apud
377 2773 587 2828 aliquem,
604 2787 661 2815 ne
677 2775 858 2828 quidem
876 2774 995 2829 apud
1014 2775 1158 2817 malos
1176 2783 1223 2818 et
1240 2777 1286 2817 in
1304 2776 1490 2826 inferno,
1507 2782 1708 2818 mutetur
1726 2791 1736 2827 ;

242 2848 363 2885 nam,
390 2842 440 2877 ut
466 2849 600 2890 supra
625 2835 794 2878 dictum
820 2843 906 2886 est,
934 2838 1031 2892 ipsa
1052 2838 1148 2880 vita
1173 2852 1264 2880 non
1290 2845 1493 2880 mutatur
1518 2846 1596 2880 aut
1618 2840 1735 2880 vari-

241 2905 356 2948 atur,
389 2899 470 2940 sed
501 2913 581 2953 per
611 2899 736 2940 illam
767 2901 943 2942 sistitur
973 2902 1239 2955 apparentia
1274 2902 1444 2943 formae
1475 2903 1736 2956 recipientis

240 2975 320 3016 per
349 2975 484 3016 quam
515 2968 562 3004 et
593 2976 618 3004 e
648 2976 736 3018 qua
766 2964 957 3015 transit;
990 2978 1135 3018 paene
1165 2965 1281 3006 sicut
1318 2965 1507 3019 quisque
1544 2974 1735 3020 apparet

239 3026 286 3066 in
310 3025 497 3079 speculo
521 3025 666 3080 qualis
691 3032 762 3068 est
794 3040 873 3081 per
894 3026 1055 3077 lucem,
1082 3041 1197 3082 qnae
1224 3042 1363 3082 usque
1391 3035 1546 3070 manet
1578 3030 1621 3070 in
1655 3043 1735 3071 suo
