2060 3476
871 390 1210 428 APOCALYPSIS.
1707 393 1792 436 499

781 825 1145 889 CAPUT
1230 824 1317 886 V.

459 1119 505 1167 T
533 1119 631 1167 vidi
665 1119 714 1167 in
749 1119 924 1167 dextra
957 1118 1190 1167 Sedentis
1222 1134 1371 1181 super
1402 1116 1582 1164 throno
1614 1114 1789 1163 librum

293 1119 456 1304 E
494 1196 725 1259 scriptum
763 1196 892 1243 intus
929 1206 980 1244 et
1015 1212 1046 1243 a
1082 1205 1238 1259 tergo,
1275 1194 1585 1258 obsignatum
1622 1192 1790 1257 sigillis

494 1283 700 1336 septem.
978 1266 984 1271 ⁰

362 1367 403 1399 2.
452 1351 516 1399 Et
530 1350 627 1398 vidi
643 1349 873 1415 angel-um
889 1349 1065 1397 fortem
1082 1348 1442 1412 praedicantem
1455 1364 1577 1395 voce
1593 1364 1788 1411 magna,

291 1428 413 1491 Quis
438 1438 514 1476 est
537 1428 714 1492 dignus
738 1427 926 1491 aperire
950 1426 1139 1480 librum,
1165 1436 1214 1473 et
1238 1424 1431 1473 solvere
1455 1424 1610 1489 sigilla
1633 1424 1771 1489 ejus?

360 1521 403 1566 3.
451 1505 515 1553 Et
543 1521 693 1553 nemo
722 1504 882 1568 potuit
909 1504 957 1551 in
988 1502 1140 1558 caelo,
1166 1520 1256 1550 nec
1280 1519 1430 1565 super
1453 1511 1599 1557 terra,
1626 1519 1790 1565 neque

291 1583 382 1630 sub
406 1592 548 1636 terra,
574 1581 759 1645 aperire
783 1580 956 1629 librum
982 1598 1074 1628 nec
1099 1580 1335 1643 inspicere
1360 1596 1489 1627 eum.

357 1674 403 1718 4.
453 1659 516 1706 Et
535 1675 631 1723 ego
651 1658 830 1706 flebam
851 1657 1072 1712 multum,
1093 1648 1227 1720 quod
1249 1673 1397 1704 nemo
1417 1656 1595 1720 dignus
1615 1656 1786 1704 inven-

290 1746 368 1783 tus
393 1735 581 1798 aperire
607 1745 656 1782 et
678 1734 844 1799 legere
868 1734 1042 1794 librum
1068 1751 1157 1781 nec
1182 1733 1419 1796 inspicere
1446 1750 1573 1780 eum.

360 1813 402 1859 5.
452 1812 515 1859 Et
538 1829 664 1859 unus
694 1829 758 1860 ex
787 1811 1062 1859 senioribus
1087 1810 1200 1858 dicit
1224 1810 1354 1864 mihi,
1383 1810 1462 1857 Ne
1494 1810 1636 1865 flet03
1674 1827 1788 1858 ecce

290 1889 403 1937 vicit
430 1889 536 1936 Leo
556 1888 639 1952 qui
664 1899 739 1936 est
762 1905 825 1936 ex
843 1888 969 1935 tribu
986 1886 1224 1951 Jehudae,
1247 1886 1410 1934 Radix
1431 1885 1651 1940 Davidis,
1671 1903 1786 1949 ape-

290 1966 383 2013 rire
407 1964 582 2013 librum
608 1975 659 2013 et
681 1964 871 2012 solvere
896 1975 1090 2028 septem
1114 1962 1270 2028 sigilla
1293 1963 1412 2028 ejus.

357 2046 402 2091 6.
451 2042 515 2090 Et
539 2042 653 2097 vidi,
679 2053 730 2090 et
753 2059 867 2090 ecce
891 2042 941 2089 in
966 2041 1130 2090 medio
1155 2041 1332 2096 throni,
1358 2051 1408 2088 et
1431 2050 1638 2104 quatuor
1663 2040 1787 2087 Ani-

290 2119 502 2174 malium,
520 2129 569 2167 et
587 2119 634 2166 in
651 2119 815 2167 medio
831 2119 1094 2173 seniorum,
1111 2119 1316 2182 Agnum
1331 2127 1540 2165 stantem
1555 2126 1789 2180 tanquam

291 2197 518 2251 occisum,
549 2195 814 2244 habentem
848 2213 1031 2243 cornua
1062 2206 1268 2258 septem,
1302 2205 1352 2242 et
1383 2193 1548 2242 oculos
1581 2204 1788 2257 septem,

290 2273 374 2336 qui
398 2283 513 2320 sunt
534 2283 726 2336 septem
754 2273 850 2320 Dei
876 2273 1069 2335 spiritus
1095 2272 1258 2320 emissi
1284 2271 1331 2319 in
1358 2288 1557 2319 omnem
1582 2281 1774 2318 terram.

360 2361 402 2408 7.
451 2349 515 2396 Et
529 2349 664 2397 venit
682 2359 734 2397 et
751 2350 937 2412 accepit
955 2349 1128 2397 librum
1149 2366 1176 2396 e
1196 2349 1370 2396 dextra
1390 2347 1622 2396 Sedentis
1640 2364 1789 2411 super

289 2425 482 2473 throno.
561 2445 565 2446 ⁷
1123 2488 1131 2493 .
1344 2410 1351 2419 ’

358 2504 402 2550 8.
450 2502 514 2550 Et
549 2520 659 2550 cum
694 2502 962 2565 accepiSset
995 2501 1183 2556 librum,
1211 2512 1422 2566 quatuor
1456 2501 1704 2549 Animalia
1739 2512 1789 2549 et

290 2579 460 2643 viginti
485 2589 694 2642 quatuor
722 2579 942 2626 seniores
971 2578 1286 2642 prociderunt
1314 2595 1479 2626 coram
1505 2579 1673 2642 Agno,
1699 2578 1784 2626 ha—

288 2655 463 2703 bentes
496 2655 832 2719 unusquisque
867 2655 1088 2710 citharas,
1119 2665 1168 2703 et
1199 2654 1383 2718 phialas
1414 2672 1586 2703 aureas
1619 2654 1788 2718 plenas

289 2731 544 2786 suffitibus,
570 2749 695 2795 quae
720 2742 835 2779 sunt
858 2749 1031 2795 preces
1056 2730 1353 2779 sanctorum.

358 2824 401 2867 9.
450 2808 514 2855 Et
531 2808 771 2856 canebant
789 2809 1027 2856 canticum
1048 2825 1246 2863 novum,
1263 2808 1497 2863 dicentes,
1515 2808 1712 2872 Dignus
1732 2825 1787 2855 es

289 2884 507 2947 accipere
537 2883 710 2932 librum
740 2895 790 2932 et
812 2885 1002 2948 aperire
1031 2884 1186 2949 sigilla
1213 2885 1331 2949 ejus,
1357 2885 1472 2948 quia
1500 2885 1685 2932 occisus
1715 2901 1784 2938 es,

213 2963 224 2968 “
289 2971 340 3009 et
362 2960 610 3009 redemisti
636 2962 750 3010 Deo
775 2979 865 3009 nos
890 2962 942 3009 in·
962 2962 1199 3026 sanguine
1218 2972 1318 3017 tuo,
1339 2979 1402 3010 ex
1426 2961 1559 3010 omni
1584 2961 1711 3008 tribu
1735 2971 1786 3009 et

288 3037 467 3102 lingua,
493 3048 545 3086 et
567 3037 751 3102 populo
774 3049 824 3087 et
847 3049 1011 3104 gente.
