2060 3476
627 359 733 394 CAP.
755 359 844 403 111.,
866 360 1006 394 vERs.
1031 360 1177 405 3.—N.
1206 351 1369 407 193[b].
1678 362 1756 407 271

333 477 356 492 ‘⁸
367 475 500 508 Sanavi
517 475 701 514 Israelem,
720 481 806 508 tunc
821 475 980 508 revelata
995 480 1051 508 est
1073 475 1243 517 iniquitas
1261 474 1456 516 Ephraimi‚
1475 480 1511 507 et
1528 475 1623 507 mala
1639 474 1762 507 Sama-

439 521 537 596 {32⁹3
546 520 808 605 guaziifesserunt
823 519 1062 558 mendacium,
1082 525 1119 552 et
1141 519 1200 551 fur
1214 520 1326 557 venit,
1346 526 1381 551 et
1404 519 1573 551 diffundit
1588 529 1628 552 se
1645 526 1763 551 turma

649 588 657 597 ·
716 588 724 604 ι

269 654 522 714 “iniquitas
547 657 814 713 Ephraimi'’
840 657 1066 712 significat
1092 658 1205 699 falsa
1229 657 1504 707 intellectus,
1529 664 1575 699 et
1601 657 1762 699 “mala

265 722 495 765 Samariae
506 721 526 737 ”
549 721 669 763 mala
690 721 969 772 voluntatis;
995 721 1179 763 “facere
1201 721 1518 762 mendacium''
1541 727 1611 762 est
1635 722 1761 775 cogi-

266 793 365 828 tare
397 792 443 827 et
475 785 594 827 velle
625 784 786 826 falsum
818 798 878 826 ex
909 784 1058 836 malo;
1096 784 1230 826 “sur’'
1262 791 1332 826 est
1364 785 1525 825 falsum
1547 784 1762 826 'auferens

265 856 311 891 et
335 850 559 903 dissipans
580 861 750 898 verum,
769 855 816 890 et
837 847 1063 897 “turma,”
1089 862 1203 902 quae
1240 862 1288 889 se
1324 848 1526 896 effundit,
1561 854 1631 889 est
1664 862 1760 889 ma-

266 911 359 951 lum
384 910 569 964 ejiciens
590 909 775 951 bonum.
833 920 947 959 (Quod
962 917 979 929 “’
992 920 1173 958 Ephraim’'
1188 920 1228 949 sit
1246 920 1460 954 intellectuale
1482 920 1592 949 talium
1616 929 1698 957 quae
1713 929 1765 949 ec-

265 972 388 1006 elesiae,
404 972 550 1001 videatur
570 980 602 1002 n.
619 969 742 1009 [¹13969‚
758 977 847 1009 5354,
863 972 952 1005 6222,
965 971 1055 1008 6234,
1070 971 1160 1008 6238,
1175 971 1266 1007 6267,
1282 971 1378 1008 6296:
1401 971 1490 1008 quod
1505 974 1521 984 ““
1533 971 1734 1000 mendacium
1745 970 1763 980 ’'

263 1020 304 1048 sit
324 1020 440 1049 falsum
462 1028 502 1048 ex
516 1019 612 1053 malo,
627 1027 659 1048 n.
675 1021 765 1056 8908,
787 1021 884 1056 9248;
907 1019 996 1056 quod
1011 1022 1028 1032 ‘¹
1039 1023 1144 1047 turma
1155 1018 1171 1027 ''
1188 1019 1226 1047 sit
1247 1019 1369 1047 bonum
1385 1018 1511 1056 ejiciens
1532 1019 1663 1051 malum,
1679 1023 1711 1047 et
1731 1018 1765 1047 in

265 1070 413 1107 opposito
427 1078 523 1098 sensu
536 1069 657 1097 malum
672 1069 800 1106 ejiciens
812 1069 946 1103 bonum,
958 1077 990 1098 n.
1003 1077 1094 1106 3934,
1106 1077 1165 1106 393
1168 1075 1197 1105 5,
1212 1069 1303 1106 6404,
1317 1068 1423 1107 6405.)

353 1119 439 1174 [b.]
484 1119 611 1161 Haec
643 1119 786 1167 allata
817 1126 922 1160 sunt
954 1126 1003 1160 ut
1035 1120 1204 1161 sciatur
1234 1120 1340 1174 quid
1372 1133 1452 1173 per
1481 1119 1692 1160 “furem’‘
1717 1121 1763 1162 in

266 1183 422 1224 Verbo
437 1182 729 1236 significatur,
746 1183 866 1237 quod
881 1195 1044 1236 nempe
1058 1182 1220 1224 salsum
1233 1189 1436 1232 vastans,
1452 1183 1574 1237 quod
1591 1189 1662 1224 est
1679 1183 1763 1224 fal-

267 1259 364 1287 sum
382 1246 588 1287 auferens
605 1251 651 1286 et
669 1246 909 1286 destruens
926 1259 1095 1287 verum.
1129 1244 1379 1287 Ostensum
1401 1252 1472 1287 est
1490 1260 1624 1300 supra
1641 1246 1763 1300 quod

266 1315 371 1363 post
394 1315 590 1350 mortem
612 1308 871 1350 auferantur
892 1322 1050 1350 omnes
1073 1310 1360 1362 cognitiones
1382 1310 1475 1350 veri
1501 1316 1548 1350 et
1574 1309 1680 1350 boni
1703 1323 1764 1350 ex

267 1372 423 1415 Verbo
448 1386 563 1426 quae
594 1385 685 1413 non
713 1372 994 1426 spiritualem
1019 1373 1162 1413 vitam
1188 1373 1384 1426 adeptae
1410 1379 1542 1424 sunt;
1576 1373 1765 1426 proinde

266 1435 353 1476 illis
370 1436 444 1489 qui
462 1448 551 1476 non
574 1449 654 1490 per
671 1436 959 1489 cognitiones
976 1450 1037 1477 ex
1054 1436 1211 1477 Verbo
1228 1435 1485 1490 spirituales
1507 1435 1612 1477 facti
1630 1443 1735 1478 sunt
1752 1449 1762 1477 ε

266 1499 352 1540 hoc
370 1499 490 1540 idem
505 1500 644 1540 etiam
659 1498 963 1552 significatu-m
979 1506 1049 1541 est
1067 1513 1147 1554 per
1160 1499 1287 1554 plura
1305 1501 1350 1541 in
1364 1500 1591 1541 historicis
1606 1499 1762 1549 Verbi,

266 1562 387 1616 quod
409 1576 548 1616 usque
566 1576 701 1603 nemo
718 1562 871 1604 videre
893 1569 1048 1616 potest
1071 1564 1154 1604 nisi
1177 1564 1251 1617 qui
1273 1564 1359 1604 scit
1381 1576 1564 1604 sensum
1582 1564 1764 1617 spiritu-

266 1624 386 1666 alem
404 1625 570 1667 Verbi:
604 1625 690 1666 hoc
709 1625 1015 1679 significatum
1037 1633 1107 1667 est
1130 1641 1209 1680 per
1226 1627 1345 1681 quod
1368 1626 1444 1667 filii
1468 1626 1648 1668 Israelis
1666 1640 1764 1668 mu-

267 1695 348 1730 tuo
369 1690 629 1743 acciperent
652 1690 710 1730 ab
731 1689 979 1744 Aegyptiis
996 1704 1166 1739 aurum,
1186 1697 1441 1744 argentum,
1461 1697 1508 1731 et
1530 1696 1698 1740 vesteS,
1717 1696 1765 1733 et

267 1753 329 1793 sic
351 1752 429 1793 illa
451 1754 578 1807 quasi
599 1753 718 1794 furto
739 1753 981 1802 auferrent,
1006 1754 1062 1794 de
1084 1753 1244 1807 quibus
1266 1755 1331 1795 ita
1352 1754 1471 1808 apud
1495 1754 1672 1803 Mosen,

335 1841 546 1874 Mandatum
563 1847 629 1880 est,
643 1848 682 1874 ut
699 1848 823 1874 mutuo
840 1833 1045 1883 acciperent
1059 1844 1137 1874 “ab
1154 1843 1343 1884 Aegyptiis
1356 1854 1446 1875 vasa
1461 1844 1538 1875 auri
1554 1850 1590 1875 et
1607 1854 1695 1875 vasa
1710 1854 1765 1876 ar-

440 1887 540 1926 genti
557 1893 593 1918 et
609 1892 748 1918 vestes:
775 1893 811 1918 et
833 1886 996 1928 Jehovah
1014 1887 1112 1918 dedit
1127 1888 1279 1927 gratiam
1305 1888 1341 1919 in
1359 1888 1470 1919 oculis
1489 1888 1763 1928 Aegyptiorum,

440 1936 479 1961 ut
495 1930 621 1962 darent
638 1930 707 1962 illis
725 1936 860 1968 mutuo,
877 1937 982 1972 atque
1000 1931 1050 1962 ita
1065 1931 1244 1972 eriperent
1258 1931 1448 1973 Aegyptiis
1460 1931 1478 1943 ”
1495 1931 1620 1971 (Exod.
1633 1932 1694 1964 xii.
1709 1939 1763 1972 35,

443 1974 499 2014 36)
513 1984 520 2013 ;

267 2076 345 2116 per
367 2061 628 2116 Aegyptios
653 2063 985 2117 repraesentati
1011 2069 1116 2104 sunt
1143 2064 1217 2117 qui
1239 2076 1361 2105 mere
1384 2064 1615 2106 naturales
1641 2070 1763 2115 sunt,

267 2132 314 2167 et
341 2132 496 2167 tamen
522 2126 690 2167 multas
721 2127 1010 2180 cognitiones
1041 2127 1305 2181 possident;
1338 2141 1417 2181 per
1442 2128 1557 2169 filios
1585 2128 1766 2170 Israelis

267 2188 330 2229 illi
362 2190 435 2243 qui
467 2189 750 2243 spirituale33
783 2203 863 2243 per
888 2193 1035 2230 “vasa
1066 2190 1199 2239 auri‚'’
1228 2194 1253 2210 “
1272 2191 1481 2244 argenti’'
1508 2198 1555 2232 et
1587 2206 1766 2246 quoque

270 2252 492 2294 “vestes’'
514 2253 827 2306 significantur
849 2254 1138 2307 cognitiones
1159 2255 1252 2295 veri
1279 2261 1326 2296 et
1352 2255 1473 2304 boni,
1497 2270 1609 2309 quas
1635 2257 1764 2309 spiri-

268 2315 415 2357 tuales
441 2316 673 2370 applicant
700 2317 836 2366 bono,
860 2318 940 2358 sed
968 2318 1198 2359 naturales
1220 2318 1454 2372 applicant
1480 2319 1602 2360 malo
1629 2326 1675 2360 et
1702 2320 1765 2360 sic

267 2379 520 2420 destruunt.
582 2379 738 2422 Simile
763 2380 1068 2434 significatum
1094 2388 1164 2423 est
1187 2396 1266 2435 per
1288 2383 1407 2436 quod
1431 2389 1596 2435 gentes
1622 2383 1764 2423 devo-

268 2443 380 2482 tioni
398 2443 626 2492 darentur,
643 2450 689 2484 et
708 2444 839 2484 simul
857 2445 1009 2485 omnia
1023 2459 1137 2498 quae
1155 2446 1274 2499 apud
1291 2445 1392 2486 illas
1406 2445 1478 2486 vel
1497 2446 1766 2487 comburen-

269 2511 340 2544 tur
358 2504 429 2544 vel
449 2504 763 2557 diriperentur,
784 2509 840 2549 de
858 2509 1018 2561 quibus
1036 2510 1204 2561 passim
1223 2510 1266 2549 in
1283 2509 1419 2561 Libro
1435 2509 1620 2559 Josuae,
1637 2510 1772 2564 inque

267 2566 422 2607 Libris
439 2567 657 2610 Samuelis
671 2576 718 2611 et
732 2571 904 2624 Regum
915 2586 934 2619 ‚·
956 2578 1123 2624 gentes
1139 2573 1259 2612 enim
1275 2572 1443 2614 Terrae
1459 2572 1685 2614 Canaanis
1700 2587 1771 2615 re-

269 2631 625 2683 praesentabant
644 2631 746 2672 illos
763 2633 837 2686 qui
859 2634 904 2673 in
926 2632 1057 2674 malis
1075 2639 1121 2674 et
1144 2633 1267 2674 falsis
1284 2640 1404 2682 sunt,
1424 2640 1470 2675 et
1488 2634 1565 2678 filii
1588 2633 1768 2675 Israelis

269 2693 371 2734 illos
385 2695 459 2748 qui
476 2695 521 2734 in
538 2696 655 2735 veris
672 2701 719 2736 et
737 2696 880 2736 bonis.
924 2695 1060 2749 Quod
1077 2697 1356 2738 auferrentur
1370 2698 1658 2750 cognitiones
1676 2698 1768 2738 veri

270 2762 318 2796 et
356 2756 462 2797 boni
498 2770 614 2811 quae
650 2771 711 2798 ex
748 2757 918 2808 Verbo,
956 2758 1044 2799 illis
1080 2760 1154 2813 qui
1191 2772 1282 2800 non
1313 2760 1594 2813 spiritualem
1624 2762 1767 2801 vitam

269 2819 353 2860 sibi
386 2826 723 2873 compararunt,
757 2822 897 2862 etiarn
932 2821 1204 2875 intelligitur
1238 2823 1283 2863 in
1320 2823 1547 2876 parabolis
1584 2823 1768 2865 Domini

270 2882 326 2923 de
344 2882 554 2924 Talentis
575 2890 622 2924 et
646 2883 782 2925 Minis
804 2884 924 2926 datis
946 2884 1096 2927 Servis
1118 2892 1167 2927 ut
1190 2887 1535 2939 negotiarentur
1551 2893 1598 2928 et
1621 2886 1766 2928 lucra-

269 2951 438 2995 rentur,
458 2952 506 2987 et
528 2946 585 2987 de
609 2946 749 2988 Servo
766 2948 841 3002 qui
862 2961 953 2990 non
971 2949 1235 3002 negotiatus
1252 2955 1323 2991 est
1345 2956 1392 2997 et
1415 2949 1526 2991 nihil
1549 2949 1764 3000 lucratus,

271 3008 329 3049 de
355 3022 444 3062 quo
469 3010 514 3050 in
539 3009 768 3064 parabolis
794 3011 873 3062 ita,
