2060 3476
377 369 459 412 514
787 367 1119 402 APOCALvPsis
1147 367 1449 401 EXPLICATA.

374 482 502 522 nibus
527 482 812 533 habitabilis;
849 482 953 524 inde
979 489 1080 524 orta
1105 488 1175 524 est
1201 482 1353 536 opinio
1379 481 1435 523 de
1461 481 1646 522 interitu
1672 480 1785 522 caeli
1810 486 1857 522 et

372 550 533 593 terrae,
557 551 604 585 et
622 545 678 586 de
696 546 926 586 creatione
945 546 1048 586 novi
1067 545 1180 586 caeli
1201 551 1248 586 et
1271 558 1416 586 novae
1439 550 1599 593 terrae,
1619 543 1691 584 die
1713 542 1858 584 ultimi

367 605 544 659 judicii;
592 619 694 648 cum
735 613 889 648 tamen
930 621 1010 661 per
1052 606 1298 648 “caelum’'
1338 612 1385 648 et
1425 620 1503 660 per
1531 604 1767 647 “terram''
1798 605 1858 646 ibi

371 668 639 722 intelligitur
679 669 853 711 caelum
890 677 936 711 et
973 676 1093 711 terra
1124 670 1198 710 ubi
1229 669 1409 723 spiritus
1446 674 1493 710 et
1529 667 1694 721 angeli,
1727 680 1779 708 ae
1812 667 1856 708 in

372 744 505 772 sensu
542 732 760 785 spirituali
796 732 988 773 ecclesia
1023 732 1142 786 apud
1180 731 1370 784 angelos
1407 737 1454 772 et
1496 731 1614 784 apud
1651 729 1858 771 homines

372 794 459 829 (nam
475 795 562 832 apud
576 795 705 832 angelos
719 804 821 833 aeque
836 799 882 824 est
896 795 1028 825 ecclesia
1041 804 1078 824 ac
1093 795 1179 832 apud
1200 794 1355 828 homines,
1370 794 1515 823 videatur
1528 793 1560 822 in
1575 801 1671 830 opere
1693 793 1744 822 De
1768 793 1859 822 Caelo

370 844 549 882 etlnfemo,
565 853 595 874 n.
613 845 779 883 221-227).
837 834 891 874 In
915 848 1047 874 sensu
1071 832 1313 886 spirituali
1335 833 1512 881 dicitur,
1535 832 1639 886 quia
1663 831 1857 884 angelus

371 907 461 935 non
493 901 563 936 est
595 895 784 948 angelus
822 908 903 936 nec
936 894 1075 936 homo
1107 900 1177 936 est
1212 893 1351 935 homo
1383 908 1442 935 ex
1481 894 1624 934 forma
1659 893 1858 933 humana

370 971 484 1010 quae
506 958 694 1012 utrique,
720 959 799 999 sed
822 972 881 999 ex
904 957 1033 999 caelo
1055 963 1101 998 et
1124 956 1317 998 ecclesia
1338 957 1457 1011 apud
1479 956 1594 997 illos.
1651 955 1764 996 Inde
1786 962 1856 997 est

370 1019 489 1073 quod
521 1033 600 1073 per
628 1021 875 1062 “caelum”
901 1027 947 1062 et
979 1034 1057 1074 per
1090 1019 1336 1068 “terram,’'
1361 1019 1434 1060 ubi
1464 1019 1675 1060 habitant
1707 1017 1856 1071 angeli

370 1090 415 1124 et
447 1083 669 1132 homines,
703 1083 980 1137 significetur
1011 1082 1230 1134 ecclesia;
1276 1096 1355 1136 per
1388 1081 1633 1124 “caelum'’
1665 1080 1857 1122 ecclesia

370 1147 547 1187 interna
573 1153 619 1187 et
642 1160 819 1200 quoque
842 1146 1033 1188 ecclesia
1056 1145 1173 1199 apud
1196 1145 1412 1199 angelos;
1445 1151 1491 1186 et
1519 1156 1597 1199 per
1622 1147 1825 1185 “terram
1838 1143 1857 1159 ’'

369 1209 562 1250 ecclesia
594 1216 788 1251 externa
820 1215 867 1251 et
903 1223 1080 1263 quoque
1112 1208 1303 1250 ecclesia
1334 1209 1453 1263 apud
1486 1208 1705 1249 homines.
1767 1205 1857 1248 Sed

369 1273 470 1326 quia
492 1286 627 1326 aegre
650 1278 804 1326 potest
828 1273 949 1314 credi
970 1272 1089 1326 quod
1112 1286 1189 1326 per
1214 1275 1419 1313 “terram
1431 1272 1450 1287 ''
1471 1272 1515 1313 in
1539 1270 1695 1312 Verbo
1720 1270 1856 1312 intel-

371 1337 537 1390 ligatur
567 1336 772 1384 ecclesia,
807 1350 865 1377 ex
903 1349 1038 1377 causa
1074 1336 1176 1389 quia
1207 1335 1406 1376 nondum
1439 1341 1597 1376 notum
1629 1340 1700 1375 est
1736 1334 1856 1388 quod

369 1399 556 1452 singulis
583 1398 723 1440 Verbi
748 1399 853 1440 insit
878 1412 1035 1440 sensus
1058 1398 1314 1452 spiritualiS,
1339 1398 1456 1439 unde
1483 1397 1729 1439 materialis
1755 1398 1857 1439 idea

369 1462 601 1511 adhaeret,
635 1469 682 1503 et
714 1468 843 1503 tenet
876 1462 1204 1515 cogitationem
1241 1460 1381 1502 fixam
1412 1461 1455 1502 in
1493 1461 1702 1515 proxima
1732 1461 1856 1502 vocis

369 1524 714 1578 significatione,
742 1523 878 1565 velim
904 1538 983 1578 per
1009 1523 1135 1578 plura
1166 1523 1267 1565 loca
1292 1523 1397 1565 inde
1422 1523 1646 1565 illustrare
1672 1529 1718 1566 et
1745 1537 1854 1566 con-

371 1586 559 1628 firmare.
621 1587 759 1641 Apud
785 1587 989 1636 Esaiam,

440 1689 559 1721 ‘'Ecce
576 1689 736 1731 Jehovah
761 1699 937 1721 evacuans
961 1695 1092 1721 terram
1117 1696 1151 1721 et
1175 1689 1387 1721 exinaniens
1413 1699 1504 1728 eam,
1527 1695 1563 1721 et
1586 1694 1723 1721 evertet
1746 1689 1856 1722 facies

542 1733 619 1774 ejus
634 1742 657 1770 ;.
672 1734 938 1766 ...evacuando
962 1733 1190 1764 evacuabitur
1214 1740 1318 1771 terra,
1345 1739 1381 1766 et
1411 1733 1601 1774 spoliando
1625 1733 1855 1774 spoliabitur:

547 1802 555 1809 .
570 1801 577 1809 .
591 1801 598 1808 .
613 1777 762 1816 ,lugebit
775 1782 810 1808 et
823 1777 1060 1808 confundetur
1073 1783 1167 1808 terra
1178 1777 1382 1808 habitabilis
1387 1801 1479 1814 .....
1487 1776 1724 1808 confundetur
1737 1777 1832 1808 orbis
1848 1786 1856 1814 ς

549 1845 557 1852 .
572 1845 579 1852 .
593 1845 600 1852 .
615 1826 725 1852 .terra
740 1820 986 1860 profanabitur
1002 1821 1067 1852 sub
1083 1820 1341 1852 habitatoribus
1359 1820 1431 1852 suis
1446 1832 1470 1853 z.
1485 1845 1492 1852 .
1506 1845 1513 1852 .
1529 1827 1733 1861 .propterea
1748 1820 1856 1852 male-

542 1861 652 1895 diCtio
672 1864 835 1895 comedet
859 1870 989 1895 terram
994 1888 1086 1902 .....
1094 1869 1129 1895 et
1149 1870 1340 1895 exurentur
1359 1865 1576 1895 habitatores
1597 1870 1722 1902 terrae,
1745 1870 1780 1896 et
1803 1874 1856 1896 re-

543 1906 648 1939 lictus
675 1907 742 1938 erit
769 1907 878 1938 homo
907 1917 1018 1939 rarus.
1070 1932 1077 1939 .
1093 1906 1297 1939 ...Clamor
1321 1917 1428 1948 super
1450 1907 1535 1939 vino
1564 1908 1599 1938 in
1628 1908 1753 1948 plateis
1757 1932 1850 1945 .....

535 1950 692 1982 exulabit
716 1951 850 1983 laetitia
866 1957 981 1983 terrae
995 1962 1018 1983 z.
1034 1977 1041 1983 .
1055 1976 1063 1984 .
1077 1951 1159 1983 .erit
1183 1952 1219 1982 in
1244 1952 1362 1983 medio
1379 1958 1508 1983 terrae.
1523 1976 1530 1983 .
1545 1976 1553 1983 .
1567 1951 1673 1983 .sicut
1689 1950 1855 1983 strictura

535 1994 646 2032 oleae,
667 1994 757 2026 sicut
773 1995 1031 2026 racemationes
1049 1995 1191 2036 quando
1208 2001 1455 2026 consummata
1471 2000 1525 2026 est
1542 1995 1733 2027 vindemia.
1775 2019 1783 2027 .
1797 2019 1805 2027 .
1819 2019 1826 2027 .
1841 2019 1849 2027 .

535 2038 593 2068 Ab
610 2039 833 2070 extremitate
857 2045 972 2070 terrae
989 2039 1126 2070 cantica
1141 2039 1352 2076 audivimus,
1374 2038 1497 2070 Gloria
1519 2038 1627 2078 justo.
1668 2063 1676 2070 .
1691 2054 1719 2070 ,ι
1734 2037 1855 2070 .Cata-

535 2080 653 2112 tactae
677 2082 722 2113 ab
738 2082 811 2113 alto
828 2088 971 2122 apertae
988 2088 1082 2120 sunt,
1103 2087 1138 2114 et
1161 2089 1341 2114 commota
1364 2088 1447 2113 sunt
1470 2081 1703 2113 fundamenta
1718 2087 1854 2119 terrae;

475 2156 478 2158 .
535 2125 794 2165 confringendo
811 2124 995 2157 confracta
1018 2131 1072 2157 est
1097 2132 1200 2164 terra,
1220 2125 1475 2165 disrumpendo
1493 2126 1653 2166 disrupta
1669 2131 1723 2157 est
1739 2131 1854 2163 terra;

534 2169 795 2200 commovendo
820 2177 1000 2200 commota
1023 2175 1078 2200 est
1102 2175 1215 2207 terra;
1245 2169 1429 2200 titubando
1455 2170 1617 2200 titubabit
1643 2175 1738 2200 terra
1765 2169 1854 2201 sicut

534 2212 673 2246 ebrius:
698 2218 733 2244 et
756 2213 838 2243 hinc
862 2213 944 2244 inde
961 2213 1244 2244 commovebitur
1261 2213 1352 2244 sicut
1371 2213 1530 2252 tegillum
1544 2223 1567 2244 :.
1583 2237 1590 2244 .
1604 2237 1611 2244 .
1626 2213 1705 2244 .sed
1728 2212 1795 2244 erit
1818 2213 1854 2244 in

534 2255 591 2286 die
615 2255 676 2287 illo
693 2256 850 2287 visitabit
867 2256 1029 2298 Jehovah
1046 2266 1153 2296 super
1169 2257 1359 2287 exercitum
1377 2256 1573 2287 altitudinis
1598 2256 1634 2287 in
1654 2256 1852 2295 altitudine,

534 2304 569 2330 et
589 2308 694 2339 super
711 2309 812 2339 reges
837 2306 950 2331 terrae
975 2300 1034 2341 qui
1058 2309 1165 2340 super
1188 2299 1310 2331 terra”
1327 2299 1435 2340 (xxiv.
1456 2308 1483 2337 1,
1501 2308 1531 2337 2,
1551 2297 1616 2342 [3‚]
1635 2300 1712 2339 4-6,
1731 2308 1781 2339 11,
1801 2308 1852 2340 13,

536 2342 586 2380 16,
608 2340 696 2384 [18,]
719 2351 834 2383 19—21,
852 2344 927 2382 23);

366 2435 436 2477 hic
453 2436 688 2477 manifeste
704 2442 831 2490 patet
848 2436 968 2490 quod
987 2450 1065 2490 per
1083 2440 1107 2457 “
1120 2443 1286 2478 terram
1298 2437 1317 2453 ’'
1332 2451 1421 2478 non
1440 2437 1721 2491 intelligatur
1734 2444 1852 2480 terra

366 2499 445 2540 sed
476 2499 693 2540 ecclesia:
743 2506 1058 2552 percurrantur
1088 2500 1265 2553 singula
1296 2506 1342 2541 et
1374 2501 1704 2554 expendantur.
1765 2500 1854 2554 Qui

365 2563 410 2602 in
438 2562 658 2615 spirituali
685 2562 788 2603 idea
814 2569 898 2611 est,
928 2576 1028 2603 cum
1055 2564 1312 2604 nominatur
1341 2564 1529 2605 “terra'’
1555 2578 1645 2605 non
1677 2565 1852 2618 cogitat

365 2625 421 2666 de
451 2625 548 2678 ipsa
579 2631 712 2674 terra,
746 2626 825 2666 sed
857 2626 913 2666 de
945 2632 1085 2679 gente
1125 2627 1183 2666 ibi
1220 2632 1267 2667 et
1303 2627 1359 2667 de
1396 2626 1488 2679 ejus
1519 2626 1665 2680 quali;
1707 2628 1853 2680 magis

366 2687 512 2728 adhuc
540 2687 603 2728 illi
630 2688 703 2740 qui
729 2688 772 2728 in
795 2688 924 2729 caelo
947 2694 1078 2739 sunt;
1112 2689 1157 2729 hi
1183 2689 1285 2742 quia
1306 2689 1559 2743 spirituales
1581 2696 1686 2730 sunt
1708 2690 1851 2743 perci-

365 2751 493 2803 piunt
525 2749 790 2791 ecclesiam:
834 2752 984 2803 agitur
1013 2751 1073 2792 ibi
1109 2751 1165 2792 de
1200 2751 1278 2792 illa
1317 2751 1572 2802 destru6ta;
1606 2750 1852 2793 destructio

366 2812 459 2865 ejus
477 2812 626 2866 quoad
648 2812 815 2853 bonum
835 2814 999 2854 amoris
1018 2820 1063 2854 et
1086 2827 1240 2854 verum
1258 2814 1374 2863 fidei,
1394 2828 1507 2868 quae
1525 2815 1693 2855 faciunt
1710 2814 1849 2864 illam,

365 2875 632 2916 describitur
658 2889 736 2928 per
762 2876 882 2928 quod
912 2876 1153 2930 “Jehovah
1180 2890 1404 2918 evacuans
1427 2883 1592 2918 terram
1618 2884 1664 2918 et
1691 2878 1850 2918 exina-

365 2938 493 2978 niens
539 2937 679 2987 eam,''
724 2951 803 2991 per
847 2939 966 2992 quod
1015 2942 1172 2979 “terra
1215 2940 1478 2980 evacuando
1522 2938 1851 2987 evacuabitur,’'

367 3001 642 3054 “spoliando
660 3001 963 3055 spoliabitur,”
984 3001 1194 3055 “lugebit
1218 3008 1263 3044 et
1282 3002 1617 3053 confundetur,''
1635 3016 1712 3056 per
1729 3002 1848 3057 quod

2046 2810 2060 2928 ἐ
