<?xml version="1.0" encoding="UTF-8"?>
<!DOCTYPE html PUBLIC "-//W3C//DTD XHTML 1.0 Transitional//EN"
    "http://www.w3.org/TR/xhtml1/DTD/xhtml1-transitional.dtd">
<html xmlns="http://www.w3.org/1999/xhtml" xml:lang="en" lang="en">
 <head>
  <title>
</title>
<meta http-equiv="Content-Type" content="text/html;charset=utf-8" />
  <meta name='ocr-system' content='tesseract 3.04.00' />
  <meta name='ocr-capabilities' content='ocr_page ocr_carea ocr_par ocr_line ocrx_word'/>
</head>
<body>
  <div class='ocr_page' id='page_1' title='image "apocalypsisexpli01sweduoft_0447.png"; bbox 0 0 2060 3476; ppageno 0'>
   <div class='ocr_carea' id='block_1_1' title="bbox 625 322 1733 377">
    <p class='ocr_par' dir='ltr' id='par_1_1' title="bbox 625 322 1733 377">
     <span class='ocr_line' id='line_1_1' title="bbox 625 322 1733 377; baseline -0.006 -9"><span class='ocrx_word' id='word_1_1' title='bbox 625 335 732 368; x_wconf 78' lang='lat' dir='ltr'><strong>cAP.</strong></span> <span class='ocrx_word' id='word_1_2' title='bbox 755 333 835 376; x_wconf 88' lang='lat' dir='ltr'><strong>1v.,</strong></span> <span class='ocrx_word' id='word_1_3' title='bbox 859 333 998 366; x_wconf 80' lang='lat' dir='ltr'><strong>VERs.</strong></span> <span class='ocrx_word' id='word_1_4' title='bbox 1019 323 1169 365; x_wconf 82' lang='lat' dir='ltr'><strong>6.-N.</strong></span> <span class='ocrx_word' id='word_1_5' title='bbox 1191 322 1361 377; x_wconf 85' lang='lat' dir='ltr'><strong><em>275[a].</em></strong></span> <span class='ocrx_word' id='word_1_6' title='bbox 1653 331 1733 373; x_wconf 91' lang='lat'><strong>441</strong></span> 
     </span>
    </p>
   </div>
   <div class='ocr_carea' id='block_1_2' title="bbox 239 442 1741 904">
    <p class='ocr_par' dir='ltr' id='par_1_2' title="bbox 239 442 1741 815">
     <span class='ocr_line' id='line_1_2' title="bbox 239 442 1738 504; baseline -0.006 -12"><span class='ocrx_word' id='word_1_7' title='bbox 239 449 519 504; x_wconf 89' lang='lat' dir='ltr'><strong>significatur</strong></span> <span class='ocrx_word' id='word_1_8' title='bbox 530 448 698 490; x_wconf 86' lang='lat' dir='ltr'><strong>malum</strong></span> <span class='ocrx_word' id='word_1_9' title='bbox 708 447 872 489; x_wconf 90' lang='lat' dir='ltr'><strong>amoris</strong></span> <span class='ocrx_word' id='word_1_10' title='bbox 884 447 950 488; x_wconf 89' lang='lat' dir='ltr'><strong>sui</strong></span> <span class='ocrx_word' id='word_1_11' title='bbox 966 460 976 498; x_wconf 91' lang='lat'>;</span> <span class='ocrx_word' id='word_1_12' title='bbox 1003 460 1081 500; x_wconf 89' lang='lat' dir='ltr'><strong>per</strong></span> <span class='ocrx_word' id='word_1_13' title='bbox 1094 448 1279 499; x_wconf 89' lang='lat' dir='ltr'><strong>“regern</strong></span> <span class='ocrx_word' id='word_1_14' title='bbox 1291 442 1635 486; x_wconf 89' lang='lat' dir='ltr'><strong>vehementem”</strong></span> <span class='ocrx_word' id='word_1_15' title='bbox 1646 442 1738 496; x_wconf 87' lang='lat' dir='ltr'><strong>sig-</strong></span> 
     </span>
     <span class='ocr_line' id='line_1_3' title="bbox 240 506 1740 564; baseline -0.005 -9"><span class='ocrx_word' id='word_1_16' title='bbox 240 512 447 554; x_wconf 88' lang='lat' dir='ltr'><strong>nificatur</strong></span> <span class='ocrx_word' id='word_1_17' title='bbox 469 512 629 554; x_wconf 91' lang='lat' dir='ltr'><strong>falsum</strong></span> <span class='ocrx_word' id='word_1_18' title='bbox 655 511 787 562; x_wconf 92' lang='lat' dir='ltr'><strong>inde;</strong></span> <span class='ocrx_word' id='word_1_19' title='bbox 820 524 899 564; x_wconf 90' lang='lat' dir='ltr'><strong>per</strong></span> <span class='ocrx_word' id='word_1_20' title='bbox 920 510 1042 564; x_wconf 93' lang='lat' dir='ltr'><strong>quod</strong></span> <span class='ocrx_word' id='word_1_21' title='bbox 1067 508 1316 550; x_wconf 89' lang='lat' dir='ltr'><strong>“deficient</strong></span> <span class='ocrx_word' id='word_1_22' title='bbox 1342 521 1485 562; x_wconf 86' lang='lat' dir='ltr'><strong>aquae</strong></span> <span class='ocrx_word' id='word_1_23' title='bbox 1508 521 1568 548; x_wconf 86' lang='lat' dir='ltr'><strong>ex</strong></span> <span class='ocrx_word' id='word_1_24' title='bbox 1590 506 1740 555; x_wconf 90' lang='lat' dir='ltr'><strong>mari,”</strong></span> 
     </span>
     <span class='ocr_line' id='line_1_4' title="bbox 240 573 1739 630; baseline -0.005 -12"><span class='ocrx_word' id='word_1_25' title='bbox 240 576 519 630; x_wconf 89' lang='lat' dir='ltr'><strong>significatur</strong></span> <span class='ocrx_word' id='word_1_26' title='bbox 535 575 655 630; x_wconf 91' lang='lat' dir='ltr'><strong>quod</strong></span> <span class='ocrx_word' id='word_1_27' title='bbox 672 588 732 616; x_wconf 87' lang='lat' dir='ltr'><strong>ex</strong></span> <span class='ocrx_word' id='word_1_28' title='bbox 750 574 873 615; x_wconf 90' lang='lat' dir='ltr'><strong>omni</strong></span> <span class='ocrx_word' id='word_1_29' title='bbox 890 574 1020 627; x_wconf 89' lang='lat' dir='ltr'><strong>copia</strong></span> <span class='ocrx_word' id='word_1_30' title='bbox 1036 573 1323 614; x_wconf 84' lang='lat' dir='ltr'>scientiarum</span> <span class='ocrx_word' id='word_1_31' title='bbox 1342 585 1481 625; x_wconf 89' lang='lat' dir='ltr'><strong>usque</strong></span> <span class='ocrx_word' id='word_1_32' title='bbox 1499 584 1590 612; x_wconf 90' lang='lat' dir='ltr'><strong>non</strong></span> <span class='ocrx_word' id='word_1_33' title='bbox 1608 584 1713 611; x_wconf 89' lang='lat' dir='ltr'><strong>vera</strong></span> <span class='ocrx_word' id='word_1_34' title='bbox 1730 584 1739 620; x_wconf 90' lang='lat'>;</span> 
     </span>
     <span class='ocr_line' id='line_1_5' title="bbox 240 633 1741 694; baseline -0.005 -13"><span class='ocrx_word' id='word_1_35' title='bbox 240 647 286 681; x_wconf 93' lang='lat' dir='ltr'><strong>et</strong></span> <span class='ocrx_word' id='word_1_36' title='bbox 313 654 392 693; x_wconf 90' lang='lat' dir='ltr'><strong>per</strong></span> <span class='ocrx_word' id='word_1_37' title='bbox 413 639 533 694; x_wconf 92' lang='lat' dir='ltr'><strong>quod</strong></span> <span class='ocrx_word' id='word_1_38' title='bbox 558 638 750 679; x_wconf 83' lang='lat' dir='ltr'><strong>“fluvius</strong></span> <span class='ocrx_word' id='word_1_39' title='bbox 772 637 1075 678; x_wconf 86' lang='lat' dir='ltr'>exsiccabitur</span> <span class='ocrx_word' id='word_1_40' title='bbox 1096 642 1143 677; x_wconf 90' lang='lat' dir='ltr'><strong>et</strong></span> <span class='ocrx_word' id='word_1_41' title='bbox 1165 634 1442 683; x_wconf 86' lang='lat' dir='ltr'><strong>exarescet‚’&#39;</strong></span> <span class='ocrx_word' id='word_1_42' title='bbox 1464 633 1741 687; x_wconf 87' lang='lat' dir='ltr'><strong>significatur</strong></span> 
     </span>
     <span class='ocr_line' id='line_1_6' title="bbox 240 695 1741 757; baseline -0.005 -13"><span class='ocrx_word' id='word_1_43' title='bbox 240 703 361 757; x_wconf 89' lang='lat' dir='ltr'><strong>quod</strong></span> <span class='ocrx_word' id='word_1_44' title='bbox 384 702 506 744; x_wconf 91' lang='lat' dir='ltr'><strong>nulla</strong></span> <span class='ocrx_word' id='word_1_45' title='bbox 529 700 733 743; x_wconf 69' lang='lat' dir='ltr'><strong>doctrina</strong></span> <span class='ocrx_word' id='word_1_46' title='bbox 754 701 861 750; x_wconf 86' lang='lat' dir='ltr'><strong>veri,</strong></span> <span class='ocrx_word' id='word_1_47' title='bbox 884 706 931 742; x_wconf 89' lang='lat' dir='ltr'><strong>et</strong></span> <span class='ocrx_word' id='word_1_48' title='bbox 953 699 1056 741; x_wconf 90' lang='lat' dir='ltr'><strong>inde</strong></span> <span class='ocrx_word' id='word_1_49' title='bbox 1079 698 1202 740; x_wconf 89' lang='lat' dir='ltr'><strong>nulla</strong></span> <span class='ocrx_word' id='word_1_50' title='bbox 1222 697 1540 752; x_wconf 83' lang='lat' dir='ltr'><strong>intelligentia.</strong></span> <span class='ocrx_word' id='word_1_51' title='bbox 1581 695 1741 750; x_wconf 70' lang='lat' dir='ltr'><strong>,Apud</strong></span> 
     </span>
     <span class='ocr_line' id='line_1_7' title="bbox 240 762 1117 815; baseline -0.005 -8"><span class='ocrx_word' id='word_1_52' title='bbox 240 766 449 815; x_wconf 89' lang='lat' dir='ltr'><strong>eundem,</strong></span> <span class='ocrx_word' id='word_1_53' title='bbox 1112 762 1117 766; x_wconf 77' lang='grc'><em>”</em></span> 
     </span>
    </p>

    <p class='ocr_par' dir='ltr' id='par_1_3' title="bbox 310 858 1741 904">
     <span class='ocr_line' id='line_1_8' title="bbox 310 858 1741 904; baseline -0.005 -9"><span class='ocrx_word' id='word_1_54' title='bbox 310 863 511 895; x_wconf 83' lang='lat' dir='ltr'><strong>“visitabit</strong></span> <span class='ocrx_word' id='word_1_55' title='bbox 526 862 690 904; x_wconf 90' lang='lat' dir='ltr'><strong>Jehovah</strong></span> <span class='ocrx_word' id='word_1_56' title='bbox 713 861 834 902; x_wconf 91' lang='lat' dir='ltr'><strong>gladio</strong></span> <span class='ocrx_word' id='word_1_57' title='bbox 857 870 923 893; x_wconf 92' lang='lat' dir='ltr'><strong>suo</strong></span> <span class='ocrx_word' id='word_1_58' title='bbox 939 860 1039 899; x_wconf 89' lang='lat' dir='ltr'><strong>duro,</strong></span> <span class='ocrx_word' id='word_1_59' title='bbox 1059 870 1193 900; x_wconf 84' lang='lat' dir='ltr'><strong>magno</strong></span> <span class='ocrx_word' id='word_1_60' title='bbox 1210 865 1246 891; x_wconf 85' lang='lat' dir='ltr'><strong>et</strong></span> <span class='ocrx_word' id='word_1_61' title='bbox 1261 859 1356 897; x_wconf 80' lang='lat' dir='ltr'><strong>forti,</strong></span> <span class='ocrx_word' id='word_1_62' title='bbox 1377 868 1484 899; x_wconf 86' lang='lat' dir='ltr'><strong>super</strong></span> <span class='ocrx_word' id='word_1_63' title='bbox 1500 858 1741 890; x_wconf 86' lang='lat' dir='ltr'><strong>leviathanem</strong></span> 
     </span>
    </p>
   </div>
   <div class='ocr_carea' id='block_1_3' title="bbox 415 904 1739 991">
    <p class='ocr_par' dir='ltr' id='par_1_4' title="bbox 415 904 1739 991">
     <span class='ocr_line' id='line_1_9' title="bbox 416 904 1739 947; baseline -0.004 -9"><span class='ocrx_word' id='word_1_64' title='bbox 416 912 619 947; x_wconf 88' lang='lat' dir='ltr'>serpentem</span> <span class='ocrx_word' id='word_1_65' title='bbox 637 906 845 946; x_wconf 90' lang='lat' dir='ltr'><strong>oblongum,</strong></span> <span class='ocrx_word' id='word_1_66' title='bbox 865 911 901 937; x_wconf 91' lang='lat' dir='ltr'><strong>et</strong></span> <span class='ocrx_word' id='word_1_67' title='bbox 917 914 1024 945; x_wconf 92' lang='lat' dir='ltr'><strong>super</strong></span> <span class='ocrx_word' id='word_1_68' title='bbox 1047 904 1287 936; x_wconf 84' lang='lat' dir='ltr'><strong>leviathanem</strong></span> <span class='ocrx_word' id='word_1_69' title='bbox 1305 909 1508 944; x_wconf 88' lang='lat' dir='ltr'>serpentem</span> <span class='ocrx_word' id='word_1_70' title='bbox 1526 908 1739 939; x_wconf 86' lang='lat' dir='ltr'><strong>tortuosum,</strong></span> 
     </span>
     <span class='ocr_line' id='line_1_10' title="bbox 415 947 1198 991; baseline -0.004 -9"><span class='ocrx_word' id='word_1_71' title='bbox 415 957 452 982; x_wconf 87' lang='lat' dir='ltr'><strong>et</strong></span> <span class='ocrx_word' id='word_1_72' title='bbox 468 950 605 982; x_wconf 90' lang='lat' dir='ltr'><strong>occidet</strong></span> <span class='ocrx_word' id='word_1_73' title='bbox 621 955 719 982; x_wconf 90' lang='lat' dir='ltr'><strong>cetos</strong></span> <span class='ocrx_word' id='word_1_74' title='bbox 736 949 796 991; x_wconf 88' lang='lat' dir='ltr'><strong>qui</strong></span> <span class='ocrx_word' id='word_1_75' title='bbox 812 949 849 980; x_wconf 93' lang='lat' dir='ltr'><strong>in</strong></span> <span class='ocrx_word' id='word_1_76' title='bbox 867 948 986 980; x_wconf 88' lang='lat' dir='ltr'><strong>mari”</strong></span> <span class='ocrx_word' id='word_1_77' title='bbox 1003 948 1126 989; x_wconf 86' lang='lat' dir='ltr'><strong>(xxvii.</strong></span> <span class='ocrx_word' id='word_1_78' title='bbox 1146 947 1176 988; x_wconf 92' lang='lat'><strong>1)</strong></span> <span class='ocrx_word' id='word_1_79' title='bbox 1191 958 1198 987; x_wconf 84' lang='lat'>;</span> 
     </span>
    </p>
   </div>
   <div class='ocr_carea' id='block_1_4' title="bbox 241 1041 1748 1667">
    <p class='ocr_par' dir='ltr' id='par_1_5' title="bbox 241 1041 1748 1667">
     <span class='ocr_line' id='line_1_11' title="bbox 241 1041 1744 1099; baseline -0.004 -12"><span class='ocrx_word' id='word_1_80' title='bbox 241 1046 352 1087; x_wconf 91' lang='lat' dir='ltr'><strong>haec</strong></span> <span class='ocrx_word' id='word_1_81' title='bbox 379 1058 557 1099; x_wconf 91' lang='lat' dir='ltr'><strong>quoque</strong></span> <span class='ocrx_word' id='word_1_82' title='bbox 583 1044 639 1085; x_wconf 92' lang='lat' dir='ltr'><strong>de</strong></span> <span class='ocrx_word' id='word_1_83' title='bbox 665 1043 900 1097; x_wconf 89' lang='lat' dir='ltr'><strong>Aegypto,</strong></span> <span class='ocrx_word' id='word_1_84' title='bbox 928 1057 1006 1097; x_wconf 88' lang='lat' dir='ltr'><strong>per</strong></span> <span class='ocrx_word' id='word_1_85' title='bbox 1030 1055 1164 1097; x_wconf 92' lang='lat' dir='ltr'><strong>quam</strong></span> <span class='ocrx_word' id='word_1_86' title='bbox 1190 1041 1500 1096; x_wconf 83' lang='lat' dir='ltr'><strong>significantur</strong></span> <span class='ocrx_word' id='word_1_87' title='bbox 1525 1041 1744 1082; x_wconf 87' lang='lat' dir='ltr'><strong>scientiae</strong></span> 
     </span>
     <span class='ocr_line' id='line_1_12' title="bbox 242 1104 1743 1163; baseline -0.003 -14"><span class='ocrx_word' id='word_1_88' title='bbox 242 1123 356 1163; x_wconf 88' lang='lat' dir='ltr'><strong>quae</strong></span> <span class='ocrx_word' id='word_1_89' title='bbox 388 1107 605 1149; x_wconf 89' lang='lat' dir='ltr'><strong>naturalis</strong></span> <span class='ocrx_word' id='word_1_90' title='bbox 636 1107 854 1158; x_wconf 90' lang='lat' dir='ltr'><strong>hominis;</strong></span> <span class='ocrx_word' id='word_1_91' title='bbox 887 1121 967 1161; x_wconf 91' lang='lat' dir='ltr'><strong>per</strong></span> <span class='ocrx_word' id='word_1_92' title='bbox 994 1106 1338 1148; x_wconf 88' lang='lat' dir='ltr'><strong>“leviathanem</strong></span> <span class='ocrx_word' id='word_1_93' title='bbox 1370 1111 1629 1159; x_wconf 86' lang='lat' dir='ltr'><strong>serpentem</strong></span> <span class='ocrx_word' id='word_1_94' title='bbox 1661 1104 1743 1145; x_wconf 90' lang='lat' dir='ltr'><strong>ob-</strong></span> 
     </span>
     <span class='ocr_line' id='line_1_13' title="bbox 243 1167 1744 1225; baseline -0.004 -12"><span class='ocrx_word' id='word_1_95' title='bbox 243 1172 428 1225; x_wconf 90' lang='lat' dir='ltr'><strong>longum</strong></span> <span class='ocrx_word' id='word_1_96' title='bbox 442 1171 462 1187; x_wconf 89' lang='grc'>”</span> <span class='ocrx_word' id='word_1_97' title='bbox 479 1170 787 1225; x_wconf 89' lang='lat' dir='ltr'><strong>significantur</strong></span> <span class='ocrx_word' id='word_1_98' title='bbox 803 1170 867 1211; x_wconf 91' lang='lat' dir='ltr'><strong>illi</strong></span> <span class='ocrx_word' id='word_1_99' title='bbox 884 1171 958 1224; x_wconf 92' lang='lat' dir='ltr'><strong>qui</strong></span> <span class='ocrx_word' id='word_1_100' title='bbox 974 1170 1178 1223; x_wconf 85' lang='lat' dir='ltr'><strong>rejiciunt</strong></span> <span class='ocrx_word' id='word_1_101' title='bbox 1196 1171 1347 1211; x_wconf 89' lang='lat' dir='ltr'><strong>omnia</strong></span> <span class='ocrx_word' id='word_1_102' title='bbox 1363 1183 1477 1223; x_wconf 88' lang='lat' dir='ltr'><strong>quae</strong></span> <span class='ocrx_word' id='word_1_103' title='bbox 1494 1182 1586 1209; x_wconf 91' lang='lat' dir='ltr'><strong>non</strong></span> <span class='ocrx_word' id='word_1_104' title='bbox 1603 1167 1744 1209; x_wconf 90' lang='lat' dir='ltr'><strong>oculis</strong></span> 
     </span>
     <span class='ocr_line' id='line_1_14' title="bbox 242 1231 1743 1287; baseline -0.003 -12"><span class='ocrx_word' id='word_1_105' title='bbox 242 1235 414 1284; x_wconf 92' lang='lat' dir='ltr'><strong>vident,</strong></span> <span class='ocrx_word' id='word_1_106' title='bbox 442 1235 507 1275; x_wconf 88' lang='lat' dir='ltr'><strong>ita</strong></span> <span class='ocrx_word' id='word_1_107' title='bbox 538 1248 659 1275; x_wconf 91' lang='lat' dir='ltr'><strong>mere</strong></span> <span class='ocrx_word' id='word_1_108' title='bbox 690 1233 934 1282; x_wconf 87' lang='lat' dir='ltr'><strong>sensuales,</strong></span> <span class='ocrx_word' id='word_1_109' title='bbox 962 1234 1035 1287; x_wconf 93' lang='lat' dir='ltr'><strong>qui</strong></span> <span class='ocrx_word' id='word_1_110' title='bbox 1066 1234 1236 1287; x_wconf 89' lang='lat' dir='ltr'><strong>absque</strong></span> <span class='ocrx_word' id='word_1_111' title='bbox 1267 1232 1355 1274; x_wconf 93' lang='lat' dir='ltr'><strong>fide</strong></span> <span class='ocrx_word' id='word_1_112' title='bbox 1387 1238 1492 1273; x_wconf 89' lang='lat' dir='ltr'><strong>sunt</strong></span> <span class='ocrx_word' id='word_1_113' title='bbox 1519 1231 1621 1285; x_wconf 88' lang='lat' dir='ltr'><strong>quia</strong></span> <span class='ocrx_word' id='word_1_114' title='bbox 1653 1243 1743 1271; x_wconf 89' lang='lat' dir='ltr'><strong>non</strong></span> 
     </span>
     <span class='ocr_line' id='line_1_15' title="bbox 243 1293 1745 1351; baseline -0.003 -12"><span class='ocrx_word' id='word_1_115' title='bbox 243 1297 664 1351; x_wconf 89' lang='lat' dir='ltr'><strong>comprehendunt;</strong></span> <span class='ocrx_word' id='word_1_116' title='bbox 697 1311 775 1350; x_wconf 90' lang='lat' dir='ltr'><strong>per</strong></span> <span class='ocrx_word' id='word_1_117' title='bbox 799 1296 1144 1338; x_wconf 86' lang='lat' dir='ltr'><strong>“leviathanem</strong></span> <span class='ocrx_word' id='word_1_118' title='bbox 1171 1303 1430 1350; x_wconf 89' lang='lat' dir='ltr'><strong>serpentem</strong></span> <span class='ocrx_word' id='word_1_119' title='bbox 1457 1301 1711 1337; x_wconf 87' lang='lat' dir='ltr'><strong>tortuosum</strong></span> <span class='ocrx_word' id='word_1_120' title='bbox 1725 1293 1745 1308; x_wconf 90' lang='lat'>”</span> 
     </span>
     <span class='ocr_line' id='line_1_16' title="bbox 243 1359 1744 1414; baseline -0.003 -12"><span class='ocrx_word' id='word_1_121' title='bbox 243 1360 555 1414; x_wconf 89' lang='lat' dir='ltr'><strong>significantur</strong></span> <span class='ocrx_word' id='word_1_122' title='bbox 581 1361 655 1414; x_wconf 91' lang='lat' dir='ltr'><strong>qui</strong></span> <span class='ocrx_word' id='word_1_123' title='bbox 685 1361 787 1402; x_wconf 86' lang='lat' dir='ltr'><strong>ideo</strong></span> <span class='ocrx_word' id='word_1_124' title='bbox 813 1373 904 1401; x_wconf 92' lang='lat' dir='ltr'><strong>n-on</strong></span> <span class='ocrx_word' id='word_1_125' title='bbox 931 1360 1121 1401; x_wconf 89' lang='lat' dir='ltr'><strong>credunt</strong></span> <span class='ocrx_word' id='word_1_126' title='bbox 1148 1366 1194 1400; x_wconf 91' lang='lat' dir='ltr'><strong>et</strong></span> <span class='ocrx_word' id='word_1_127' title='bbox 1220 1373 1360 1413; x_wconf 90' lang='lat' dir='ltr'><strong>usque</strong></span> <span class='ocrx_word' id='word_1_128' title='bbox 1386 1359 1542 1400; x_wconf 92' lang='lat' dir='ltr'><strong>dicunt</strong></span> <span class='ocrx_word' id='word_1_129' title='bbox 1569 1371 1616 1398; x_wconf 90' lang='lat' dir='ltr'><strong>se</strong></span> <span class='ocrx_word' id='word_1_130' title='bbox 1648 1370 1744 1398; x_wconf 92' lang='lat' dir='ltr'><strong>cre-</strong></span> 
     </span>
     <span class='ocr_line' id='line_1_17' title="bbox 245 1422 1744 1478; baseline -0.003 -13"><span class='ocrx_word' id='word_1_131' title='bbox 245 1424 379 1475; x_wconf 90' lang='lat' dir='ltr'><strong>dere;</strong></span> <span class='ocrx_word' id='word_1_132' title='bbox 421 1438 500 1478; x_wconf 93' lang='lat' dir='ltr'><strong>per</strong></span> <span class='ocrx_word' id='word_1_133' title='bbox 524 1424 763 1478; x_wconf 89' lang='lat' dir='ltr'><strong>“gladium</strong></span> <span class='ocrx_word' id='word_1_134' title='bbox 791 1424 964 1472; x_wconf 90' lang='lat' dir='ltr'><strong>durum,</strong></span> <span class='ocrx_word' id='word_1_135' title='bbox 988 1436 1204 1477; x_wconf 90' lang='lat' dir='ltr'><strong>magnum</strong></span> <span class='ocrx_word' id='word_1_136' title='bbox 1230 1430 1276 1464; x_wconf 92' lang='lat' dir='ltr'><strong>et</strong></span> <span class='ocrx_word' id='word_1_137' title='bbox 1301 1422 1504 1471; x_wconf 87' lang='lat' dir='ltr'><strong>fortem,&#39;’</strong></span> <span class='ocrx_word' id='word_1_138' title='bbox 1526 1436 1615 1476; x_wconf 90' lang='lat' dir='ltr'><strong>quo</strong></span> <span class='ocrx_word' id='word_1_139' title='bbox 1639 1422 1744 1462; x_wconf 90' lang='lat' dir='ltr'><strong>visi-</strong></span> 
     </span>
     <span class='ocr_line' id='line_1_18' title="bbox 243 1485 1744 1541; baseline -0.002 -13"><span class='ocrx_word' id='word_1_140' title='bbox 243 1487 472 1537; x_wconf 90' lang='lat' dir='ltr'><strong>tabuntur,</strong></span> <span class='ocrx_word' id='word_1_141' title='bbox 491 1487 770 1541; x_wconf 89' lang='lat' dir='ltr'><strong>significatur</strong></span> <span class='ocrx_word' id='word_1_142' title='bbox 791 1486 1038 1529; x_wconf 65' lang='lat' dir='ltr'><strong>exstinctio</strong></span> <span class='ocrx_word' id='word_1_143' title='bbox 1060 1488 1205 1528; x_wconf 88' lang='lat' dir='ltr'><strong>omnis</strong></span> <span class='ocrx_word' id='word_1_144' title='bbox 1227 1487 1333 1536; x_wconf 88' lang='lat' dir='ltr'><strong>veri,</strong></span> <span class='ocrx_word' id='word_1_145' title='bbox 1356 1490 1381 1507; x_wconf 90' lang='lat'>“</span> <span class='ocrx_word' id='word_1_146' title='bbox 1394 1485 1603 1540; x_wconf 89' lang='lat' dir='ltr'><strong>gladius”</strong></span> <span class='ocrx_word' id='word_1_147' title='bbox 1625 1486 1744 1526; x_wconf 89' lang='lat' dir='ltr'><strong>enim</strong></span> 
     </span>
     <span class='ocr_line' id='line_1_19' title="bbox 243 1549 1746 1605; baseline -0.002 -13"><span class='ocrx_word' id='word_1_148' title='bbox 243 1558 313 1593; x_wconf 89' lang='lat' dir='ltr'><strong>est</strong></span> <span class='ocrx_word' id='word_1_149' title='bbox 338 1551 499 1592; x_wconf 88' lang='lat' dir='ltr'><strong>falsum</strong></span> <span class='ocrx_word' id='word_1_150' title='bbox 525 1551 763 1592; x_wconf 85' lang='lat' dir='ltr'><strong>destruens</strong></span> <span class='ocrx_word' id='word_1_151' title='bbox 784 1564 965 1602; x_wconf 89' lang='lat' dir='ltr'><strong>verum;</strong></span> <span class='ocrx_word' id='word_1_152' title='bbox 998 1565 1077 1605; x_wconf 88' lang='lat' dir='ltr'><strong>per</strong></span> <span class='ocrx_word' id='word_1_153' title='bbox 1100 1554 1266 1592; x_wconf 86' lang='lat' dir='ltr'><strong>“cetos</strong></span> <span class='ocrx_word' id='word_1_154' title='bbox 1291 1551 1336 1591; x_wconf 91' lang='lat' dir='ltr'><strong>in</strong></span> <span class='ocrx_word' id='word_1_155' title='bbox 1362 1550 1473 1590; x_wconf 91' lang='lat' dir='ltr'><strong>mari</strong></span> <span class='ocrx_word' id='word_1_156' title='bbox 1485 1549 1504 1565; x_wconf 91' lang='lat'>”</span> <span class='ocrx_word' id='word_1_157' title='bbox 1526 1549 1600 1603; x_wconf 87' lang='lat' dir='ltr'><strong>qui</strong></span> <span class='ocrx_word' id='word_1_158' title='bbox 1626 1549 1746 1590; x_wconf 92' lang='lat' dir='ltr'><strong>occi-</strong></span> 
     </span>
     <span class='ocr_line' id='line_1_20' title="bbox 243 1612 1748 1667; baseline -0.002 -13"><span class='ocrx_word' id='word_1_159' title='bbox 243 1614 425 1663; x_wconf 90' lang='lat' dir='ltr'><strong>dentur,</strong></span> <span class='ocrx_word' id='word_1_160' title='bbox 453 1612 770 1667; x_wconf 87' lang='lat' dir='ltr'><strong>significantur</strong></span> <span class='ocrx_word' id='word_1_161' title='bbox 800 1613 1054 1654; x_wconf 90' lang='lat' dir='ltr'><strong>scientifica</strong></span> <span class='ocrx_word' id='word_1_162' title='bbox 1084 1614 1129 1654; x_wconf 90' lang='lat' dir='ltr'><strong>in</strong></span> <span class='ocrx_word' id='word_1_163' title='bbox 1155 1613 1400 1655; x_wconf 90' lang='lat' dir='ltr'><strong>communi.</strong></span> <span class='ocrx_word' id='word_1_164' title='bbox 1460 1623 1573 1662; x_wconf 84' lang='lat' dir='ltr'><strong>(Quod</strong></span> <span class='ocrx_word' id='word_1_165' title='bbox 1591 1623 1672 1652; x_wconf 82' lang='lat' dir='ltr'><strong>haec</strong></span> <span class='ocrx_word' id='word_1_166' title='bbox 1691 1631 1748 1660; x_wconf 84' lang='lat' dir='ltr'><strong>per</strong></span> 
     </span>
    </p>
   </div>
   <div class='ocr_carea' id='block_1_5' title="bbox 243 1662 1748 1897">
    <p class='ocr_par' dir='ltr' id='par_1_6' title="bbox 243 1662 1748 1897">
     <span class='ocr_line' id='line_1_21' title="bbox 243 1662 1403 1727; baseline 0.001 -14"><span class='ocrx_word' id='word_1_167' title='bbox 243 1681 260 1693; x_wconf 81' lang='lat'><strong>‘¹</strong></span> <span class='ocrx_word' id='word_1_168' title='bbox 273 1688 360 1714; x_wconf 85' lang='lat' dir='ltr'><strong>cetos</strong></span> <span class='ocrx_word' id='word_1_169' title='bbox 371 1683 389 1694; x_wconf 84' lang='lat'><strong>&#39;’</strong></span> <span class='ocrx_word' id='word_1_170' title='bbox 405 1684 633 1722; x_wconf 85' lang='lat' dir='ltr'><strong>significentur,</strong></span> <span class='ocrx_word' id='word_1_171' title='bbox 648 1684 795 1714; x_wconf 85' lang='lat' dir='ltr'><strong>videatur</strong></span> <span class='ocrx_word' id='word_1_172' title='bbox 808 1693 839 1714; x_wconf 88' lang='lat' dir='ltr'><strong>n.</strong></span> <span class='ocrx_word' id='word_1_173' title='bbox 855 1683 965 1723; x_wconf 86' lang='lat'><strong>7293.)</strong></span> <span class='ocrx_word' id='word_1_174' title='bbox 1022 1662 1164 1727; x_wconf 78' lang='lat' dir='ltr'><strong>Apud</strong></span> <span class='ocrx_word' id='word_1_175' title='bbox 1190 1673 1403 1722; x_wconf 81' lang='lat' dir='ltr'><strong>eundem,</strong></span> 
     </span>
     <span class='ocr_line' id='line_1_22' title="bbox 311 1766 1748 1807; baseline -0.002 -7"><span class='ocrx_word' id='word_1_176' title='bbox 311 1768 457 1800; x_wconf 85' lang='lat' dir='ltr'><strong>“Silent</strong></span> <span class='ocrx_word' id='word_1_177' title='bbox 479 1768 700 1800; x_wconf 85' lang='lat' dir='ltr'><strong>habitatores</strong></span> <span class='ocrx_word' id='word_1_178' title='bbox 722 1768 872 1806; x_wconf 89' lang='lat' dir='ltr'><strong>insulae,</strong></span> <span class='ocrx_word' id='word_1_179' title='bbox 893 1774 1069 1800; x_wconf 85' lang='lat' dir='ltr'><strong>mercator</strong></span> <span class='ocrx_word' id='word_1_180' title='bbox 1086 1767 1232 1799; x_wconf 89' lang='lat' dir='ltr'><strong>Zidonis</strong></span> <span class='ocrx_word' id='word_1_181' title='bbox 1249 1768 1429 1799; x_wconf 86' lang='lat' dir='ltr'><strong>transiens</strong></span> <span class='ocrx_word' id='word_1_182' title='bbox 1447 1777 1556 1805; x_wconf 88' lang='lat' dir='ltr'><strong>mare,</strong></span> <span class='ocrx_word' id='word_1_183' title='bbox 1577 1766 1748 1807; x_wconf 87' lang='lat' dir='ltr'><strong>impleve-</strong></span> 
     </span>
     <span class='ocr_line' id='line_1_23' title="bbox 418 1810 1744 1853; baseline -0.002 -9"><span class='ocrx_word' id='word_1_184' title='bbox 418 1818 502 1845; x_wconf 85' lang='lat' dir='ltr'><strong>runt</strong></span> <span class='ocrx_word' id='word_1_185' title='bbox 515 1814 553 1843; x_wconf 68' lang='lat' dir='ltr'><strong>re</strong></span> <span class='ocrx_word' id='word_1_186' title='bbox 568 1823 592 1844; x_wconf 74' lang='grc' dir='ltr'><strong>ε.</strong></span> <span class='ocrx_word' id='word_1_187' title='bbox 607 1837 615 1844; x_wconf 91' lang='grc'><em>.</em></span> <span class='ocrx_word' id='word_1_188' title='bbox 628 1837 636 1844; x_wconf 94' lang='grc'><strong>.</strong></span> <span class='ocrx_word' id='word_1_189' title='bbox 651 1813 836 1844; x_wconf 86' lang='lat' dir='ltr'><strong>.erubesce</strong></span> <span class='ocrx_word' id='word_1_190' title='bbox 860 1812 988 1850; x_wconf 90' lang='lat' dir='ltr'><strong>Zidon,</strong></span> <span class='ocrx_word' id='word_1_191' title='bbox 1008 1812 1092 1853; x_wconf 89' lang='lat' dir='ltr'><strong>quia</strong></span> <span class='ocrx_word' id='word_1_192' title='bbox 1106 1812 1196 1843; x_wconf 87' lang='lat' dir='ltr'><strong>dixit</strong></span> <span class='ocrx_word' id='word_1_193' title='bbox 1212 1822 1321 1850; x_wconf 89' lang='lat' dir='ltr'><strong>mare,</strong></span> <span class='ocrx_word' id='word_1_194' title='bbox 1342 1811 1605 1842; x_wconf 88' lang='lat' dir='ltr'><strong>munimentum</strong></span> <span class='ocrx_word' id='word_1_195' title='bbox 1623 1810 1744 1846; x_wconf 82' lang='lat' dir='ltr'><strong>maris,</strong></span> 
     </span>
     <span class='ocr_line' id='line_1_24' title="bbox 417 1852 1745 1897; baseline -0.002 -10"><span class='ocrx_word' id='word_1_196' title='bbox 417 1856 580 1894; x_wconf 90' lang='lat' dir='ltr'><strong>dicendo,</strong></span> <span class='ocrx_word' id='word_1_197' title='bbox 602 1855 688 1887; x_wconf 90' lang='lat' dir='ltr'><strong>Non·</strong></span> <span class='ocrx_word' id='word_1_198' title='bbox 702 1856 874 1896; x_wconf 84' lang='lat' dir='ltr'><strong>parturivi</strong></span> <span class='ocrx_word' id='word_1_199' title='bbox 891 1862 927 1888; x_wconf 89' lang='lat' dir='ltr'><strong>et</strong></span> <span class='ocrx_word' id='word_1_200' title='bbox 943 1866 1017 1887; x_wconf 88' lang='lat' dir='ltr'><strong>non</strong></span> <span class='ocrx_word' id='word_1_201' title='bbox 1040 1856 1172 1897; x_wconf 83' lang='lat' dir='ltr'><strong>peperi.</strong></span> <span class='ocrx_word' id='word_1_202' title='bbox 1193 1862 1228 1887; x_wconf 90' lang='lat' dir='ltr'><strong>et</strong></span> <span class='ocrx_word' id='word_1_203' title='bbox 1244 1865 1318 1887; x_wconf 90' lang='lat' dir='ltr'><strong>non</strong></span> <span class='ocrx_word' id='word_1_204' title='bbox 1336 1855 1484 1887; x_wconf 87' lang='lat' dir='ltr'><strong>educavi</strong></span> <span class='ocrx_word' id='word_1_205' title='bbox 1500 1854 1652 1895; x_wconf 88' lang='lat' dir='ltr'><strong>juvenes</strong></span> <span class='ocrx_word' id='word_1_206' title='bbox 1679 1852 1745 1895; x_wconf 91' lang='lat' dir='ltr'><strong>[et]</strong></span> 
     </span>
    </p>
   </div>
   <div class='ocr_carea' id='block_1_6' title="bbox 416 1898 1744 1985">
    <p class='ocr_par' dir='ltr' id='par_1_7' title="bbox 416 1898 1744 1985">
     <span class='ocr_line' id='line_1_25' title="bbox 416 1898 1744 1941; baseline -0.002 -10"><span class='ocrx_word' id='word_1_207' title='bbox 416 1899 622 1931; x_wconf 87' lang='lat' dir='ltr'><strong>adolescere</strong></span> <span class='ocrx_word' id='word_1_208' title='bbox 646 1899 714 1931; x_wconf 82' lang='lat' dir='ltr'><strong>feci</strong></span> <span class='ocrx_word' id='word_1_209' title='bbox 733 1900 912 1940; x_wconf 87' lang='lat' dir='ltr'><strong>virgines;</strong></span> <span class='ocrx_word' id='word_1_210' title='bbox 941 1909 1020 1931; x_wconf 88' lang='lat' dir='ltr'><strong>curn</strong></span> <span class='ocrx_word' id='word_1_211' title='bbox 1042 1899 1140 1931; x_wconf 78' lang='lat' dir='ltr'><strong>sarna</strong></span> <span class='ocrx_word' id='word_1_212' title='bbox 1155 1899 1335 1941; x_wconf 82' lang='lat' dir='ltr'><strong>Aegypto,</strong></span> <span class='ocrx_word' id='word_1_213' title='bbox 1355 1899 1480 1930; x_wconf 92' lang='lat' dir='ltr'><strong>dolore</strong></span> <span class='ocrx_word' id='word_1_214' title='bbox 1497 1898 1744 1939; x_wconf 84' lang='lat' dir='ltr'><strong>corripientur,</strong></span> 
     </span>
     <span class='ocr_line' id='line_1_26' title="bbox 417 1942 999 1985; baseline 0 -10"><span class='ocrx_word' id='word_1_215' title='bbox 417 1944 508 1975; x_wconf 89' lang='lat' dir='ltr'><strong>sicut</strong></span> <span class='ocrx_word' id='word_1_216' title='bbox 525 1943 623 1975; x_wconf 76' lang='lat' dir='ltr'><strong>fama</strong></span> <span class='ocrx_word' id='word_1_217' title='bbox 639 1943 726 1985; x_wconf 89' lang='lat' dir='ltr'><strong>Tyri</strong></span> <span class='ocrx_word' id='word_1_218' title='bbox 736 1942 755 1955; x_wconf 81' lang='lat'><strong>’¹</strong></span> <span class='ocrx_word' id='word_1_219' title='bbox 771 1943 882 1984; x_wconf 84' lang='lat' dir='ltr'><strong>(xxiii.</strong></span> <span class='ocrx_word' id='word_1_220' title='bbox 901 1943 978 1984; x_wconf 87' lang='lat'><strong>2-5)</strong></span> <span class='ocrx_word' id='word_1_221' title='bbox 992 1953 999 1982; x_wconf 84' lang='grc'>;</span> 
     </span>
    </p>
   </div>
   <div class='ocr_carea' id='block_1_7' title="bbox 239 2039 1750 2726">
    <p class='ocr_par' dir='ltr' id='par_1_8' title="bbox 239 2039 1750 2726">
     <span class='ocr_line' id='line_1_27' title="bbox 242 2039 1748 2096; baseline -0.001 -13"><span class='ocrx_word' id='word_1_222' title='bbox 242 2039 321 2096; x_wconf 82' lang='lat' dir='ltr'><strong>per</strong></span> <span class='ocrx_word' id='word_1_223' title='bbox 344 2045 369 2062; x_wconf 91' lang='lat'><em>“</em></span> <span class='ocrx_word' id='word_1_224' title='bbox 384 2041 636 2082; x_wconf 92' lang='lat' dir='ltr'><strong>Zidonem&#39;’</strong></span> <span class='ocrx_word' id='word_1_225' title='bbox 659 2047 706 2083; x_wconf 90' lang='lat' dir='ltr'><strong>et</strong></span> <span class='ocrx_word' id='word_1_226' title='bbox 730 2041 972 2095; x_wconf 88' lang='lat' dir='ltr'><strong>“Tyrum’&#39;</strong></span> <span class='ocrx_word' id='word_1_227' title='bbox 995 2040 1307 2095; x_wconf 86' lang='lat' dir='ltr'><strong>significantur</strong></span> <span class='ocrx_word' id='word_1_228' title='bbox 1329 2041 1615 2094; x_wconf 84' lang='lat' dir='ltr'><strong>cognitiones</strong></span> <span class='ocrx_word' id='word_1_229' title='bbox 1641 2040 1748 2081; x_wconf 92' lang='lat' dir='ltr'><strong>boni</strong></span> 
     </span>
     <span class='ocr_line' id='line_1_28' title="bbox 242 2104 1749 2159; baseline -0.001 -12"><span class='ocrx_word' id='word_1_230' title='bbox 242 2112 289 2147; x_wconf 92' lang='lat' dir='ltr'><strong>et</strong></span> <span class='ocrx_word' id='word_1_231' title='bbox 313 2106 422 2155; x_wconf 89' lang='lat' dir='ltr'><strong>veri,</strong></span> <span class='ocrx_word' id='word_1_232' title='bbox 449 2119 587 2159; x_wconf 90' lang='lat' dir='ltr'><strong>quare</strong></span> <span class='ocrx_word' id='word_1_233' title='bbox 619 2105 783 2147; x_wconf 90' lang='lat' dir='ltr'><strong>dicitur</strong></span> <span class='ocrx_word' id='word_1_234' title='bbox 811 2109 1075 2147; x_wconf 86' lang='lat' dir='ltr'><strong>“mercator</strong></span> <span class='ocrx_word' id='word_1_235' title='bbox 1102 2105 1286 2146; x_wconf 91' lang='lat' dir='ltr'><strong>Zidonis</strong></span> <span class='ocrx_word' id='word_1_236' title='bbox 1318 2105 1542 2146; x_wconf 88' lang='lat' dir='ltr'><strong>transiens</strong></span> <span class='ocrx_word' id='word_1_237' title='bbox 1574 2117 1696 2156; x_wconf 81' lang='lat' dir='ltr'><strong>mare</strong></span> <span class='ocrx_word' id='word_1_238' title='bbox 1715 2104 1749 2155; x_wconf 89' lang='lat'><strong>;”</strong></span> 
     </span>
     <span class='ocr_line' id='line_1_29' title="bbox 245 2167 1748 2223; baseline -0.001 -13"><span class='ocrx_word' id='word_1_239' title='bbox 245 2173 270 2190; x_wconf 91' lang='lat'>“</span> <span class='ocrx_word' id='word_1_240' title='bbox 283 2168 539 2211; x_wconf 84' lang='lat' dir='ltr'><strong>mercator&#39;&#39;</strong></span> <span class='ocrx_word' id='word_1_241' title='bbox 554 2174 625 2210; x_wconf 92' lang='lat' dir='ltr'><strong>est</strong></span> <span class='ocrx_word' id='word_1_242' title='bbox 641 2170 714 2223; x_wconf 92' lang='lat' dir='ltr'><strong>qui</strong></span> <span class='ocrx_word' id='word_1_243' title='bbox 732 2176 967 2223; x_wconf 89' lang='lat' dir='ltr'><strong>comparat</strong></span> <span class='ocrx_word' id='word_1_244' title='bbox 985 2170 1067 2220; x_wconf 88' lang='lat' dir='ltr'><strong>sibi</strong></span> <span class='ocrx_word' id='word_1_245' title='bbox 1086 2169 1185 2210; x_wconf 89' lang='lat' dir='ltr'><strong>illas</strong></span> <span class='ocrx_word' id='word_1_246' title='bbox 1203 2176 1249 2210; x_wconf 93' lang='lat' dir='ltr'><strong>et</strong></span> <span class='ocrx_word' id='word_1_247' title='bbox 1267 2169 1572 2210; x_wconf 88' lang='lat' dir='ltr'><strong>communicat</strong></span> <span class='ocrx_word' id='word_1_248' title='bbox 1590 2167 1600 2209; x_wconf 71' lang='grc' dir='ltr'><strong>ε’</strong></span> <span class='ocrx_word' id='word_1_249' title='bbox 1628 2168 1748 2222; x_wconf 91' lang='lat' dir='ltr'><strong>quod</strong></span> 
     </span>
     <span class='ocr_line' id='line_1_30' title="bbox 244 2231 1750 2287; baseline -0.001 -13"><span class='ocrx_word' id='word_1_250' title='bbox 244 2232 352 2274; x_wconf 90' lang='lat' dir='ltr'><strong>nihil</strong></span> <span class='ocrx_word' id='word_1_251' title='bbox 383 2232 490 2274; x_wconf 90' lang='lat' dir='ltr'><strong>boni</strong></span> <span class='ocrx_word' id='word_1_252' title='bbox 521 2238 569 2274; x_wconf 91' lang='lat' dir='ltr'><strong>et</strong></span> <span class='ocrx_word' id='word_1_253' title='bbox 595 2233 688 2274; x_wconf 90' lang='lat' dir='ltr'><strong>veri</strong></span> <span class='ocrx_word' id='word_1_254' title='bbox 721 2247 799 2287; x_wconf 91' lang='lat' dir='ltr'><strong>per</strong></span> <span class='ocrx_word' id='word_1_255' title='bbox 827 2233 928 2274; x_wconf 88' lang='lat' dir='ltr'><strong>illas</strong></span> <span class='ocrx_word' id='word_1_256' title='bbox 954 2233 1036 2274; x_wconf 91' lang='lat' dir='ltr'><strong>sibi</strong></span> <span class='ocrx_word' id='word_1_257' title='bbox 1069 2234 1445 2286; x_wconf 86' lang='lat' dir='ltr'><strong>comparaverint,</strong></span> <span class='ocrx_word' id='word_1_258' title='bbox 1473 2231 1750 2286; x_wconf 87' lang='lat' dir='ltr'><strong>significatur</strong></span> 
     </span>
     <span class='ocr_line' id='line_1_31' title="bbox 244 2286 1749 2350; baseline -0.001 -13"><span class='ocrx_word' id='word_1_259' title='bbox 244 2298 323 2350; x_wconf 73' lang='lat' dir='ltr'><strong>per</strong></span> <span class='ocrx_word' id='word_1_260' title='bbox 355 2295 527 2337; x_wconf 86' lang='lat' dir='ltr'><strong>“Dixit</strong></span> <span class='ocrx_word' id='word_1_261' title='bbox 560 2309 697 2346; x_wconf 87' lang='lat' dir='ltr'><strong>mare,</strong></span> <span class='ocrx_word' id='word_1_262' title='bbox 732 2296 838 2338; x_wconf 92' lang='lat' dir='ltr'><strong>Non</strong></span> <span class='ocrx_word' id='word_1_263' title='bbox 870 2297 1085 2350; x_wconf 88' lang='lat' dir='ltr'><strong>parturivi</strong></span> <span class='ocrx_word' id='word_1_264' title='bbox 1123 2310 1205 2337; x_wconf 92' lang='lat' dir='ltr'><strong>nec</strong></span> <span class='ocrx_word' id='word_1_265' title='bbox 1239 2286 1405 2350; x_wconf 80' lang='lat' dir='ltr'><strong>peperi,</strong></span> <span class='ocrx_word' id='word_1_266' title='bbox 1438 2310 1530 2337; x_wconf 91' lang='lat' dir='ltr'><strong>non</strong></span> <span class='ocrx_word' id='word_1_267' title='bbox 1562 2296 1749 2337; x_wconf 88' lang='lat' dir='ltr'><strong>educavi</strong></span> 
     </span>
     <span class='ocr_line' id='line_1_32' title="bbox 239 2359 1748 2414; baseline -0.001 -13"><span class='ocrx_word' id='word_1_268' title='bbox 239 2361 426 2414; x_wconf 90' lang='lat' dir='ltr'><strong>juvenes</strong></span> <span class='ocrx_word' id='word_1_269' title='bbox 457 2365 504 2400; x_wconf 93' lang='lat' dir='ltr'><strong>et</strong></span> <span class='ocrx_word' id='word_1_270' title='bbox 536 2359 798 2401; x_wconf 89' lang='lat' dir='ltr'><strong>adolescere</strong></span> <span class='ocrx_word' id='word_1_271' title='bbox 829 2360 912 2401; x_wconf 91' lang='lat' dir='ltr'><strong>feci</strong></span> <span class='ocrx_word' id='word_1_272' title='bbox 943 2360 1140 2413; x_wconf 89' lang='lat' dir='ltr'><strong>virgines</strong></span> <span class='ocrx_word' id='word_1_273' title='bbox 1157 2359 1191 2410; x_wconf 90' lang='lat'><strong>;&#39;’</strong></span> <span class='ocrx_word' id='word_1_274' title='bbox 1234 2359 1520 2413; x_wconf 91' lang='lat' dir='ltr'><strong>“parturire&#39;’</strong></span> <span class='ocrx_word' id='word_1_275' title='bbox 1552 2366 1598 2400; x_wconf 94' lang='lat' dir='ltr'><strong>et</strong></span> <span class='ocrx_word' id='word_1_276' title='bbox 1631 2363 1748 2413; x_wconf 85' lang='lat' dir='ltr'><strong>“pa-</strong></span> 
     </span>
     <span class='ocr_line' id='line_1_33' title="bbox 244 2421 1750 2477; baseline -0.001 -13"><span class='ocrx_word' id='word_1_277' title='bbox 244 2422 372 2464; x_wconf 90' lang='lat' dir='ltr'><strong>rere”</strong></span> <span class='ocrx_word' id='word_1_278' title='bbox 409 2429 479 2463; x_wconf 90' lang='lat' dir='ltr'><strong>est</strong></span> <span class='ocrx_word' id='word_1_279' title='bbox 517 2422 766 2476; x_wconf 90' lang='lat' dir='ltr'><strong>producere</strong></span> <span class='ocrx_word' id='word_1_280' title='bbox 804 2423 970 2477; x_wconf 87' lang='lat' dir='ltr'><strong>aliquid</strong></span> <span class='ocrx_word' id='word_1_281' title='bbox 1008 2437 1068 2464; x_wconf 85' lang='lat' dir='ltr'><strong>ex</strong></span> <span class='ocrx_word' id='word_1_282' title='bbox 1106 2423 1454 2476; x_wconf 90' lang='lat' dir='ltr'><strong>cognitionibus,</strong></span> <span class='ocrx_word' id='word_1_283' title='bbox 1495 2421 1714 2475; x_wconf 89' lang='lat' dir='ltr'><strong>“juvenes</strong></span> <span class='ocrx_word' id='word_1_284' title='bbox 1729 2421 1750 2437; x_wconf 88' lang='lat'><strong>&#39;&#39;</strong></span> 
     </span>
     <span class='ocr_line' id='line_1_34' title="bbox 245 2486 1747 2540; baseline -0.001 -12"><span class='ocrx_word' id='word_1_285' title='bbox 245 2493 349 2528; x_wconf 89' lang='lat' dir='ltr'><strong>sunt</strong></span> <span class='ocrx_word' id='word_1_286' title='bbox 371 2500 490 2535; x_wconf 88' lang='lat' dir='ltr'><strong>vera,</strong></span> <span class='ocrx_word' id='word_1_287' title='bbox 514 2491 561 2527; x_wconf 91' lang='lat' dir='ltr'><strong>et</strong></span> <span class='ocrx_word' id='word_1_288' title='bbox 586 2486 821 2539; x_wconf 90' lang='lat' dir='ltr'><strong>“virgines</strong></span> <span class='ocrx_word' id='word_1_289' title='bbox 833 2486 853 2502; x_wconf 89' lang='lat'><strong>‘’</strong></span> <span class='ocrx_word' id='word_1_290' title='bbox 875 2487 1148 2528; x_wconf 65' lang='lat' dir='ltr'><strong>sunt-bona:</strong></span> <span class='ocrx_word' id='word_1_291' title='bbox 1183 2486 1304 2540; x_wconf 91' lang='lat' dir='ltr'><strong>quod</strong></span> <span class='ocrx_word' id='word_1_292' title='bbox 1330 2486 1434 2527; x_wconf 90' lang='lat' dir='ltr'><strong>inde</strong></span> <span class='ocrx_word' id='word_1_293' title='bbox 1459 2500 1563 2527; x_wconf 90' lang='lat' dir='ltr'><strong>usus</strong></span> <span class='ocrx_word' id='word_1_294' title='bbox 1589 2486 1747 2539; x_wconf 86' lang='lat' dir='ltr'><strong>cogni-</strong></span> 
     </span>
     <span class='ocr_line' id='line_1_35' title="bbox 245 2549 1748 2603; baseline -0.001 -12"><span class='ocrx_word' id='word_1_295' title='bbox 245 2552 421 2591; x_wconf 88' lang='lat' dir='ltr'><strong>tionum</strong></span> <span class='ocrx_word' id='word_1_296' title='bbox 447 2555 495 2591; x_wconf 88' lang='lat' dir='ltr'><strong>et</strong></span> <span class='ocrx_word' id='word_1_297' title='bbox 520 2549 809 2590; x_wconf 90' lang='lat' dir='ltr'><strong>scientiarum</strong></span> <span class='ocrx_word' id='word_1_298' title='bbox 835 2551 1080 2603; x_wconf 89' lang='lat' dir='ltr'><strong>periturum</strong></span> <span class='ocrx_word' id='word_1_299' title='bbox 1107 2550 1179 2598; x_wconf 90' lang='lat' dir='ltr'><strong>sit,</strong></span> <span class='ocrx_word' id='word_1_300' title='bbox 1204 2549 1482 2603; x_wconf 88' lang='lat' dir='ltr'><strong>significatur</strong></span> <span class='ocrx_word' id='word_1_301' title='bbox 1506 2563 1586 2603; x_wconf 87' lang='lat' dir='ltr'><strong>per</strong></span> <span class='ocrx_word' id='word_1_302' title='bbox 1609 2553 1748 2590; x_wconf 89' lang='lat' dir='ltr'><strong>“cum</strong></span> 
     </span>
     <span class='ocr_line' id='line_1_36' title="bbox 245 2612 1748 2667; baseline -0.001 -13"><span class='ocrx_word' id='word_1_303' title='bbox 245 2614 362 2654; x_wconf 84' lang='lat' dir='ltr'><strong>fama</strong></span> <span class='ocrx_word' id='word_1_304' title='bbox 382 2612 618 2666; x_wconf 88' lang='lat' dir='ltr'><strong>Aegypto,</strong></span> <span class='ocrx_word' id='word_1_305' title='bbox 637 2612 794 2654; x_wconf 82' lang='lat' dir='ltr'><strong>dolore</strong></span> <span class='ocrx_word' id='word_1_306' title='bbox 812 2613 1123 2667; x_wconf 88' lang='lat' dir='ltr'><strong>corripientur,</strong></span> <span class='ocrx_word' id='word_1_307' title='bbox 1142 2614 1257 2654; x_wconf 91' lang='lat' dir='ltr'><strong>sicut</strong></span> <span class='ocrx_word' id='word_1_308' title='bbox 1274 2613 1393 2655; x_wconf 89' lang='lat' dir='ltr'><strong>fama</strong></span> <span class='ocrx_word' id='word_1_309' title='bbox 1410 2612 1556 2667; x_wconf 88' lang='lat' dir='ltr'><strong>Tyri.&#39;&#39;</strong></span> <span class='ocrx_word' id='word_1_310' title='bbox 1610 2612 1748 2667; x_wconf 90' lang='lat' dir='ltr'><strong>Apud</strong></span> 
     </span>
     <span class='ocr_line' id='line_1_37' title="bbox 245 2676 532 2726; baseline -0.003 -8"><span class='ocrx_word' id='word_1_311' title='bbox 245 2676 532 2726; x_wconf 66' lang='lat' dir='ltr'><strong>Ezechielem,</strong></span> 
     </span>
    </p>
   </div>
   <div class='ocr_carea' id='block_1_8' title="bbox 334 2771 1749 2946">
    <p class='ocr_par' dir='ltr' id='par_1_9' title="bbox 334 2771 1749 2946">
     <span class='ocr_line' id='line_1_38' title="bbox 334 2771 1746 2814; baseline -0.001 -10"><span class='ocrx_word' id='word_1_312' title='bbox 334 2771 577 2804; x_wconf 74' lang='lat' dir='ltr'><strong>‘Descenderit</strong></span> <span class='ocrx_word' id='word_1_313' title='bbox 590 2772 743 2812; x_wconf 92' lang='lat' dir='ltr'><strong>desuper</strong></span> <span class='ocrx_word' id='word_1_314' title='bbox 756 2772 894 2804; x_wconf 83' lang='lat' dir='ltr'><strong>thronis</strong></span> <span class='ocrx_word' id='word_1_315' title='bbox 907 2773 980 2804; x_wconf 87' lang='lat' dir='ltr'><strong>suis</strong></span> <span class='ocrx_word' id='word_1_316' title='bbox 1009 2782 1136 2806; x_wconf 87' lang='lat' dir='ltr'><strong>omnes</strong></span> <span class='ocrx_word' id='word_1_317' title='bbox 1163 2773 1340 2814; x_wconf 89' lang='lat' dir='ltr'><strong>principes</strong></span> <span class='ocrx_word' id='word_1_318' title='bbox 1366 2774 1488 2812; x_wconf 89' lang='lat' dir='ltr'><strong>maris,</strong></span> <span class='ocrx_word' id='word_1_319' title='bbox 1517 2779 1553 2805; x_wconf 86' lang='lat' dir='ltr'><strong>et</strong></span> <span class='ocrx_word' id='word_1_320' title='bbox 1578 2773 1746 2814; x_wconf 88' lang='lat' dir='ltr'><strong>abjicient</strong></span> 
     </span>
     <span class='ocr_line' id='line_1_39' title="bbox 419 2814 1749 2858; baseline 0.002 -13"><span class='ocrx_word' id='word_1_321' title='bbox 419 2814 572 2846; x_wconf 88' lang='lat' dir='ltr'><strong>amicula</strong></span> <span class='ocrx_word' id='word_1_322' title='bbox 587 2824 662 2852; x_wconf 88' lang='lat' dir='ltr'><strong>sua,</strong></span> <span class='ocrx_word' id='word_1_323' title='bbox 682 2821 718 2846; x_wconf 91' lang='lat' dir='ltr'><strong>et</strong></span> <span class='ocrx_word' id='word_1_324' title='bbox 734 2822 852 2847; x_wconf 83' lang='lat' dir='ltr'><strong>vestes</strong></span> <span class='ocrx_word' id='word_1_325' title='bbox 869 2814 1095 2857; x_wconf 69' lang='lat' dir='ltr'><strong>acupicturae</strong></span> <span class='ocrx_word' id='word_1_326' title='bbox 1112 2827 1198 2858; x_wconf 82' lang='lat' dir='ltr'><strong>suae</strong></span> <span class='ocrx_word' id='word_1_327' title='bbox 1215 2823 1357 2855; x_wconf 86' lang='lat' dir='ltr'><strong>exuent,</strong></span> <span class='ocrx_word' id='word_1_328' title='bbox 1378 2818 1573 2848; x_wconf 88' lang='lat' dir='ltr'><strong>terroribus</strong></span> <span class='ocrx_word' id='word_1_329' title='bbox 1598 2818 1749 2848; x_wconf 89' lang='lat' dir='ltr'><strong>induen-</strong></span> 
     </span>
     <span class='ocr_line' id='line_1_40' title="bbox 419 2858 1748 2902; baseline 0.002 -13"><span class='ocrx_word' id='word_1_330' title='bbox 419 2864 512 2890; x_wconf 71' lang='grc' dir='ltr'><strong>ωτι.</strong></span> <span class='ocrx_word' id='word_1_331' title='bbox 526 2882 535 2890; x_wconf 92' lang='grc'><em>.</em></span> <span class='ocrx_word' id='word_1_332' title='bbox 548 2882 556 2889; x_wconf 93' lang='grc'><em>.</em></span> <span class='ocrx_word' id='word_1_333' title='bbox 571 2858 714 2890; x_wconf 85' lang='lat' dir='ltr'><strong>.tollent</strong></span> <span class='ocrx_word' id='word_1_334' title='bbox 730 2868 837 2899; x_wconf 91' lang='lat' dir='ltr'><strong>super</strong></span> <span class='ocrx_word' id='word_1_335' title='bbox 853 2864 887 2891; x_wconf 90' lang='lat' dir='ltr'><strong>te</strong></span> <span class='ocrx_word' id='word_1_336' title='bbox 911 2860 1218 2899; x_wconf 85' lang='lat' dir='ltr'><strong>lamentationem,</strong></span> <span class='ocrx_word' id='word_1_337' title='bbox 1238 2866 1274 2893; x_wconf 92' lang='lat' dir='ltr'><strong>et</strong></span> <span class='ocrx_word' id='word_1_338' title='bbox 1290 2861 1420 2897; x_wconf 91' lang='lat' dir='ltr'><strong>dicent,</strong></span> <span class='ocrx_word' id='word_1_339' title='bbox 1442 2861 1632 2902; x_wconf 79' lang='lat' dir='ltr'><strong>Quomodo</strong></span> <span class='ocrx_word' id='word_1_340' title='bbox 1658 2862 1748 2901; x_wconf 86' lang='lat' dir='ltr'><strong>peri-</strong></span> 
     </span>
     <span class='ocr_line' id='line_1_41' title="bbox 418 2901 1718 2946; baseline 0.002 -14"><span class='ocrx_word' id='word_1_341' title='bbox 418 2901 488 2939; x_wconf 88' lang='lat' dir='ltr'><strong>isti,</strong></span> <span class='ocrx_word' id='word_1_342' title='bbox 508 2901 667 2933; x_wconf 86' lang='lat' dir='ltr'><strong>habitata</strong></span> <span class='ocrx_word' id='word_1_343' title='bbox 682 2912 704 2933; x_wconf 91' lang='lat' dir='ltr'><strong>a</strong></span> <span class='ocrx_word' id='word_1_344' title='bbox 720 2903 889 2941; x_wconf 82' lang='lat' dir='ltr'><strong>maribus,</strong></span> <span class='ocrx_word' id='word_1_345' title='bbox 905 2905 990 2935; x_wconf 92' lang='lat' dir='ltr'><strong>urbs</strong></span> <span class='ocrx_word' id='word_1_346' title='bbox 1007 2904 1151 2936; x_wconf 87' lang='lat' dir='ltr'><strong>laudata</strong></span> <span class='ocrx_word' id='word_1_347' title='bbox 1167 2915 1257 2946; x_wconf 89' lang='lat' dir='ltr'><strong>quae</strong></span> <span class='ocrx_word' id='word_1_348' title='bbox 1274 2904 1340 2936; x_wconf 83' lang='lat' dir='ltr'><strong>fuit</strong></span> <span class='ocrx_word' id='word_1_349' title='bbox 1356 2905 1476 2936; x_wconf 91' lang='lat' dir='ltr'><strong>valida</strong></span> <span class='ocrx_word' id='word_1_350' title='bbox 1492 2905 1528 2935; x_wconf 92' lang='lat' dir='ltr'><strong>in</strong></span> <span class='ocrx_word' id='word_1_351' title='bbox 1547 2905 1635 2935; x_wconf 85' lang='lat' dir='ltr'><strong>mari</strong></span> <span class='ocrx_word' id='word_1_352' title='bbox 1652 2914 1674 2941; x_wconf 75' lang='grc' dir='ltr'><strong>ς.</strong></span> <span class='ocrx_word' id='word_1_353' title='bbox 1691 2930 1697 2935; x_wconf 93' lang='grc'><strong><em>.</em></strong></span> <span class='ocrx_word' id='word_1_354' title='bbox 1713 2930 1718 2935; x_wconf 92' lang='grc'><strong>.</strong></span> 
     </span>
    </p>
   </div>
   <div class='ocr_carea' id='block_1_9' title="bbox 419 2946 1738 3029">
    <p class='ocr_par' dir='ltr' id='par_1_10' title="bbox 419 2946 1738 3029">
     <span class='ocr_line' id='line_1_42' title="bbox 419 2946 1738 3029; baseline 0.001 -53"><span class='ocrx_word' id='word_1_355' title='bbox 419 2954 545 3029; x_wconf 62' lang='grc' dir='ltr'>ᾳυατὲ)</span> <span class='ocrx_word' id='word_1_356' title='bbox 557 2946 858 2985; x_wconf 88' lang='lat' dir='ltr'><strong>perturbabuntur</strong></span> <span class='ocrx_word' id='word_1_357' title='bbox 883 2947 1022 2980; x_wconf 89' lang='lat' dir='ltr'><strong>insulae</strong></span> <span class='ocrx_word' id='word_1_358' title='bbox 1051 2948 1087 2979; x_wconf 91' lang='lat' dir='ltr'><strong>in</strong></span> <span class='ocrx_word' id='word_1_359' title='bbox 1117 2949 1205 2980; x_wconf 83' lang='lat' dir='ltr'><strong>mari</strong></span> <span class='ocrx_word' id='word_1_360' title='bbox 1235 2949 1281 2980; x_wconf 90' lang='lat' dir='ltr'><strong>ob</strong></span> <span class='ocrx_word' id='word_1_361' title='bbox 1308 2949 1454 2980; x_wconf 86' lang='lat' dir='ltr'><strong>exitium</strong></span> <span class='ocrx_word' id='word_1_362' title='bbox 1481 2954 1580 2979; x_wconf 90' lang='lat' dir='ltr'><strong>tuum</strong></span> <span class='ocrx_word' id='word_1_363' title='bbox 1591 2947 1609 2960; x_wconf 88' lang='lat'><strong>&#39;’</strong></span> <span class='ocrx_word' id='word_1_364' title='bbox 1636 2947 1738 2986; x_wconf 76' lang='lat' dir='ltr'><strong>(xxvi.</strong></span> 
     </span>
     <span class='ocr_line' id='line_1_43' title="bbox 426 2994 818 3028; baseline 0 0"><span class='ocrx_word' id='word_1_365' title='bbox 426 2996 506 3028; x_wconf 82' lang='lat'>15-1</span> <span class='ocrx_word' id='word_1_366' title='bbox 559 2998 566 3028; x_wconf 74' lang='grc' dir='ltr'><strong>ἱ</strong></span> <span class='ocrx_word' id='word_1_367' title='bbox 813 2994 818 2999; x_wconf 87' lang='grc'><em>“</em></span> 
     </span>
    </p>
   </div>
  </div>
 </body>
</html>
