2060 3476
339 368 424 421 480
754 374 1085 409 APOCALYPSIS
1116 374 1415 413 EXPLICATA.

339 487 529 530 existere
548 487 650 529 inde
668 502 678 539 ;
710 487 788 529 sed
810 487 921 529 haec
939 487 1028 529 duo
1049 488 1091 529 in
1112 488 1316 530 omnibus
1333 486 1544 529 Universi
1566 492 1669 528 sunt
1687 485 1824 529 finita.

342 551 453 593 Inde
485 557 555 592 est
587 551 706 604 quod
742 551 813 592 hic
845 551 1021 592 dicatur
1053 551 1311 592 “Dominus
1342 549 1504 599 Deus,”
1537 549 1827 591 “Dominus”

341 614 460 654 enim
482 613 705 666 significat
729 613 939 654 Divinum
967 614 1143 655 Bonum
1166 613 1316 654 Divini
1338 612 1536 661 Amoris,
1559 625 1610 653 ae
1636 611 1796 652 “Deus
1808 610 1826 626 ’'

343 674 558 715 Divinum
594 674 767 715 Verum
806 674 1000 716 Divinae
1037 674 1315 728 Sapientiae.
1373 684 1486 723 (Quod
1504 683 1650 724 Jehovah
1668 683 1701 712 in
1719 683 1828 712 Verbo

341 733 464 762 dicatur
478 736 495 748 ‘¹
507 733 691 764 Dominus''
715 742 754 762 ex
777 733 893 762 Divino
916 734 1016 768 Bono,
1032 733 1176 763 videatur
1196 742 1227 763 n.
1242 742 1332 772 4973,
1347 733 1437 771 9167,
1452 741 1549 770 9194:
1578 741 1615 761 ac
1630 734 1647 746 ¹·
1658 730 1772 761 Deus''
1789 740 1828 760 ex

344 783 460 812 Divino
478 783 574 818 Vero,
590 792 621 812 n.
638 783 726 820 2586.
743 783 831 820 2769,
848 785 936 819 2807,
953 784 1041 817 2822,
1055 791 1144 820 3921,
1159 784 1248 820 4287,
1264 791 1354 820 4402,
1369 791 1459 819 7010,
1475 781 1580 821 9167.)
1651 768 1727 810 EX
1757 769 1826 810 his

342 840 470 888 patet
492 833 611 888 quod
628 837 652 854 “
666 833 986 887 omnipotens’'
1003 832 1226 886 significat
1244 832 1479 881 infinitum,
1499 838 1544 873 et
1563 832 1682 886 quod
1701 834 1725 852 “
1740 829 1830 884 Qui

343 903 454 946 erat,
477 897 550 951 qui
574 902 658 946 est,
682 903 727 938 et
754 897 835 951 qui'
853 893 1105 945 vent'urusss’
1127 895 1350 950 significat
1376 901 1621 936 aeternum.

959 1077 1095 1102 vensus
1114 1077 1211 1111 9—11.

419 1141 544 1195 28⁷·
582 1155 642 1182 “ft
659 1163 722 1182 oum
741 1156 883 1183 dederunt
900 1155 1043 1183 AnImalla
1059 1155 1180 1188 alorlam
1199 1156 1230 1182 et
1247 1155 1381 1182 honorem
1399 1156 1431 1182 et
1447 1154 1607 1187 oratiarum
1622 1154 1763 1181 antonem
1778 1152 1830 1180 82-

339 1195 422 1222 dent!
438 1202 528 1227 super
542 1195 653 1227 throno,
672 1196 780 1222 Viventi
797 1196 826 1222 in
841 1197 960 1222 saecula
975 1197 1152 1222 saeculorum
1160 1203 1171 1226 ,·
1195 1195 1385 1228 procidebant
1401 1195 1502 1228 vlointi
1518 1195 1550 1221 ot
1563 1195 1685 1227 quatuor
1699 1194 1830 1220 seniores

339 1240 435 1260 coram
453 1232 576 1260 Sedente
595 1241 683 1266 super
697 1234 807 1265 throno,
825 1235 855 1260 et
872 1233 1033 1260 adorabant
1053 1233 1194 1260 Vioentem
1213 1233 1243 1259 ln
1262 1234 1380 1260 saecula
1398 1233 1587 1263 saeculorum,
1607 1233 1637 1258 et
1654 1231 1832 1264 abstolebant

339 1277 460 1298 coronas
478 1278 548 1298 suas
569 1278 663 1298 coram
682 1271 792 1302 throno,
812 1271 951 1303 dicentee,
972 1270 1078 1304 Dlanuo
1099 1278 1140 1302 οε,
1161 1270 1284 1302 Domlne,
1304 1270 1436 1302 accipere
1457 1269 1576 1302 glortam
1598 1270 1628 1296 et
1647 1269 1779 1295 honorem
1801 1270 1831 1295 et

339 1310 522 1340 potestatem.
539 1309 606 1342 qula
624 1309 657 1335 Tu
672 1309 784 1336 creasti
797 1309 900 1340 omnla,
917 1310 947 1336 ot
960 1316 1014 1341 per
1029 1309 1202 1336 voluntatem
1217 1310 1296 1335 tuam
1311 1309 1385 1335 sunt
1395 1309 1425 1334 et
1437 1309 1539 1334 creata
1552 1306 1654 1334 ⁸unt.''

1063 1361 1074 1373 θ

383 1396 415 1428 9.
449 1388 511 1421 “Et
526 1398 602 1421 cum
620 1387 788 1421 dederunt
803 1387 966 1421 Animalia
986 1387 1131 1431 gloriam
1149 1390 1186 1421 et
1198 1387 1359 1421 honorem
1377 1390 1413 1421 et
1424 1387 1618 1431 matianum
1634 1386 1812 1423 actionem.
1822 1387 1830 1399 ⁰

515 1432 679 1474 signifieat
706 1433 882 1464 Divinum
912 1433 1031 1464 Verum
1059 1437 1090 1463 et
1114 1433 1290 1464 Divinum
1318 1432 1467 1471 Bonum,
1495 1443 1534 1463 ac
1554 1432 1830 1474 glorificationem

520 1476 571 1520 [n.
589 1476 671 1519 288]
682 1488 691 1515 ;
718 1476 879 1510 “Sedenti
899 1486 1006 1520 supet·
1021 1476 1150 1514 throno,
1169 1479 1205 1510 et
1223 1476 1353 1510 Viventi
1372 1476 1406 1510 in
1426 1476 1568 1510 saecula
1584 1475 1831 1512 saeculorum:¹

515 1520 676 1563 signifieat
690 1532 712 1553 a
727 1532 791 1564 quo
806 1522 922 1553 omnia
938 1522 1021 1553 caeli
1034 1526 1065 1552 et
1078 1522 1234 1559 ecclesiae,
1251 1525 1283 1552 et
1296 1522 1369 1552 vita
1385 1526 1521 1552 aeterna
1541 1520 1592 1564 [n.
1610 1519 1707 1562 289].

365 1592 415 1624 10,
435 1592 448 1616 1
458 1592 484 1616 1.
511 1583 755 1618 “Pr-ocidobant
768 1584 886 1628 riqinti
896 1587 931 1618 et
941 1587 1089 1628 quatuor
1100 1578 1257 1618 seniores
1276 1594 1390 1618 coram
1409 1583 1553 1618 Sedente
1565 1593 1671 1626 super·
1684 1583 1831 1621 thronol'

515 1628 675 1670 significat
690 1629 959 1660 humiliationem
976 1634 1007 1660 et
1019 1634 1101 1660 tunc
1112 1629 1316 1670 agnitionem
1333 1628 1374 1660 ab
1391 1629 1459 1660 illis
1470 1629 1531 1670 qui
1545 1629 1583 1659 in
1599 1639 1678 1659 vero
1693 1639 1735 1659 ex
1751 1628 1832 1659 bono

514 1678 604 1711 sunt,
622 1674 711 1715 quod
729 1684 751 1704 a
767 1674 916 1705 Domino
932 1674 1045 1705 onmia
1062 1673 1145 1705 caeli
1161 1678 1192 1704 et
1206 1673 1353 1704 ecclesiae
1371 1673 1423 1716 [n.
1442 1672 1544 1715 290];
1572 1675 1629 1706 “ot
1641 1671 1834 1705 adorabant

521 1717 689 1751 viventem
705 1717 738 1751 in
754 1718 896 1752 saecula
912 1718 1157 1755 saecolorum?
1171 1716 1334 1758 significat
1350 1718 1618 1749 humiliationem
1634 1721 1666 1748 et
1677 1721 1760 1748 tunc
1774 1727 1830 1758 ag-

517 1763 676 1793 nitionem
687 1763 776 1804 quod
784 1774 805 1793 a
818 1763 967 1794 Domino
977 1763 1049 1793 vita
1060 1767 1195 1793 aeterna
1211 1762 1262 1805 [n.
1275 1761 1358 1804 291]
1368 1773 1377 1800 ;
1405 1764 1463 1795 “et
1472 1760 1675 1805 abjiciebant
1685 1770 1832 1794 coronae

516 1815 604 1840 suas
620 1816 735 1839 comm
753 1806 899 1843 thr0n0,''
913 1805 1076 1848 significat
1093 1806 1361 1838 humiliationem
1378 1810 1409 1837 et
1422 1810 1503 1837 tune
1518 1806 1722 1847 agnitionem
1739 1806 1832 1837 corde

515 1852 605 1893 quod
618 1851 710 1883 nihil
722 1851 800 1883 boni
813 1862 855 1882 ex
871 1851 948 1889 illis,
964 1852 1022 1883 sed
1033 1852 1123 1893 quod
1134 1861 1229 1883 omne
1243 1861 1264 1882 a
1281 1851 1429 1882 Domino
1448 1850 1496 1893 [n.
1515 1849 1597 1892 292]
1609 1861 1618 1888 ;
1645 1849 1830 1887 “dicentem

517 1895 646 1938 Dignus
673 1905 722 1932 es,
751 1895 898 1931 Domine.
927 1895 1085 1938 accipere
1109 1894 1256 1939 glot-iam
1283 1897 1320 1928 et
1344 1894 1503 1928 honorem
1533 1897 1568 1928 et
1593 1894 1831 1937 potestatem?

517 1939 680 1981 signifieat
697 1941 851 1971 meritum
868 1944 899 1971 et
902 1940 1075 1982 justitiam
1091 1950 1175 1981 quoe
1190 1939 1325 1971 Divino
1340 1939 1502 1970 Humano
1518 1939 1672 1977 Domini,
1689 1939 1779 1980 quod
1790 1949 1832 1969 ex

516 1995 551 2015 eo
565 1985 609 2015 sit
619 1995 714 2015 omne
725 1984 901 2015 Divinum
924 1984 1043 2015 Verum
1060 1995 1100 2015 ac
1111 1984 1285 2015 Divinum
1299 1983 1447 2021 Bonum,
1461 1988 1492 2014 et
1500 1983 1644 2014 salvatio
1660 1983 1710 2025 [n.
1725 1981 1808 2024 293]
1820 1993 1829 2021 ;

519 2027 617 2072 “quia
634 2028 678 2061 Tu
695 2027 827 2062 creasti
839 2028 978 2066 omnia,''
992 2028 1152 2070 significat
1165 2029 1255 2070 quod
1263 2028 1304 2058 ab
1317 2028 1390 2069 Ipso
1402 2028 1509 2059 omnis
1520 2027 1695 2058 existentia
1711 2031 1743 2058 et
1756 2027 1830 2058 vita

515 2073 568 2110 sit,
585 2084 625 2103 ac
639 2074 765 2104 caelum
783 2073 852 2104 illis
867 2073 929 2114 qui
943 2073 1117 2114 ‘recipiunt
1137 2072 1188 2115 [n.
1207 2071 1289 2114 294]
1304 2083 1312 2109 3
1340 2073 1397 2104 “ef
1414 2081 1480 2114 pet·
1506 2071 1712 2104 voluntatem
1737 2073 1830 2104 illam

517 2119 601 2150 sont
615 2119 652 2150 et
665 2119 783 2150 creata
800 2117 908 2154 sunt,''
925 2116 1087 2158 significat
1104 2118 1193 2158 quod
1204 2122 1270 2158 per
1284 2116 1458 2148 Divinum
1475 2115 1610 2147 Bonum
1626 2116 1706 2153 sint,
1722 2119 1754 2146 et
1767 2120 1832 2157 per

517 2161 692 2192 Divinum
719 2162 837 2192 Verum
854 2161 1001 2192 existant
1018 2161 1070 2204 [n.
1090 2160 1186 2203 295].

420 2262 630 2317 288[a].
670 2273 777 2312 [νινε.
797 2274 841 2312 9.]
881 2268 906 2287 ¹¹
918 2263 969 2303 ft
999 2276 1090 2304 oum
1123 2263 1324 2303 dedet-unt
1351 2262 1546 2303 Animalia
1580 2262 1755 2315 ⁸olor-iam
1788 2265 1834 2303 ot

341 2322 531 2364 honorem
559 2326 604 2362 et
626 2323 859 2375 gratiarum
889 2322 1324 2375 actionem.'¹—Quod
1355 2322 1580 2375 significet
1608 2322 1831 2363 Divinum

352 2384 511 2426 Verum
540 2390 582 2425 et
610 2384 824 2425 Divinum
854 2384 1039 2434 Bonum,
1071 2398 1122 2426 ac
1144 2384 1522 2438 glorificationem,
1555 2389 1737 2425 constat
1769 2397 1828 2424 ex

341 2446 669 2501 significatione
697 2447 905 2500 “gloriae
931 2453 977 2488 et
1003 2447 1222 2496 honoris,”
1248 2460 1348 2488 cum
1381 2447 1436 2488 de
1471 2446 1681 2495 Domino,
1709 2446 1829 2500 quod

341 2511 399 2551 sit
422 2510 633 2551 Divinum
656 2509 826 2550 Verum
846 2516 891 2551 et
910 2510 1120 2550 Divinum
1144 2509 1357 2558 Bonum‚'’
1382 2513 1406 2530 “
1421 2509 1594 2563 gloria‘’
1617 2509 1828 2550 Divinum

342 2573 527 2621 Verum,
561 2586 611 2614 ac
647 2573 830 2614 “honor
843 2573 862 2588 ”
894 2573 1105 2613 Divinum
1143 2573 1317 2614 Bonum
1352 2571 1428 2626 (de
1463 2565 1828 2626 qua‚sequitur);

340 2642 388 2677 et
414 2649 473 2676 ex
500 2635 828 2688 significatione
857 2636 1139 2688 “gratiarum
1166 2634 1393 2683 a&ionis,’'
1418 2635 1538 2688 quod
1570 2635 1627 2675 sit
1659 2633 1828 2687 glorifi-

342 2699 475 2740 catio.
552 2697 671 2750 Quid
702 2712 781 2751 per
811 2698 1184 2751 glorificationem
1220 2698 1291 2739 hic
1322 2697 1604 2750 intelligituf,
1637 2697 1827 2750 primum

342 2761 542 2802 dicetur:
575 2760 855 2814 glorificatio,
881 2775 980 2802 cum
1003 2775 1028 2801 a
1051 2761 1261 2810 Domino,
1281 2766 1350 2802 est
1373 2765 1613 2813 perpetuus
1635 2759 1828 2800 influxus

342 2824 492 2865 Divini
519 2823 632 2865 Boni
654 2825 764 2864 uniti
790 2824 955 2866 Divino
978 2824 1101 2865 Vero
1122 2823 1240 2876 apud
1261 2822 1450 2878 angeios
1473 2828 1518 2863 et
1540 2822 1658 2875 apud
1684 2822 1827 2863 homi-

343 2901 448 2938 nes;
479 2893 526 2928 et
552 2886 670 2940 apud
702 2887 784 2928 hos
811 2893 857 2928 et
888 2887 988 2928 illos
1017 2886 1284 2940 glorificatio
1311 2886 1492 2927 Domini
1517 2892 1587 2926 est
1613 2885 1825 2938 receptio,

341 2956 388 2992 et
414 2950 587 3003 agnitio
614 2950 748 2991 corde
770 2950 890 3003 quod
916 2963 1049 2991 omne
1075 2950 1241 2991 bonum
1267 2956 1313 2991 et
1339 2962 1472 2990 omne
1499 2961 1652 2990 verum
1677 2961 1703 2988 a
1729 2947 1824 2988 Do-

340 3013 462 3057 mino
488 3014 559 3063 sit,
587 3019 633 3054 et
655 3013 758 3054 inde
784 3013 928 3054 omnis
954 3013 1270 3066 intelligentia,
1298 3013 1517 3066 sapientia
1539 3018 1585 3053 et
1609 3011 1826 3061 felicitas;
