2060 3476
326 324 409 373 608
743 339 1071 373 APoCALYPSIS
1102 340 1397 373 EXPLICATA.

325 451 727 505 correspondentia
763 451 954 510 illorum,
989 466 1103 506 quae
1134 452 1238 493 talis
1270 458 1355 501 est,
1389 457 1438 493 ut
1474 451 1547 492 ubi
1583 450 1627 492 in
1658 451 1812 493 Verbo

324 514 584 555 nominatur
600 514 766 568 aliquid
784 515 870 556 cibi
888 521 934 556 et
952 515 1071 569 quod
1093 515 1278 556 inservit
1301 529 1381 568 pro
1399 514 1513 562 cibo,
1534 513 1813 566 intelligatur

323 578 519 628 bonum;
562 583 608 618 et
640 578 713 618 ubi
745 578 1002 619 nominatur
1033 577 1200 631 aliquid
1231 584 1365 631 potus
1396 583 1443 618 et
1474 576 1594 630 quod
1629 576 1813 617 inservit

324 653 404 693 pro
426 646 551 693 potu,
571 639 854 693 intelligatur
870 654 1038 681 verum.
1099 640 1175 681 Ex
1196 639 1265 680 his
1288 645 1498 681 constare
1521 644 1675 692 potest
1692 638 1811 692 quod

324 715 403 755 per
436 703 781 755 “sanguinem”
812 716 944 757 quem
976 702 1052 743 filii
1088 702 1268 743 Israelis
1305 716 1364 743 ex
1401 701 1574 756 pecude
1606 700 1811 742 Paschali

319 764 429 817 jussi
462 772 566 806 sunt
598 766 704 807 dare
736 779 867 819 super
898 765 1010 806 duos
1047 771 1202 819 postes
1234 770 1280 806 et
1313 778 1445 818 super
1475 763 1813 818 superliminare

323 828 537 869 domuum
559 828 752 878 illorum,
777 828 1059 881 intelligatur
1082 827 1293 868 Divinum
1316 827 1486 868 Verum
1510 826 1760 881 procedens
1786 839 1812 866 a

323 890 521 932 Domino
538 906 547 942 ;
580 891 666 933 hoc
685 892 823 932 etiam
842 897 1076 944 receptum
1098 889 1184 931 fide
1211 896 1257 931 et
1274 890 1367 931 vita
1390 896 1564 931 tutatur
1581 888 1810 929 hominem

322 960 483 995 contra
508 953 627 994 mala
653 967 766 1007 quae
792 959 1044 1006 exsurgunt
1071 966 1130 994 ex
1156 953 1354 1004 inferno;
1387 965 1492 993 nam
1519 952 1740 992 Dominus
1765 951 1810 991 in

322 1015 487 1057 Divino
514 1015 604 1057 Suo
630 1016 754 1057 Vero
781 1022 851 1057 est
877 1016 996 1069 apud
1027 1015 1272 1065 hominem,
1301 1021 1371 1057 est
1397 1016 1515 1056 enim
1545 1015 1688 1068 Ipsius
1715 1013 1810 1053 Do-

321 1079 428 1119 mini
450 1079 568 1132 apud
590 1078 729 1128 illum,
754 1079 892 1119 immo
916 1079 1018 1132 Ipse
1041 1078 1158 1133 apud
1184 1078 1323 1119 illum.
1385 1077 1496 1131 Quis
1519 1090 1624 1126 non,
1649 1077 1722 1130 qui
1750 1090 1808 1117 ex

321 1155 430 1182 sana
455 1143 631 1182 ratione
653 1142 843 1195 cogitat,
872 1142 1023 1182 videre
1049 1147 1217 1195 potest,
1241 1141 1361 1195 quod
1389 1141 1609 1182 Dominus
1635 1153 1725 1180 non
1751 1140 1809 1181 sit

320 1204 362 1244 in
390 1205 607 1257 sanguine
630 1218 709 1245 suo
732 1204 849 1258 apud
876 1203 1085 1258 aliquem,
1110 1204 1189 1245 sed
1214 1204 1258 1244 in
1286 1203 1450 1244 Divino
1473 1216 1567 1251 suo,
1591 1202 1711 1255 quod
1737 1208 1808 1243 est

320 1267 496 1308 Bonum
523 1268 686 1308 amoris
712 1273 758 1307 et
788 1267 963 1307 Bonum
989 1266 1104 1316 fidei,
1133 1266 1251 1320 quod
1277 1266 1487 1319 recipitur
1513 1265 1570 1305 ab
1595 1263 1807 1305 homine?

320 1329 421 1367 (Quid
441 1334 547 1359 autem
569 1330 693 1367 singula
713 1329 755 1358 ibi
776 1329 963 1367 significant,
978 1337 1095 1366 nempe
1109 1329 1187 1366 quid
1202 1329 1295 1357 “duo
1316 1332 1422 1366 postes
1433 1327 1450 1336 ''
1466 1331 1498 1356 et
1513 1330 1529 1341 ‘¹
1540 1325 1808 1364 superliminare,''

319 1375 396 1412 quid
408 1377 424 1389 ¹⁸
435 1376 575 1413 perditor
585 1375 601 1384 '⁵
615 1379 646 1404 et
657 1378 675 1389 ‘¹
685 1383 851 1412 percussor
860 1373 877 1384 ''
891 1378 922 1403 et
934 1374 1011 1411 quid
1022 1373 1240 1412 “Aegyptus,''
1254 1377 1284 1402 et
1298 1373 1376 1410 quid
1390 1372 1482 1410 plura
1493 1372 1525 1400 in
1536 1372 1590 1401 illo
1601 1371 1713 1409 capite,
1724 1371 1810 1401 vide-

318 1425 388 1449 atur
402 1420 434 1449 in
448 1420 588 1450 Arcanis
603 1420 799 1454 Caelestibus,
815 1419 870 1448 ubi
885 1419 938 1449 ina
951 1419 1107 1463 explicata
1121 1418 1218 1456 sunt.)

403 1474 486 1530 [b.]
529 1475 605 1515 Ex
627 1474 696 1515 his
719 1487 836 1514 nunc
860 1474 1031 1527 absque
1053 1473 1268 1514 ulteriore
1286 1471 1599 1525 explicatione
1621 1475 1806 1512 constat

319 1538 424 1592 quid
456 1536 733 1591 significatur
761 1549 839 1589 per
871 1535 1054 1576 Domini
1079 1534 1217 1575 verba
1243 1546 1344 1574 cum
1370 1533 1566 1574 instituit
1593 1530 1806 1573 Sanctam

319 1601 491 1644 Cenam
508 1614 516 1641 ε

388 1693 410 1706 “
422 1691 619 1723 Edentibus
639 1690 712 1722 illis
729 1689 834 1732 Jesus
853 1688 992 1729 accepit
1011 1697 1153 1729 panem,
1170 1693 1206 1719 et
1225 1687 1421 1725 benedixit,
1441 1686 1549 1726 fregit
1567 1691 1603 1718 et
1621 1686 1719 1718 dedit
1738 1686 1809 1718 dis-

493 1735 631 1775 cipulis,
655 1739 690 1765 et
718 1733 817 1771 dixit,
845 1732 1020 1772 Accipite,
1043 1731 1231 1769 comedite,
1253 1731 1321 1762 hoc
1346 1736 1402 1762 est
1426 1729 1567 1770 Corpus
1597 1739 1735 1762 meum:
1772 1735 1808 1762 et

492 1778 630 1818 accepit
653 1777 833 1818 poculum,
861 1781 896 1808 et
919 1776 1045 1816 gratiis
1070 1773 1160 1806 actis
1185 1774 1283 1806 dedit
1307 1774 1371 1812 eis,
1394 1773 1528 1812 dicens,
1553 1773 1672 1804 Bibite
1696 1783 1741 1804 ex
1763 1782 1808 1804 eo

493 1831 632 1859 omnes,
652 1822 719 1853 hoc
737 1821 832 1852 enim
854 1825 909 1852 est
928 1819 1081 1859 Sanguis
1101 1828 1202 1850 meus
1223 1817 1317 1849 Novi
1338 1817 1508 1848 Foederis
1524 1816 1584 1858 qui
1604 1826 1669 1857 pro
1685 1816 1807 1848 multis

492 1865 701 1897 effunditur.
716 1889 723 1896 .
737 1889 744 1896 .
759 1889 784 1896 ..
835 1863 925 1895 Dico
939 1862 1041 1894 vobis
1055 1862 1149 1903 quod
1167 1871 1240 1892 non
1257 1861 1432 1892 bibiturus
1447 1860 1514 1891 sim
1531 1870 1553 1891 a
1570 1869 1663 1891 nunc
1680 1870 1724 1891 ex
1740 1860 1807 1891 hoc

492 1909 675 1949 genimine
696 1907 779 1939 vitis
798 1917 911 1948 usque
930 1907 975 1938 ad
994 1906 1090 1938 diem
1111 1905 1209 1936 illum
1231 1904 1373 1945 quando
1393 1904 1460 1935 hoc
1479 1904 1603 1935 bibero
1620 1903 1806 1935 vobiscum

493 1950 660 1995 [novum]
690 1952 727 1983 in
756 1960 868 1991 regno
881 1950 915 1982 ’'.
931 1975 938 1982 .
951 1974 959 1982 .
973 1951 1015 1982 .“
1029 1949 1098 1981 Dei
1111 1949 1130 1961 ''
1157 1948 1300 1989 (Matth.
1321 1947 1415 1980 xxvi.
1437 1947 1566 1988 26-29;
1600 1947 1712 1979 Marc.
1732 1946 1803 1979 xiV.

494 2003 598 2035 22-25
614 2005 621 2035 ;
645 1996 729 2027 Luc.
743 1995 830 2026 xxii.
849 1993 984 2034 15-2o):

318 2086 421 2139 quia
461 2098 539 2138 per
578 2082 799 2124 “vinum”
836 2081 1105 2134 intelligitur
1144 2079 1356 2120 Divinum
1394 2077 1566 2119 Verum
1607 2077 1806 2118 nutriens

318 2147 596 2202 spiritualem
627 2147 783 2194 vitam,
816 2144 919 2185 ideo
956 2143 1177 2184 Dominus
1213 2141 1300 2182 illis
1336 2141 1459 2189 dicit,
1491 2140 1644 2180 “Dico
1677 2140 1805 2180 vobis

319 2210 438 2264 quod
461 2223 552 2250 non
574 2209 792 2250 bibiturus
810 2208 893 2247 sim
915 2220 941 2247 a
963 2218 1079 2246 nunc
1104 2218 1162 2245 ex
1186 2203 1272 2244 hoc
1296 2203 1523 2256 genimine
1541 2203 1645 2243 vitis
1667 2216 1806 2255 usque

318 2273 376 2315 ad
394 2274 512 2314 diem
530 2272 654 2313 illum
672 2270 851 2324 quando
873 2269 959 2309 hoc
983 2268 1137 2309 bibero
1154 2266 1387 2308 vobiscum
1410 2278 1577 2305 novum
1599 2265 1643 2305 in
1665 2278 1807 2317 regno

319 2337 405 2377 Dei
421 2336 454 2387 ;”
485 2335 588 2376 inde
615 2339 743 2388 patet
766 2332 885 2387 quod
911 2329 1140 2385 spirituale
1166 2330 1224 2369 sit
1247 2328 1366 2382 quod
1392 2326 1672 2380 intelligitur,
1696 2328 1805 2368 dicit

319 2400 438 2440 enim
460 2398 580 2452 quod
602 2397 741 2450 “Ipse
763 2396 981 2437 bibiturus
1003 2394 1060 2434 sit
1084 2406 1185 2434 cum
1208 2391 1333 2441 illis,”
1351 2397 1397 2432 et
1420 2390 1540 2444 quod
1561 2391 1642 2430 “in
1663 2403 1805 2443 regno

320 2462 435 2503 Dei'‘
467 2475 545 2502 seu
576 2461 620 2501 in
652 2459 809 2509 caelo;
848 2465 894 2499 et
925 2456 1045 2511 quod
1077 2457 1215 2497 etiam
1249 2453 1469 2496 “esurus''
1500 2466 1600 2494 cum
1633 2452 1720 2493 illis
1751 2453 1807 2494 de
1850 2470 1854 2474 “

318 2525 491 2580 pecude
510 2523 716 2564 Paschali
733 2523 791 2563 ibi
813 2520 932 2575 (Luc.
949 2520 1060 2560 xxii.
1082 2518 1164 2573 16).
1211 2517 1287 2558 Ex
1306 2517 1393 2558 illis
1407 2530 1523 2573 quae·
1539 2529 1671 2569 supra
1688 2513 1808 2556 dista

319 2594 438 2637 sunt,
454 2588 592 2628 etiam
610 2591 794 2627 constat
812 2584 916 2638 quid
936 2581 1214 2636 significatur
1230 2594 1309 2634 per
1326 2579 1438 2620 haec
1458 2579 1640 2619 Domini
1653 2578 1803 2627 verba,

387 2682 409 2696 “
424 2681 533 2713 Panis
550 2690 656 2721 quem
677 2679 754 2719 Ego
773 2679 867 2710 dabo
888 2678 982 2710 Caro
1002 2687 1084 2708 mea
1103 2682 1168 2708 est.
1209 2700 1303 2708 .....
1312 2675 1441 2713 Amen,
1462 2684 1567 2706 amen
1587 2673 1667 2705 dico
1687 2673 1804 2710 vobis,

495 2724 574 2756 Nisi
591 2722 819 2754 comederitis
834 2721 990 2753 Carnem
1009 2721 1088 2752 Filii
1103 2720 1273 2756 hominis,
1290 2724 1326 2750 et
1341 2718 1504 2750 biberitis
1524 2717 1640 2758 Ipsius
1658 2717 1808 2758 Sangui-

493 2777 587 2805 nem,
610 2776 684 2798 non
703 2765 882 2801 habebitis
902 2765 1013 2796 vitam
1034 2764 1070 2795 in
1090 2764 1213 2795 vobis:
1242 2762 1301 2804 qui
1321 2762 1478 2794 eomedit
1497 2771 1615 2792 meam
1637 2760 1804 2798 Carnem,

492 2817 528 2843 et
543 2811 634 2842 bibit
650 2819 770 2841 meum
788 2809 1018 2849 Sanguinem,
1038 2808 1146 2839 habet
1162 2807 1272 2838 vitam
1290 2812 1486 2843 aeternam,
1506 2810 1542 2836 et
1562 2804 1639 2844 Ego
1656 2804 1807 2835 resusci-

492 2855 577 2886 tabo
594 2854 694 2885 illum
712 2859 873 2884 extremo
888 2853 945 2883 die
961 2862 967 2888 :
993 2861 1077 2883 nam
1095 2850 1189 2882 Caro
1206 2860 1287 2881 mea
1302 2855 1356 2881 est
1373 2858 1456 2880 vere
1474 2848 1583 2885 cibus,
1602 2853 1636 2879 et
1653 2847 1806 2887 Sanguis

492 2908 595 2930 meus
615 2903 671 2929 est
689 2906 773 2928 vere
797 2901 924 2936 potus:
950 2895 1009 2936 qui
1029 2894 1186 2926 comedit
1205 2903 1322 2925 meam
1344 2892 1497 2924 Carnem
1518 2897 1554 2923 et
1577 2891 1668 2922 bibit
1687 2900 1804 2922 meum

493 2941 723 2982 Sanguinem,
744 2940 781 2971 in
804 2939 864 2971 Me
884 2944 1006 2970 manet
1024 2944 1060 2970 et
1081 2938 1156 2978 Ego
1177 2938 1214 2968 in
1233 2937 1309 2969 illo.
1350 2960 1445 2968 .....
1455 2935 1525 2967 Hic
1547 2935 1655 2967 Panis
1675 2940 1730 2966 est
1746 2935 1804 2975 qui

492 2996 511 3018 e
529 2985 629 3017 caelo
645 2983 856 3016 descendit”
874 2982 973 3025 (Jok.
987 2983 1036 3014 vi.
1053 2980 1192 3022 50-58);
