2060 3476
281 338 335 380 82
697 348 1030 382 APOCALvPffls
1061 349 1361 384 EXPLICATA.

451 473 554 505 aqua,
571 470 606 496 et
615 461 855 496 ffldesolentur
866 457 922 496 vir
937 469 973 496 et
988 464 1109 504 frater,
1125 470 1160 498 et
1176 454 1435 499 contabescant
1452 472 1600 508 propter
1612 467 1778 509 iniquita-

452 507 534 539 tes''
551 507 611 549 (iv.
630 508 681 546 16,
701 515 761 547 17;
786 518 862 549 cap.
878 508 939 541 xii.
958 509 1009 547 18,
1028 516 1089 550 19:
1113 510 1213 543 Esai.
1229 510 1266 543 li.
1285 509 1360 551 14);

279 583 398 637 apud
424 582 580 633 Amos,

349 660 372 674 ‘¹
386 659 476 691 Ecce
489 659 565 691 dies
579 659 736 697 venient,
752 659 878 700 quibus
896 659 1086 692 immittam
1106 660 1238 692 famem
1255 660 1292 693 in
1310 666 1442 693 terram
1457 671 1464 699 ;
1489 671 1563 693 non
1581 652 1714 693 famem
1733 662 1778 694 ad

455 713 596 744 panem,
615 704 841 744 neque‚sitim
858 703 904 735 ad
919 713 1041 746 aquas,
1057 704 1121 736 sed
1136 705 1181 736 ad
1194 705 1410 737 audiendum
1425 705 1583 737 Verbum
1597 705 1756 748 Jehovae
1771 714 1779 743 ;

455 748 681 787 vagabuntur
694 758 715 778 a
731 748 821 779 mari
838 748 883 779 ad
900 757 999 779 mare
1003 772 1095 786 .....
1103 754 1138 780 et
1150 748 1352 781 discurrent
1369 749 1414 781 ad
1431 749 1676 790 quaerendum
1690 749 1780 781 Ver-

455 792 539 822 bum
557 791 727 832 Jehovae,
745 801 811 822 nec
828 791 1014 823 invenient
1028 801 1035 830 ;
1059 793 1095 824 in
1109 793 1165 824 die
1183 793 1244 824 illo
1258 793 1425 825 deficient
1437 793 1595 834 virgines
1611 792 1780 834 pulchrae

456 840 491 866 et
506 834 658 876 juvenes
676 835 735 867 siti
747 834 764 847 '⁸
782 834 868 875 (viii.
888 835 1007 876 11-13)
1022 845 1030 874 ;
1087 846 1090 848 ·

281 910 401 964 apud
430 910 710 960 Saclzarz'am,

438 987 515 1019 “In
533 987 589 1019 die
607 974 668 1019 iilo
685 987 834 1019 exibunt
850 997 962 1029 aquae
979 987 1083 1020 vivae
1100 998 1145 1020 ex
1163 987 1421 1030 Hierosolyma
1431 987 1449 1001 '’
1466 986 1551 1028 (xiv.
1568 987 1601 1030 8)
1615 997 1623 1027 ;

282 1070 401 1124 apud
428 1069 666 1119 Davidem,

351 1142 548 1185 “Jehovah
575 1143 704 1175 Pastor
721 1153 836 1182 meus,
856 1153 929 1175 non
955 1144 1104 1183 carebo;
1129 1144 1176 1176 ad
1199 1154 1311 1186 aquas
1335 1144 1494 1185 quietum
1518 1143 1668 1176 deducet
1691 1152 1749 1175 me
1759 1140 1779 1156 ’⁹

456 1186 601 1227 (Psalm.
618 1187 713 1220 xxiii.
733 1185 798 1230 [1,]
818 1187 852 1228 2)
867 1197 874 1227 ;

283 1271 402 1324 apud
428 1267 668 1319 1²¹Esaz‘am,

353 1349 375 1363 ‘⁴
388 1347 469 1380 Non
487 1349 610 1380 sitient
613 1373 705 1386 .....
713 1357 824 1389 aquas
840 1357 859 1380 e
883 1353 986 1389 petra
1001 1347 1142 1380 effluere
1159 1346 1265 1380 faciet
1282 1346 1364 1386 illis,
1384 1352 1420 1380 et
1444 1346 1553 1379 findet
1576 1352 1714 1389 petram
1738 1352 1778 1380 ut

457 1392 602 1424 effluant
618 1402 731 1433 aquae
743 1391 760 1404 '’
777 1389 938 1432 (mxlviii.
957 1390 1011 1432 21)
1027 1401 1034 1431 ;

284 1468 402 1523 apud
429 1465 703 1517 1⁴1Davidem‚

354 1547 376 1560 ‘⁴
389 1545 504 1620 Deus,
511 1554 621 1630 1¹¹an
614 1553 772 1630 Bqujqiero¹
776 1543 834 1628 >Te
849 1553 856 1581 ;
881 1543 955 1575 sitit
967 1543 1088 1575 anima
1102 1552 1192 1582 mea,
1203 1567 1211 1575 .
1226 1567 1234 1576 .
1247 1542 1380 1575 .lassus
1393 1542 1471 1575 sine
1483 1541 1586 1586 aquis
1598 1541 1617 1555 ”
1628 1540 1776 1584 (Psalm.

473 1599 544 1621 xm.
562 1596 580 1619 2
650 1613 657 1620 .
712 1612 719 1620 .
739 1596 753 1619 1
802 1597 809 1627 ;

284 1664 402 1719 apud
429 1664 636 1713 eundem,

349 1737 512 1780 Jehovah
540 1737 682 1768 “mittit
719 1737 867 1768 verbum
903 1745 1007 1768 suum
1012 1760 1104 1774 .....
1112 1735 1248 1777 spirare
1288 1735 1373 1768 facit
1400 1740 1560 1775 ventum,
1590 1740 1630 1767 ut
1667 1734 1780 1767 fluant

459 1791 571 1822 aquae
585 1781 603 1792 '¹
621 1780 768 1821 (Psalm.
784 1780 902 1813 cxlvii.
919 1778 1009 1821 [⁶118)
1024 1789 1031 1819 ;

285 1858 402 1913 apud
430 1859 637 1907 eundem,

353 1931 751 2014 “magniqjehfvam
784 1930 871 1962 caeli
903 1930 1094 1968 caelorum,
1129 1935 1166 1962 et
1196 1939 1309 1972 aquae
1341 1939 1432 1972 quae
1459 1929 1613 1970 desuper
1640 1927 1778 1961 caelis”

473 1986 515 2007 cx
531 1986 603 2007 vm.
619 1984 640 2014 4
668 1985 675 2011 ς

287 2056 405 2110 apud
433 2055 701 2103 Jolzannem,

349 2132 454 2174 Jesus
471 2131 570 2163 venit
585 2130 630 2162 ad
647 2130 784 2161 fontem
801 2129 924 2172 Jacobi
938 2137 946 2168 ;
974 2129 997 2144 “
1009 2129 1108 2161 venit
1125 2128 1253 2160 mulier
1268 2138 1287 2160 e
1305 2127 1465 2159 Samaria
1480 2126 1524 2158 ad
1541 2125 1776 2158 hauriendum

459 2184 569 2215 aquas
586 2184 592 2213 ;
618 2174 673 2205 cui
696 2174 785 2206 dixit
801 2173 918 2216 Jesus,
941 2173 996 2204 Da
1013 2172 1102 2204 Mihi
1118 2173 1240 2204 bibere
1254 2181 1277 2210 ;.
1293 2197 1300 2204 .
1314 2196 1321 2203 .
1337 2172 1382 2203 .si
1407 2171 1515 2202 scires
1540 2170 1674 2201 donum
1693 2169 1773 2208 Dei,

457 2223 492 2248 et
506 2217 583 2257 quis
597 2217 642 2248 sit
655 2217 712 2258 qui
729 2217 814 2248 dicit
830 2216 905 2254 tibi,
924 2215 980 2247 Da
998 2215 1086 2246 Mihi
1104 2215 1235 2251 bibere,
1253 2220 1291 2246 tu
1307 2221 1445 2255 peteres
1463 2215 1508 2246 ab
1527 2214 1611 2254 Ipso
1627 2220 1666 2246 ut
1678 2215 1779 2246 daret

458 2260 521 2291 tibi
545 2270 672 2301 aquam
695 2261 886 2291 viventem.
938 2259 1031 2290 Dicit
1058 2258 1130 2298 Ipsi
1155 2258 1282 2289 mulier
1284 2283 1376 2296 .....
1387 2258 1491 2290 Unde
1514 2258 1625 2290 habes
1649 2268 1777 2299 aquam

458 2303 663 2335 viventem?
712 2328 807 2335 .....
818 2303 916 2334 Dixit
929 2303 961 2335 ei
973 2303 1090 2345 Jesus,
1108 2303 1235 2335 Omnis
1250 2304 1308 2344 qui
1323 2303 1410 2334 bibit
1427 2313 1470 2334 ex
1484 2304 1550 2334 hac
1562 2313 1665 2344 aqua,
1680 2304 1776 2336 sitiet
1794 2299 1795 2303 ¹

458 2347 607 2385 iterum;
633 2347 691 2388 qui
715 2357 802 2378 vero
826 2347 953 2378 biberit
976 2357 1021 2378 ex
1044 2357 1136 2388 aqua
1159 2357 1265 2388 quam
1292 2347 1368 2386 Ego
1393 2347 1498 2385 dabo,
1519 2357 1592 2378 non
1617 2347 1715 2379 sitiet
1738 2347 1775 2378 in

456 2396 641 2422 aeternum
656 2400 663 2428 ;
687 2396 722 2422 et
739 2400 831 2431 aqua
846 2401 952 2432 quam
972 2390 1048 2431 Ego
1062 2390 1167 2429 dabo,
1187 2391 1247 2422 fiet
1268 2391 1304 2422 in
1322 2400 1365 2422 eo
1382 2390 1465 2422 {ons
1481 2401 1595 2432 aquae
1612 2391 1774 2423 salientis

458 2434 494 2465 in
512 2435 621 2465 vitam
639 2440 821 2465 aeternam
833 2433 851 2446 ”
869 2434 928 2474 (iv.
948 2434 1066 2475 7-15);

284 2510 403 2565 apud
429 2511 637 2559 eundem,

348 2583 454 2627 Jesus
477 2583 575 2622 dixit,
599 2584 670 2615 “Si
694 2584 772 2625 quis
796 2584 959 2622 sitiverit,
979 2584 1101 2616 venito
1117 2583 1162 2616 ad
1187 2583 1248 2616 Me
1270 2584 1463 2623 et·bibito;
1488 2584 1647 2625 quisquis
1663 2584 1775 2615 credit

458 2627 494 2659 in
520 2627 591 2663 Me.
613 2628 702 2658 sicut
725 2628 810 2659 dicit
834 2628 1023 2668 Scriptura,
1042 2627 1191 2660 flumina
1213 2637 1233 2659 e
1250 2633 1375 2659 ventre
1398 2627 1509 2669 ipsius
1533 2628 1644 2660 fluent
1660 2637 1773 2669 aquae

457 2670 642 2703 viventis⁷'
660 2671 732 2711 (vii.
750 2679 803 2710 37.
821 2671 896 2712 38);

232 2781 237 2788 ,
283 2748 327 2788 in
353 2746 642 2800 Apocalypsi,

497 2820 519 2834 ‘⁴
533 2819 672 2851 Sitienti
689 2819 829 2851 dabitur
845 2830 864 2851 e
881 2820 981 2852 fonte
998 2830 1110 2862 aquae
1128 2820 1222 2852 vitae
1239 2821 1352 2861 gratis
1363 2820 1387 2852 ”.
1399 2819 1484 2862 (xxi.
1501 2820 1535 2861 6)
1549 2829 1556 2860 ς

283 2879 330 2914 et
356 2871 476 2921 alibi,

297 2949 301 2954 '
347 2944 508 2986 Angelus
522 2945 679 2976 ostendit
691 2946 741 2976 illi
758 2947 780 2960 “
790 2945 937 2977 fluvium
955 2956 1067 2987 aquae
1080 2947 1186 2984 vitae,
1203 2947 1428 2987 splendidum
1443 2946 1533 2979 sicut
1547 2945 1768 2988 crystallum,

456 2995 644 3020 exeuntem
662 2999 706 3020 ex
722 2990 852 3021 throno
871 2990 936 3022 Dei
954 2996 989 3022 et
1008 2990 1104 3031 Agni
1116 2989 1134 3002 ''
1150 2990 1249 3030 (xxii.
1270 2990 1301 3031 1)
1316 3000 1324 3030 ;
