2060 3476
294 347 308 377 1
321 346 372 378 10
706 344 1034 378 APOCALYPSIS
1065 345 1361 379 EXPLICATA.

286 460 488 510 risticon‚
507 460 627 514 quod
650 459 821 501 indicat
843 459 900 500 de
917 473 1006 514 quo
1028 459 1177 513 agitur
1202 457 1271 513 (ut
1288 472 1464 514 quoque
1484 458 1782 512 descriptioni-

286 522 579 564 ecclesiarum
611 524 910 577 sequentium,
943 529 992 564 ut
1023 536 1137 564 vers.
1170 524 1209 572 8,
1247 533 1309 571 12,
1347 524 1422 573 18;
1460 535 1556 575 cap.
1586 522 1644 562 iii.
1677 533 1710 571 1,
1738 533 1777 575 7,

292 585 389 639 14);
423 599 558 627 causa
583 587 703 640 quod
736 585 1031 640 praeficiatur,
1059 592 1129 627 est
1155 587 1258 640 quia
1289 599 1423 627 omne
1455 585 1676 626 ecclesiae
1707 592 1778 626 est

286 663 314 689 a
339 649 549 690 Domino.
612 650 723 690 Inde
746 663 922 703 quoque
949 655 1091 703 patet,
1107 662 1193 698 ,cur
1215 650 1258 689 in
1281 649 1425 702 primo
1447 649 1596 702 capite
1620 648 1778 689 Domi-

287 726 369 753 nus
395 713 543 766 quoad
578 713 791 753 Divinum
824 712 1085 753 Humanum
1111 725 1240 753 suum
1272 725 1350 765 per
1375 713 1777 765 repraesentativa,

286 789 400 829 quae
438 776 533 816 visa
567 775 777 828 Johanni,
806 776 1059 829 descriptus
1090 781 1187 825 est;
1231 774 1350 829 quod
1388 788 1551 828 nempe
1589 781 1638 816 ut
1674 776 1778 817 inde

286 839 596 879 desumeretur
617 839 735 892 quod
760 837 1106 892 praeficiendum
1129 845 1251 879 esset
1273 838 1565 891 descriptioni
1587 837 1778 891 cujusvis

286 901 519 951 ecclesiae,
547 903 590 942 in
618 902 931 943 testimonium
957 908 1004 942 et
1031 900 1294 942 memoriale
1320 901 1440 955 quod
1467 914 1603 942 omne
1628 901 1777 943 eccle-

286 965 377 1005 siae
399 965 456 1005 sit
483 979 509 1005 a
537 965 748 1013 Domino,
774 970 821 1006 et
843 964 1023 1018 quidem
1050 978 1076 1005 a
1103 964 1268 1004 Divino
1293 963 1507 1004 Humano
1535 963 1692 1017 IpsiuS‚
1717 979 1777 1006 ex

286 1027 372 1068 hoc
397 1028 515 1068 enim
539 1028 743 1081 procedit
766 1041 901 1068 omne
923 1027 1091 1068 bonum
1114 1028 1279 1067 amoris
1302 1033 1348 1068 et
1368 1040 1522 1068 verum
1545 1027 1646 1068 fidei
1664 1041 1777 1081 quae

284 1090 451 1131 faciunt
479 1090 744 1131 ecclesiam:
777 1090 898 1144 quod
930 1090 1191 1131 immediate
1222 1090 1428 1144 procedit
1461 1104 1520 1131 ex
1561 1091 1659 1144 ipso
1693 1091 1774 1131 Di-

284 1154 389 1193 vino
428 1153 585 1206 Ipsius,
619 1154 704 1195 hoc
738 1167 828 1194 non
866 1154 1071 1207 pervenit
1109 1153 1166 1194 ad
1204 1153 1450 1202 hominem,
1484 1154 1586 1207 quia
1632 1154 1775 1207 ipsum

286 1216 497 1257 Divinum
526 1217 669 1270 Ipsius
695 1223 765 1258 est
792 1216 1028 1265 invisibile,
1056 1222 1102 1258 et
1129 1216 1233 1257 inde
1259 1230 1349 1257 non
1375 1217 1419 1257 in
1446 1217 1774 1270 cogitationem

285 1280 407 1320 cadit
425 1293 446 1330 ;‹
467 1286 513 1320 et
531 1280 651 1334 quod
674 1294 764 1321 non
782 1281 826 1321 in
844 1281 1172 1333 cogitationem
1191 1280 1328 1328 cadit,
1347 1278 1433 1320 hoc
1453 1292 1535 1321 nec
1559 1280 1602 1319 in
1624 1279 1772 1329 fidem,

285 1356 388 1384 nam
418 1357 553 1385 omne
579 1343 699 1398 quod
732 1343 833 1385 fidei
865 1350 936 1384 est
969 1343 1256 1396 cogitabitur.
1319 1341 1453 1395 Quod
1482 1342 1659 1383 “Filius
1691 1343 1774 1384 ho-

284 1406 452 1455 minis‚’'
470 1407 544 1460 qui
566 1421 644 1460 per
662 1407 1050 1460 repraesentativa
1067 1407 1163 1447 visa
1177 1406 1373 1459 Johanni
1395 1406 1439 1446 in
1462 1406 1605 1459 primo
1624 1407 1774 1460 capite
1821 1422 1826 1431 ¹

282 1470 535 1523 descriptus
561 1476 646 1520 est,
675 1471 733 1511 sit
762 1470 982 1511 Dominus
1009 1469 1156 1523 quoad
1183 1469 1395 1510 Divinum
1423 1468 1698 1519 Humanum,
1727 1477 1774 1512 et

282 1533 385 1573 inde
423 1533 674 1586 procedens
713 1533 925 1574 Divinum
958 1532 1143 1581 Verum,
1176 1532 1384 1573 videatur
1421 1545 1554 1585 supra
1590 1531 1651 1586 (n.
1682 1532 1772 1588 63).

282 1594 416 1648 Quod
439 1597 495 1637 de
517 1597 852 1650 cognitionibus
875 1596 969 1637 veri
991 1602 1037 1637 et
1063 1595 1169 1636 boni
1195 1595 1266 1636 hic
1290 1595 1480 1649 primum
1504 1601 1678 1648 agatur,
1703 1602 1774 1638 est

281 1659 382 1711 quia
408 1658 512 1700 illae
539 1666 643 1700 sunt
670 1660 812 1713 prima
838 1658 1084 1709 ecclesiae;
1118 1671 1253 1699 nemo
1279 1658 1398 1699 enim
1424 1658 1587 1699 initiari
1618 1665 1772 1712 potest

280 1722 323 1761 in
361 1721 494 1762 fidem
532 1728 579 1762 et
611 1721 898 1770 charitatem,
933 1735 1046 1775 quae
1083 1721 1252 1762 faciunt
1284 1719 1540 1770 ecclesiam,
1574 1721 1658 1762 nisi
1694 1735 1775 1775 per

280 1782 570 1834 cognitiones
595 1796 710 1836 quae
736 1788 842 1823 sunt
867 1782 1091 1823 ecclesiae
1117 1795 1177 1822 ex
1203 1781 1361 1823 Verbo
1386 1792 1545 1831 (videatur
1558 1793 1718 1832 appendix
1734 1802 1775 1823 ex

279 1846 418 1875 Arcanis
436 1846 621 1876 Caelestibus
635 1847 667 1875 in
682 1855 778 1884 opere
794 1847 845 1876 De
864 1846 955 1876 Caelo
970 1849 1001 1875 et
1013 1846 1151 1885 Inferna,
1166 1850 1239 1884 post
1253 1854 1283 1876 n.
1299 1845 1384 1883 356).

358 1919 451 1964 97.
489 1910 740 1951 “Ambulans
781 1910 821 1950 in
863 1909 992 1951 modio
1036 1913 1192 1963 septem
1240 1909 1578 1950 candelabrorum
1625 1923 1775 1952 aureo-

278 1972 607 2026 rum.''—Quod
632 1972 854 2026 significet
879 1987 907 2014 a
931 1987 1015 2026 quo
1034 1972 1135 2013 vita
1155 1972 1359 2013 omnibus
1383 1972 1431 2013 in
1453 1986 1562 2013 novo
1581 1973 1713 2022 cael0,·
1731 1980 1775 2014 et

278 2034 323 2074 in
345 2048 457 2075 nova
472 2034 660 2083 ecclesia,
681 2041 864 2075 constat
888 2048 947 2075 ex
971 2033 1302 2087 significatione
1323 2033 1634 2082 “ambulare,‘’
1651 2035 1768 2088 quod

283 2098 341 2138 sit
368 2098 530 2145 vivere,
559 2104 605 2138 et
637 2111 738 2138 cum
770 2098 826 2138 de
859 2097 1071 2146 Domino,
1099 2097 1219 2150 quod
1252 2098 1309 2137 sit
1341 2097 1436 2150 ipsa
1451 2096 1562 2137 Vita
1587 2095 1662 2150 (de
1685 2110 1773 2150 qua

281 2159 501 2213 sequitur)
521 2174 529 2210 ;
563 2166 608 2201 et
631 2174 690 2201 ex
714 2159 1043 2213 significatione
1064 2163 1278 2213 “septem
1297 2159 1669 2200 candelabrorum
1691 2173 1770 2199 au-

280 2222 495 2271 reorum‚''
517 2223 637 2276 quod
664 2223 753 2264 sint
781 2236 938 2263 omnes
964 2223 1008 2263 in
1035 2236 1154 2263 novo
1177 2222 1305 2263 caelo
1331 2229 1377 2263 et
1404 2223 1448 2263 in
1475 2236 1594 2263 nova
1619 2222 1768 2263 eccle-

279 2286 343 2326 sia
368 2284 444 2338 (de
466 2299 553 2339 qua
574 2299 720 2339 supra,
746 2298 787 2326 n.
809 2285 899 2338 62).
962 2285 1073 2326 Inde
1096 2291 1238 2339 patet,
1263 2285 1382 2338 quod
1407 2285 1627 2326 Dominus
1649 2285 1769 2326 visus

279 2349 337 2389 sit
357 2351 382 2368 “
399 2347 674 2402 [ambulans]
699 2349 742 2389 in
766 2349 916 2389 medio
934 2347 1348 2396 candelabrorum,”
1366 2348 1495 2389 fuerit
1517 2348 1619 2402 quia
1635 2351 1769 2390 “me-

280 2411 424 2452 dium’'
439 2410 662 2464 significat
678 2411 899 2460 intimum,
915 2410 1240 2451 “candelabra'’
1255 2410 1430 2452 caelum
1449 2417 1494 2451 et
1513 2410 1768 2460 ecclesiam,

279 2480 326 2514 et
346 2473 614 2514 “ambulare
626 2473 644 2488 ’‘
661 2474 802 2514 vitam
819 2488 828 2524 ;
856 2479 902 2514 et
923 2474 1006 2514 “in
1025 2473 1204 2514 medi0‘’
1222 2487 1335 2522 esse,
1355 2486 1456 2514 cum
1475 2473 1531 2513 de
1555 2472 1767 2522 Domino,

279 2535 504 2589 significat
536 2537 579 2576 in
612 2537 819 2577 omnibus
851 2537 1016 2577 circum
1049 2537 1166 2577 circa
1192 2549 1316 2576 esse:
1350 2549 1487 2589 quare
1518 2549 1597 2589 per
1624 2535 1669 2576 id
1699 2549 1770 2576 re-

280 2592 796 2652 praesentabatufquod
824 2599 969 2639 omnis
991 2599 1086 2639 vita
1110 2597 1212 2639 fidei
1238 2605 1284 2639 et
1310 2599 1475 2639 amoris
1500 2599 1544 2639 in
1568 2597 1697 2639 caelo
1722 2604 1770 2639 et

278 2660 323 2699 in
341 2659 536 2699 ecclesia
553 2660 612 2699 sit
630 2659 687 2699 ab
706 2660 813 2712 Ipso
833 2659 1062 2713 (videatur
1078 2673 1226 2712 supra,
1241 2659 1386 2712 n.48).
1419 2666 1773 2708 (Qu0d¹‘medium''sit

277 2720 425 2749 intimum
440 2724 471 2748 et
486 2724 629 2749 centrum
644 2729 664 2749 a
678 2729 753 2757 quo,
770 2720 802 2748 in
816 2721 956 2749 Arcanis
974 2721 1168 2754 Caelestibus,
1183 2729 1214 2750 n.
1230 2729 1316 2757 1074,
1333 2729 1420 2758 2940,
1437 2729 1526 2758 2973,
1540 2726 1631 2757 7777.
1673 2720 1772 2757 Quod

280 2766 438 2795 Dominus
460 2767 499 2795 sit
520 2766 674 2796 Centrum
696 2776 876 2801 commune,
892 2776 912 2796 a
932 2776 997 2804 quo
1019 2768 1121 2796 omnis
1143 2767 1274 2796 direcstio
1290 2772 1321 2796 et
1335 2768 1554 2796 determinatio
1575 2767 1607 2797 in
1624 2767 1722 2801 caelo,
1738 2766 1771 2796 in

278 2822 374 2851 opere
389 2814 441 2842 De
459 2814 549 2842 Caelo
564 2817 595 2842 et
608 2814 744 2852 Inferno,
760 2822 790 2843 n.
810 2822 876 2851 123,
894 2822 960 2851 124.
1004 2814 1102 2851 Quod
1122 2814 1310 2851 propagatio
1324 2814 1402 2844 lucis
1416 2814 1504 2848 caeli,
1519 2822 1601 2851 quae
1615 2817 1662 2842 est
1684 2813 1772 2849 Divi—

279 2869 356 2889 num
369 2860 489 2889 Verum
500 2861 676 2897 procedens
687 2870 707 2889 a
719 2861 870 2895 Domino,
883 2869 923 2889 ex
934 2869 999 2897 quo
1014 2861 1218 2898 intelligentia
1230 2865 1260 2889 et
1271 2861 1424 2898 sapientia
1433 2861 1562 2898 angelis,
1575 2860 1629 2889 fiat
1640 2869 1771 2897 quoque

277 2919 296 2938 a
311 2909 417 2938 medio
432 2909 464 2938 in
479 2909 548 2938 illos
562 2909 618 2946 qui
633 2909 750 2938 circum
766 2910 850 2939 circa
862 2914 945 2944 sunt,
961 2910 1079 2938 ibidem
1094 2919 1124 2939 n.
1139 2918 1190 2947 43,
1202 2917 1252 2947 5ο,
1266 2909 1350 2949 189.)
1406 2899 1542 2952 Quod
1570 2903 1595 2920 “
1607 2898 1779 2939 ambu—

279 2959 400 3000 lare’'
433 2959 655 3012 significat
687 2961 852 3010 vivere,
880 2967 926 3002 et
959 2973 1060 3001 cum
1092 2960 1148 3002 de
1183 2960 1395 3010 Domino,
1423 2961 1566 3014 ipsam
1593 2959 1782 3008 Vitam,‘
