<?xml version="1.0" encoding="UTF-8"?>
<!DOCTYPE html PUBLIC "-//W3C//DTD XHTML 1.0 Transitional//EN"
    "http://www.w3.org/TR/xhtml1/DTD/xhtml1-transitional.dtd">
<html xmlns="http://www.w3.org/1999/xhtml" xml:lang="en" lang="en">
 <head>
  <title>
</title>
<meta http-equiv="Content-Type" content="text/html;charset=utf-8" />
  <meta name='ocr-system' content='tesseract 3.04.00' />
  <meta name='ocr-capabilities' content='ocr_page ocr_carea ocr_par ocr_line ocrx_word'/>
</head>
<body>
  <div class='ocr_page' id='page_1' title='image "apocalypsisexpli01sweduoft_0364.png"; bbox 0 0 2060 3476; ppageno 0'>
   <div class='ocr_carea' id='block_1_1' title="bbox 294 351 1389 418">
    <p class='ocr_par' dir='ltr' id='par_1_1' title="bbox 294 351 1389 418">
     <span class='ocr_line' id='line_1_1' title="bbox 294 351 1389 418; baseline 0.001 -12"><span class='ocrx_word' id='word_1_1' title='bbox 294 380 296 382; x_wconf 53' lang='grc'>’</span> <span class='ocrx_word' id='word_1_2' title='bbox 313 366 393 418; x_wconf 89' lang='lat'>358</span> <span class='ocrx_word' id='word_1_3' title='bbox 725 351 1057 408; x_wconf 69' lang='lat' dir='ltr'>APOCALYPsis</span> <span class='ocrx_word' id='word_1_4' title='bbox 1089 374 1389 407; x_wconf 75' lang='lat' dir='ltr'><strong>EXPLICATA.</strong></span> 
     </span>
    </p>
   </div>
   <div class='ocr_carea' id='block_1_2' title="bbox 291 486 1802 1111">
    <p class='ocr_par' dir='ltr' id='par_1_2' title="bbox 308 486 1801 915">
     <span class='ocr_line' id='line_1_2' title="bbox 310 486 1799 542; baseline 0.001 -15"><span class='ocrx_word' id='word_1_5' title='bbox 310 501 388 541; x_wconf 89' lang='lat' dir='ltr'>per</span> <span class='ocrx_word' id='word_1_6' title='bbox 407 486 616 528; x_wconf 88' lang='lat' dir='ltr'>“ditatus</span> <span class='ocrx_word' id='word_1_7' title='bbox 638 499 735 527; x_wconf 90' lang='lat' dir='ltr'>sum</span> <span class='ocrx_word' id='word_1_8' title='bbox 757 492 804 528; x_wconf 90' lang='lat' dir='ltr'>et</span> <span class='ocrx_word' id='word_1_9' title='bbox 826 487 974 528; x_wconf 89' lang='lat' dir='ltr'>inveni</span> <span class='ocrx_word' id='word_1_10' title='bbox 996 501 1104 540; x_wconf 91' lang='lat' dir='ltr'>opes</span> <span class='ocrx_word' id='word_1_11' title='bbox 1126 487 1262 528; x_wconf 89' lang='lat' dir='ltr'>mihi”</span> <span class='ocrx_word' id='word_1_12' title='bbox 1280 501 1369 529; x_wconf 91' lang='lat' dir='ltr'>non</span> <span class='ocrx_word' id='word_1_13' title='bbox 1392 487 1657 541; x_wconf 87' lang='lat' dir='ltr'>intelligitur</span> <span class='ocrx_word' id='word_1_14' title='bbox 1679 488 1799 542; x_wconf 92' lang='lat' dir='ltr'>quod</span> 
     </span>
     <span class='ocr_line' id='line_1_3' title="bbox 309 550 1799 605; baseline 0.001 -15"><span class='ocrx_word' id='word_1_15' title='bbox 309 550 479 591; x_wconf 86' lang='lat' dir='ltr'>ditatus</span> <span class='ocrx_word' id='word_1_16' title='bbox 501 551 558 591; x_wconf 85' lang='lat' dir='ltr'>sit</span> <span class='ocrx_word' id='word_1_17' title='bbox 577 550 741 590; x_wconf 89' lang='lat' dir='ltr'>divitiis</span> <span class='ocrx_word' id='word_1_18' title='bbox 763 556 810 591; x_wconf 92' lang='lat' dir='ltr'>et</span> <span class='ocrx_word' id='word_1_19' title='bbox 832 551 988 603; x_wconf 87' lang='lat' dir='ltr'>opibus</span> <span class='ocrx_word' id='word_1_20' title='bbox 1011 550 1261 599; x_wconf 75' lang='lat' dir='ltr'>mundanis,</span> <span class='ocrx_word' id='word_1_21' title='bbox 1282 551 1361 591; x_wconf 93' lang='lat' dir='ltr'>sed</span> <span class='ocrx_word' id='word_1_22' title='bbox 1384 550 1667 599; x_wconf 84' lang='lat' dir='ltr'>caelestibus,</span> <span class='ocrx_word' id='word_1_23' title='bbox 1686 565 1799 605; x_wconf 90' lang='lat' dir='ltr'>quae</span> 
     </span>
     <span class='ocr_line' id='line_1_4' title="bbox 309 613 1799 667; baseline 0.001 -14"><span class='ocrx_word' id='word_1_24' title='bbox 309 618 411 654; x_wconf 89' lang='lat' dir='ltr'>sunt</span> <span class='ocrx_word' id='word_1_25' title='bbox 435 613 717 666; x_wconf 85' lang='lat' dir='ltr'>cognitiones</span> <span class='ocrx_word' id='word_1_26' title='bbox 739 613 830 654; x_wconf 88' lang='lat' dir='ltr'>veri</span> <span class='ocrx_word' id='word_1_27' title='bbox 857 619 902 654; x_wconf 92' lang='lat' dir='ltr'>et</span> <span class='ocrx_word' id='word_1_28' title='bbox 929 613 1060 663; x_wconf 82' lang='lat' dir='ltr'>boni3</span> <span class='ocrx_word' id='word_1_29' title='bbox 1094 626 1196 653; x_wconf 89' lang='lat' dir='ltr'>nam</span> <span class='ocrx_word' id='word_1_30' title='bbox 1224 627 1302 666; x_wconf 88' lang='lat' dir='ltr'>per</span> <span class='ocrx_word' id='word_1_31' title='bbox 1325 613 1610 667; x_wconf 85' lang='lat' dir='ltr'>“Ephraim”</span> <span class='ocrx_word' id='word_1_32' title='bbox 1632 613 1799 654; x_wconf 86' lang='lat' dir='ltr'>intelli·</span> 
     </span>
     <span class='ocr_line' id='line_1_5' title="bbox 308 673 1801 730; baseline 0.001 -15"><span class='ocrx_word' id='word_1_33' title='bbox 308 676 429 728; x_wconf 91' lang='lat' dir='ltr'>gitur</span> <span class='ocrx_word' id='word_1_34' title='bbox 453 673 758 716; x_wconf 67' lang='lat' dir='ltr'>intellectuale</span> <span class='ocrx_word' id='word_1_35' title='bbox 783 675 960 716; x_wconf 90' lang='lat' dir='ltr'>illorum</span> <span class='ocrx_word' id='word_1_36' title='bbox 986 676 1059 730; x_wconf 85' lang='lat' dir='ltr'>qui</span> <span class='ocrx_word' id='word_1_37' title='bbox 1085 676 1142 716; x_wconf 90' lang='lat' dir='ltr'>ab</span> <span class='ocrx_word' id='word_1_38' title='bbox 1167 675 1372 725; x_wconf 88' lang='lat' dir='ltr'>ecclesia,</span> <span class='ocrx_word' id='word_1_39' title='bbox 1399 676 1520 730; x_wconf 91' lang='lat' dir='ltr'>quod</span> <span class='ocrx_word' id='word_1_40' title='bbox 1551 676 1801 717; x_wconf 87' lang='lat' dir='ltr'>illustratur</span> 
     </span>
     <span class='ocr_line' id='line_1_6' title="bbox 309 735 1798 790; baseline 0 -14"><span class='ocrx_word' id='word_1_41' title='bbox 309 736 417 777; x_wconf 90' lang='lat' dir='ltr'>dum</span> <span class='ocrx_word' id='word_1_42' title='bbox 448 735 617 790; x_wconf 89' lang='lat' dir='ltr'>legitur</span> <span class='ocrx_word' id='word_1_43' title='bbox 646 736 852 777; x_wconf 87' lang='lat' dir='ltr'>Verbum</span> <span class='ocrx_word' id='word_1_44' title='bbox 883 747 928 785; x_wconf 83' lang='lat' dir='ltr'>(n.</span> <span class='ocrx_word' id='word_1_45' title='bbox 945 747 1170 786; x_wconf 81' lang='lat'>[¹15354,6222,</span> <span class='ocrx_word' id='word_1_46' title='bbox 1186 748 1276 785; x_wconf 88' lang='lat'>6238,</span> <span class='ocrx_word' id='word_1_47' title='bbox 1291 748 1412 788; x_wconf 82' lang='lat'><strong>6267);</strong></span> <span class='ocrx_word' id='word_1_48' title='bbox 1444 737 1550 778; x_wconf 89' lang='lat' dir='ltr'>inde</span> <span class='ocrx_word' id='word_1_49' title='bbox 1580 743 1651 777; x_wconf 87' lang='lat' dir='ltr'>est</span> <span class='ocrx_word' id='word_1_50' title='bbox 1677 736 1798 790; x_wconf 93' lang='lat' dir='ltr'>quod</span> 
     </span>
     <span class='ocr_line' id='line_1_7' title="bbox 308 797 1799 852; baseline 0.001 -14"><span class='ocrx_word' id='word_1_51' title='bbox 308 797 496 846; x_wconf 85' lang='lat' dir='ltr'>dicatur,</span> <span class='ocrx_word' id='word_1_52' title='bbox 515 797 635 852; x_wconf 92' lang='lat' dir='ltr'>quod</span> <span class='ocrx_word' id='word_1_53' title='bbox 660 798 843 839; x_wconf 90' lang='lat' dir='ltr'>“adhuc</span> <span class='ocrx_word' id='word_1_54' title='bbox 863 797 1019 851; x_wconf 90' lang='lat' dir='ltr'>loquar</span> <span class='ocrx_word' id='word_1_55' title='bbox 1040 799 1097 838; x_wconf 92' lang='lat' dir='ltr'>ad</span> <span class='ocrx_word' id='word_1_56' title='bbox 1120 798 1364 851; x_wconf 89' lang='lat' dir='ltr'>prophetas</span> <span class='ocrx_word' id='word_1_57' title='bbox 1386 805 1432 839; x_wconf 90' lang='lat' dir='ltr'>et</span> <span class='ocrx_word' id='word_1_58' title='bbox 1451 799 1668 839; x_wconf 89' lang='lat' dir='ltr'>visionem</span> <span class='ocrx_word' id='word_1_59' title='bbox 1686 798 1799 838; x_wconf 88' lang='lat' dir='ltr'>mul-</span> 
     </span>
     <span class='ocr_line' id='line_1_8' title="bbox 309 859 1798 915; baseline 0.001 -14"><span class='ocrx_word' id='word_1_60' title='bbox 309 860 525 914; x_wconf 91' lang='lat' dir='ltr'>tiplicabo</span> <span class='ocrx_word' id='word_1_61' title='bbox 544 860 578 912; x_wconf 87' lang='lat'>;”</span> <span class='ocrx_word' id='word_1_62' title='bbox 618 874 697 915; x_wconf 91' lang='lat' dir='ltr'>per</span> <span class='ocrx_word' id='word_1_63' title='bbox 729 861 1014 914; x_wconf 87' lang='lat' dir='ltr'>“prophetas</span> <span class='ocrx_word' id='word_1_64' title='bbox 1029 860 1048 876; x_wconf 91' lang='lat'><strong>”</strong></span> <span class='ocrx_word' id='word_1_65' title='bbox 1080 860 1387 913; x_wconf 85' lang='lat' dir='ltr'>significantur</span> <span class='ocrx_word' id='word_1_66' title='bbox 1417 874 1522 902; x_wconf 86' lang='lat' dir='ltr'>vera</span> <span class='ocrx_word' id='word_1_67' title='bbox 1553 859 1798 909; x_wconf 65' lang='lat' dir='ltr'>doctrinae,</span> 
     </span>
    </p>

    <p class='ocr_par' dir='ltr' id='par_1_3' title="bbox 291 922 1802 1111">
     <span class='ocr_line' id='line_1_9' title="bbox 291 922 1693 978; baseline 0 -14"><span class='ocrx_word' id='word_1_68' title='bbox 291 923 511 965; x_wconf 49' lang='lat' dir='ltr'>*similiter</span> <span class='ocrx_word' id='word_1_69' title='bbox 535 937 614 978; x_wconf 88' lang='lat' dir='ltr'>per</span> <span class='ocrx_word' id='word_1_70' title='bbox 641 923 933 965; x_wconf 86' lang='lat' dir='ltr'>“visionem.’&#39;</span> <span class='ocrx_word' id='word_1_71' title='bbox 993 923 1131 977; x_wconf 88' lang='lat' dir='ltr'>Apud</span> <span class='ocrx_word' id='word_1_72' title='bbox 1157 923 1418 972; x_wconf 81' lang='lat' dir='ltr'>Jeremiam,</span> <span class='ocrx_word' id='word_1_73' title='bbox 1690 922 1693 925; x_wconf 60' lang='grc'>“</span> 
     </span>
     <span class='ocr_line' id='line_1_10' title="bbox 378 1026 1802 1069; baseline 0.001 -11"><span class='ocrx_word' id='word_1_74' title='bbox 378 1028 400 1041; x_wconf 84' lang='grc'>“</span> <span class='ocrx_word' id='word_1_75' title='bbox 413 1026 489 1068; x_wconf 86' lang='lat' dir='ltr'>Ego</span> <span class='ocrx_word' id='word_1_76' title='bbox 506 1026 684 1068; x_wconf 88' lang='lat' dir='ltr'>Jehovah.</span> <span class='ocrx_word' id='word_1_77' title='bbox 699 1051 706 1059; x_wconf 92' lang='lat'>.</span> <span class='ocrx_word' id='word_1_78' title='bbox 720 1051 727 1059; x_wconf 92' lang='lat'><strong>.</strong></span> <span class='ocrx_word' id='word_1_79' title='bbox 743 1027 847 1059; x_wconf 89' lang='lat' dir='ltr'>.dans</span> <span class='ocrx_word' id='word_1_80' title='bbox 872 1027 997 1068; x_wconf 88' lang='lat' dir='ltr'>cuique</span> <span class='ocrx_word' id='word_1_81' title='bbox 1022 1027 1216 1058; x_wconf 88' lang='lat' dir='ltr'>secundum</span> <span class='ocrx_word' id='word_1_82' title='bbox 1234 1027 1311 1058; x_wconf 85' lang='lat' dir='ltr'>vias</span> <span class='ocrx_word' id='word_1_83' title='bbox 1335 1026 1424 1067; x_wconf 87' lang='lat' dir='ltr'>ejus,</span> <span class='ocrx_word' id='word_1_84' title='bbox 1444 1026 1545 1068; x_wconf 83' lang='lat' dir='ltr'>juxta</span> <span class='ocrx_word' id='word_1_85' title='bbox 1567 1026 1702 1060; x_wconf 64' lang='lat' dir='ltr'>fructus</span> <span class='ocrx_word' id='word_1_86' title='bbox 1719 1038 1802 1069; x_wconf 88' lang='lat' dir='ltr'>ope-</span> 
     </span>
     <span class='ocr_line' id='line_1_11' title="bbox 484 1070 1799 1111; baseline 0.002 -10"><span class='ocrx_word' id='word_1_87' title='bbox 484 1080 561 1101; x_wconf 85' lang='lat' dir='ltr'>rum</span> <span class='ocrx_word' id='word_1_88' title='bbox 579 1070 657 1111; x_wconf 89' lang='lat' dir='ltr'>ejus</span> <span class='ocrx_word' id='word_1_89' title='bbox 673 1080 679 1107; x_wconf 88' lang='lat'>;</span> <span class='ocrx_word' id='word_1_90' title='bbox 697 1070 795 1102; x_wconf 78' lang='lat' dir='ltr'>sicut</span> <span class='ocrx_word' id='word_1_91' title='bbox 812 1070 936 1111; x_wconf 85' lang='lat' dir='ltr'>perdix</span> <span class='ocrx_word' id='word_1_92' title='bbox 952 1070 1088 1110; x_wconf 83' lang='lat' dir='ltr'>colligit</span> <span class='ocrx_word' id='word_1_93' title='bbox 1105 1070 1168 1102; x_wconf 89' lang='lat' dir='ltr'>sed</span> <span class='ocrx_word' id='word_1_94' title='bbox 1185 1080 1258 1101; x_wconf 91' lang='lat' dir='ltr'>non</span> <span class='ocrx_word' id='word_1_95' title='bbox 1276 1071 1378 1111; x_wconf 87' lang='lat' dir='ltr'>parit,</span> <span class='ocrx_word' id='word_1_96' title='bbox 1395 1070 1480 1102; x_wconf 83' lang='lat' dir='ltr'>facit</span> <span class='ocrx_word' id='word_1_97' title='bbox 1492 1071 1634 1103; x_wconf 89' lang='lat' dir='ltr'>divitias</span> <span class='ocrx_word' id='word_1_98' title='bbox 1648 1072 1710 1103; x_wconf 90' lang='lat' dir='ltr'>sed</span> <span class='ocrx_word' id='word_1_99' title='bbox 1727 1082 1799 1103; x_wconf 91' lang='lat' dir='ltr'>non</span> 
     </span>
    </p>
   </div>
   <div class='ocr_carea' id='block_1_3' title="bbox 481 1113 1800 1200">
    <p class='ocr_par' dir='ltr' id='par_1_4' title="bbox 481 1113 1800 1200">
     <span class='ocr_line' id='line_1_12' title="bbox 483 1113 1800 1155; baseline 0.001 -10"><span class='ocrx_word' id='word_1_100' title='bbox 483 1124 562 1145; x_wconf 92' lang='lat' dir='ltr'>cum</span> <span class='ocrx_word' id='word_1_101' title='bbox 574 1113 718 1154; x_wconf 88' lang='lat' dir='ltr'>judicio,</span> <span class='ocrx_word' id='word_1_102' title='bbox 733 1114 774 1145; x_wconf 77' lang='lat' dir='ltr'>in</span> <span class='ocrx_word' id='word_1_103' title='bbox 781 1114 900 1145; x_wconf 90' lang='lat' dir='ltr'>medio</span> <span class='ocrx_word' id='word_1_104' title='bbox 911 1114 1049 1145; x_wconf 87' lang='lat' dir='ltr'>dierum</span> <span class='ocrx_word' id='word_1_105' title='bbox 1064 1123 1209 1145; x_wconf 89' lang='lat' dir='ltr'>suorum</span> <span class='ocrx_word' id='word_1_106' title='bbox 1221 1114 1361 1146; x_wconf 85' lang='lat' dir='ltr'>deseret</span> <span class='ocrx_word' id='word_1_107' title='bbox 1373 1114 1463 1152; x_wconf 91' lang='lat' dir='ltr'>illas,</span> <span class='ocrx_word' id='word_1_108' title='bbox 1478 1114 1514 1146; x_wconf 85' lang='lat' dir='ltr'>in</span> <span class='ocrx_word' id='word_1_109' title='bbox 1526 1114 1800 1155; x_wconf 64' lang='lat' dir='ltr'>postremitate‘”</span> 
     </span>
     <span class='ocr_line' id='line_1_13' title="bbox 481 1155 1220 1200; baseline 0 -11"><span class='ocrx_word' id='word_1_110' title='bbox 481 1158 617 1189; x_wconf 85' lang='lat' dir='ltr'>dierum</span> <span class='ocrx_word' id='word_1_111' title='bbox 638 1159 660 1172; x_wconf 81' lang='lat'>‘⁸</span> <span class='ocrx_word' id='word_1_112' title='bbox 671 1157 730 1189; x_wconf 89' lang='lat' dir='ltr'>fiet</span> <span class='ocrx_word' id='word_1_113' title='bbox 746 1157 874 1189; x_wconf 88' lang='lat' dir='ltr'>stultus</span> <span class='ocrx_word' id='word_1_114' title='bbox 886 1156 905 1169; x_wconf 87' lang='lat'>&#39;&#39;</span> <span class='ocrx_word' id='word_1_115' title='bbox 921 1156 1019 1197; x_wconf 84' lang='lat' dir='ltr'>(xvii.</span> <span class='ocrx_word' id='word_1_116' title='bbox 1038 1155 1128 1200; x_wconf 86' lang='lat'>[10,]</span> <span class='ocrx_word' id='word_1_117' title='bbox 1144 1157 1197 1198; x_wconf 90' lang='lat'>11)</span> <span class='ocrx_word' id='word_1_118' title='bbox 1213 1167 1220 1196; x_wconf 87' lang='lat'>;</span> 
     </span>
    </p>
   </div>
   <div class='ocr_carea' id='block_1_4' title="bbox 307 1257 1801 1811">
    <p class='ocr_par' dir='ltr' id='par_1_5' title="bbox 307 1257 1801 1811">
     <span class='ocr_line' id='line_1_14' title="bbox 308 1257 1800 1312; baseline 0.001 -14"><span class='ocrx_word' id='word_1_119' title='bbox 308 1258 456 1312; x_wconf 89' lang='lat' dir='ltr'>agitur</span> <span class='ocrx_word' id='word_1_120' title='bbox 487 1257 546 1298; x_wconf 92' lang='lat' dir='ltr'>ibi</span> <span class='ocrx_word' id='word_1_121' title='bbox 582 1257 639 1298; x_wconf 91' lang='lat' dir='ltr'>de</span> <span class='ocrx_word' id='word_1_122' title='bbox 675 1257 764 1298; x_wconf 91' lang='lat' dir='ltr'>illis</span> <span class='ocrx_word' id='word_1_123' title='bbox 800 1257 873 1311; x_wconf 87' lang='lat' dir='ltr'>qui</span> <span class='ocrx_word' id='word_1_124' title='bbox 905 1263 1171 1311; x_wconf 85' lang='lat' dir='ltr'>comparant</span> <span class='ocrx_word' id='word_1_125' title='bbox 1202 1257 1284 1298; x_wconf 86' lang='lat' dir='ltr'>sibi</span> <span class='ocrx_word' id='word_1_126' title='bbox 1316 1257 1599 1310; x_wconf 89' lang='lat' dir='ltr'>cognitiones</span> <span class='ocrx_word' id='word_1_127' title='bbox 1630 1258 1800 1312; x_wconf 86' lang='lat' dir='ltr'>absque</span> 
     </span>
     <span class='ocr_line' id='line_1_15' title="bbox 307 1319 1799 1374; baseline 0.001 -14"><span class='ocrx_word' id='word_1_128' title='bbox 307 1319 394 1361; x_wconf 89' lang='lat' dir='ltr'>fine</span> <span class='ocrx_word' id='word_1_129' title='bbox 421 1319 532 1360; x_wconf 89' lang='lat' dir='ltr'>alius</span> <span class='ocrx_word' id='word_1_130' title='bbox 558 1334 661 1361; x_wconf 92' lang='lat' dir='ltr'>usus</span> <span class='ocrx_word' id='word_1_131' title='bbox 687 1333 819 1374; x_wconf 91' lang='lat' dir='ltr'>quam</span> <span class='ocrx_word' id='word_1_132' title='bbox 845 1326 893 1360; x_wconf 91' lang='lat' dir='ltr'>ut</span> <span class='ocrx_word' id='word_1_133' title='bbox 919 1321 1080 1369; x_wconf 88' lang='lat' dir='ltr'>sciant,</span> <span class='ocrx_word' id='word_1_134' title='bbox 1109 1333 1210 1361; x_wconf 92' lang='lat' dir='ltr'>cum</span> <span class='ocrx_word' id='word_1_135' title='bbox 1236 1326 1390 1361; x_wconf 90' lang='lat' dir='ltr'>tamen</span> <span class='ocrx_word' id='word_1_136' title='bbox 1416 1321 1510 1362; x_wconf 89' lang='lat' dir='ltr'>vita</span> <span class='ocrx_word' id='word_1_137' title='bbox 1535 1327 1604 1362; x_wconf 92' lang='lat' dir='ltr'>est</span> <span class='ocrx_word' id='word_1_138' title='bbox 1632 1322 1700 1362; x_wconf 91' lang='lat' dir='ltr'>cui</span> <span class='ocrx_word' id='word_1_139' title='bbox 1732 1322 1799 1362; x_wconf 91' lang='lat' dir='ltr'>in-</span> 
     </span>
     <span class='ocr_line' id='line_1_16' title="bbox 308 1376 1795 1437; baseline 0.001 -13"><span class='ocrx_word' id='word_1_140' title='bbox 308 1384 554 1424; x_wconf 85' lang='lat' dir='ltr'>serviturae</span> <span class='ocrx_word' id='word_1_141' title='bbox 577 1389 681 1424; x_wconf 93' lang='lat' dir='ltr'>sunt</span> <span class='ocrx_word' id='word_1_142' title='bbox 700 1397 708 1434; x_wconf 90' lang='lat'><em>;</em></span> <span class='ocrx_word' id='word_1_143' title='bbox 736 1383 822 1424; x_wconf 90' lang='lat' dir='ltr'>hoc</span> <span class='ocrx_word' id='word_1_144' title='bbox 845 1376 1113 1436; x_wconf 79' lang='lat' dir='ltr'>intelligitur</span> <span class='ocrx_word' id='word_1_145' title='bbox 1131 1397 1209 1437; x_wconf 89' lang='lat' dir='ltr'>per</span> <span class='ocrx_word' id='word_1_146' title='bbox 1227 1383 1482 1436; x_wconf 91' lang='lat' dir='ltr'>“colligere</span> <span class='ocrx_word' id='word_1_147' title='bbox 1499 1384 1612 1425; x_wconf 87' lang='lat' dir='ltr'>sicut</span> <span class='ocrx_word' id='word_1_148' title='bbox 1636 1384 1795 1437; x_wconf 85' lang='lat' dir='ltr'>perdix</span> 
     </span>
     <span class='ocr_line' id='line_1_17' title="bbox 309 1445 1798 1500; baseline -0.001 -12"><span class='ocrx_word' id='word_1_149' title='bbox 309 1453 355 1488; x_wconf 90' lang='lat' dir='ltr'>et</span> <span class='ocrx_word' id='word_1_150' title='bbox 378 1460 468 1488; x_wconf 92' lang='lat' dir='ltr'>non</span> <span class='ocrx_word' id='word_1_151' title='bbox 491 1446 684 1500; x_wconf 89' lang='lat' dir='ltr'>parere,”</span> <span class='ocrx_word' id='word_1_152' title='bbox 703 1453 748 1487; x_wconf 93' lang='lat' dir='ltr'>et</span> <span class='ocrx_word' id='word_1_153' title='bbox 772 1460 850 1500; x_wconf 90' lang='lat' dir='ltr'>per</span> <span class='ocrx_word' id='word_1_154' title='bbox 869 1450 894 1466; x_wconf 75' lang='lat'>‘⁶</span> <span class='ocrx_word' id='word_1_155' title='bbox 907 1446 1053 1487; x_wconf 85' lang='lat' dir='ltr'>facere</span> <span class='ocrx_word' id='word_1_156' title='bbox 1071 1446 1250 1487; x_wconf 89' lang='lat' dir='ltr'>divitias</span> <span class='ocrx_word' id='word_1_157' title='bbox 1269 1446 1348 1487; x_wconf 92' lang='lat' dir='ltr'>sed</span> <span class='ocrx_word' id='word_1_158' title='bbox 1367 1459 1458 1487; x_wconf 92' lang='lat' dir='ltr'>non</span> <span class='ocrx_word' id='word_1_159' title='bbox 1476 1459 1576 1487; x_wconf 92' lang='lat' dir='ltr'>cum</span> <span class='ocrx_word' id='word_1_160' title='bbox 1594 1445 1798 1499; x_wconf 87' lang='lat' dir='ltr'>judicio‚&#39;’</span> 
     </span>
     <span class='ocr_line' id='line_1_18' title="bbox 308 1508 1797 1563; baseline -0.001 -12"><span class='ocrx_word' id='word_1_161' title='bbox 308 1516 354 1551; x_wconf 88' lang='lat' dir='ltr'>et</span> <span class='ocrx_word' id='word_1_162' title='bbox 372 1509 491 1563; x_wconf 90' lang='lat' dir='ltr'>quod</span> <span class='ocrx_word' id='word_1_163' title='bbox 516 1510 597 1550; x_wconf 89' lang='lat' dir='ltr'>“in</span> <span class='ocrx_word' id='word_1_164' title='bbox 613 1510 908 1550; x_wconf 87' lang='lat' dir='ltr'>extremitate</span> <span class='ocrx_word' id='word_1_165' title='bbox 926 1509 1098 1550; x_wconf 90' lang='lat' dir='ltr'>dierum</span> <span class='ocrx_word' id='word_1_166' title='bbox 1116 1508 1193 1550; x_wconf 91' lang='lat' dir='ltr'>fiet</span> <span class='ocrx_word' id='word_1_167' title='bbox 1211 1508 1376 1550; x_wconf 89' lang='lat' dir='ltr'>stultus</span> <span class='ocrx_word' id='word_1_168' title='bbox 1394 1509 1427 1560; x_wconf 89' lang='lat'>;&#39;’</span> <span class='ocrx_word' id='word_1_169' title='bbox 1459 1515 1504 1550; x_wconf 92' lang='lat' dir='ltr'>et</span> <span class='ocrx_word' id='word_1_170' title='bbox 1522 1510 1624 1563; x_wconf 89' lang='lat' dir='ltr'>quia</span> <span class='ocrx_word' id='word_1_171' title='bbox 1642 1510 1797 1562; x_wconf 92' lang='lat' dir='ltr'>cogni-</span> 
     </span>
     <span class='ocr_line' id='line_1_19' title="bbox 308 1567 1801 1626; baseline 0 -12"><span class='ocrx_word' id='word_1_172' title='bbox 308 1575 454 1614; x_wconf 89' lang='lat' dir='ltr'>tiones</span> <span class='ocrx_word' id='word_1_173' title='bbox 485 1573 577 1614; x_wconf 89' lang='lat' dir='ltr'>veri</span> <span class='ocrx_word' id='word_1_174' title='bbox 609 1579 655 1614; x_wconf 90' lang='lat' dir='ltr'>et</span> <span class='ocrx_word' id='word_1_175' title='bbox 687 1572 792 1613; x_wconf 91' lang='lat' dir='ltr'>boni</span> <span class='ocrx_word' id='word_1_176' title='bbox 817 1572 1110 1613; x_wconf 87' lang='lat' dir='ltr'>inserviturae</span> <span class='ocrx_word' id='word_1_177' title='bbox 1141 1578 1244 1613; x_wconf 91' lang='lat' dir='ltr'>sunt</span> <span class='ocrx_word' id='word_1_178' title='bbox 1271 1573 1406 1621; x_wconf 90' lang='lat' dir='ltr'>vitae,</span> <span class='ocrx_word' id='word_1_179' title='bbox 1434 1571 1545 1613; x_wconf 88' lang='lat' dir='ltr'>haec</span> <span class='ocrx_word' id='word_1_180' title='bbox 1572 1567 1696 1613; x_wconf 65' lang='lat' dir='ltr'>enim&#39;</span> <span class='ocrx_word' id='word_1_181' title='bbox 1722 1586 1801 1626; x_wconf 90' lang='lat' dir='ltr'>per</span> 
     </span>
     <span class='ocr_line' id='line_1_20' title="bbox 308 1634 1800 1689; baseline -0.001 -12"><span class='ocrx_word' id='word_1_182' title='bbox 308 1636 408 1677; x_wconf 88' lang='lat' dir='ltr'>illas</span> <span class='ocrx_word' id='word_1_183' title='bbox 445 1635 709 1689; x_wconf 87' lang='lat' dir='ltr'>perficietur,</span> <span class='ocrx_word' id='word_1_184' title='bbox 749 1635 851 1676; x_wconf 91' lang='lat' dir='ltr'>ideo</span> <span class='ocrx_word' id='word_1_185' title='bbox 888 1635 1051 1675; x_wconf 91' lang='lat' dir='ltr'>dicitur</span> <span class='ocrx_word' id='word_1_186' title='bbox 1088 1635 1208 1689; x_wconf 90' lang='lat' dir='ltr'>quod</span> <span class='ocrx_word' id='word_1_187' title='bbox 1246 1635 1488 1688; x_wconf 88' lang='lat' dir='ltr'>“Jehovah</span> <span class='ocrx_word' id='word_1_188' title='bbox 1525 1634 1604 1676; x_wconf 91' lang='lat' dir='ltr'>det</span> <span class='ocrx_word' id='word_1_189' title='bbox 1642 1636 1800 1689; x_wconf 90' lang='lat' dir='ltr'>cuique</span> 
     </span>
     <span class='ocr_line' id='line_1_21' title="bbox 309 1696 1799 1752; baseline -0.001 -12"><span class='ocrx_word' id='word_1_190' title='bbox 309 1699 555 1740; x_wconf 89' lang='lat' dir='ltr'>secundum</span> <span class='ocrx_word' id='word_1_191' title='bbox 582 1700 676 1740; x_wconf 89' lang='lat' dir='ltr'>vias</span> <span class='ocrx_word' id='word_1_192' title='bbox 707 1698 799 1751; x_wconf 91' lang='lat' dir='ltr'>ejus</span> <span class='ocrx_word' id='word_1_193' title='bbox 833 1704 879 1739; x_wconf 88' lang='lat' dir='ltr'>et</span> <span class='ocrx_word' id='word_1_194' title='bbox 906 1697 1039 1751; x_wconf 88' lang='lat' dir='ltr'>juxta</span> <span class='ocrx_word' id='word_1_195' title='bbox 1069 1696 1235 1739; x_wconf 67' lang='lat' dir='ltr'>fructus</span> <span class='ocrx_word' id='word_1_196' title='bbox 1261 1711 1446 1752; x_wconf 87' lang='lat' dir='ltr'>operum</span> <span class='ocrx_word' id='word_1_197' title='bbox 1473 1697 1602 1751; x_wconf 90' lang='lat' dir='ltr'>ejus.”</span> <span class='ocrx_word' id='word_1_198' title='bbox 1661 1697 1799 1752; x_wconf 90' lang='lat' dir='ltr'>Apud</span> 
     </span>
     <span class='ocr_line' id='line_1_22' title="bbox 307 1762 485 1811; baseline 0 -8"><span class='ocrx_word' id='word_1_199' title='bbox 307 1762 485 1811; x_wconf 87' lang='lat' dir='ltr'><em>Lucam,</em></span> 
     </span>
    </p>
   </div>
   <div class='ocr_carea' id='block_1_5' title="bbox 377 1865 1800 1951">
    <p class='ocr_par' dir='ltr' id='par_1_6' title="bbox 377 1865 1800 1951">
     <span class='ocr_line' id='line_1_23' title="bbox 377 1865 1800 1908; baseline 0 -11"><span class='ocrx_word' id='word_1_200' title='bbox 377 1868 399 1881; x_wconf 83' lang='lat'>¹¹</span> <span class='ocrx_word' id='word_1_201' title='bbox 411 1866 579 1908; x_wconf 77' lang='lat' dir='ltr'>Quisquis</span> <span class='ocrx_word' id='word_1_202' title='bbox 596 1876 640 1898; x_wconf 89' lang='lat' dir='ltr'>ex</span> <span class='ocrx_word' id='word_1_203' title='bbox 657 1866 771 1904; x_wconf 87' lang='lat' dir='ltr'>vobis,</span> <span class='ocrx_word' id='word_1_204' title='bbox 791 1866 849 1908; x_wconf 91' lang='lat' dir='ltr'>qui</span> <span class='ocrx_word' id='word_1_205' title='bbox 867 1876 939 1897; x_wconf 92' lang='lat' dir='ltr'>non</span> <span class='ocrx_word' id='word_1_206' title='bbox 957 1866 1111 1907; x_wconf 89' lang='lat' dir='ltr'>abnegat</span> <span class='ocrx_word' id='word_1_207' title='bbox 1128 1875 1255 1898; x_wconf 88' lang='lat' dir='ltr'>omnes</span> <span class='ocrx_word' id='word_1_208' title='bbox 1272 1875 1356 1897; x_wconf 89' lang='lat' dir='ltr'>suas</span> <span class='ocrx_word' id='word_1_209' title='bbox 1372 1865 1570 1904; x_wconf 79' lang='lat' dir='ltr'>facultates,</span> <span class='ocrx_word' id='word_1_210' title='bbox 1591 1874 1664 1898; x_wconf 89' lang='lat' dir='ltr'>non</span> <span class='ocrx_word' id='word_1_211' title='bbox 1682 1871 1800 1907; x_wconf 86' lang='lat' dir='ltr'>potest</span> 
     </span>
     <span class='ocr_line' id='line_1_24' title="bbox 483 1908 1116 1951; baseline -0.002 -9"><span class='ocrx_word' id='word_1_212' title='bbox 483 1920 584 1942; x_wconf 89' lang='lat' dir='ltr'>meus</span> <span class='ocrx_word' id='word_1_213' title='bbox 601 1920 680 1942; x_wconf 89' lang='lat' dir='ltr'>esse</span> <span class='ocrx_word' id='word_1_214' title='bbox 697 1910 891 1951; x_wconf 89' lang='lat' dir='ltr'>discipulus</span> <span class='ocrx_word' id='word_1_215' title='bbox 903 1909 920 1921; x_wconf 90' lang='lat'>”</span> <span class='ocrx_word' id='word_1_216' title='bbox 938 1908 1022 1950; x_wconf 86' lang='lat' dir='ltr'>(xiv.</span> <span class='ocrx_word' id='word_1_217' title='bbox 1040 1909 1094 1950; x_wconf 90' lang='lat'>33)</span> <span class='ocrx_word' id='word_1_218' title='bbox 1109 1919 1116 1947; x_wconf 85' lang='lat'><strong>;</strong></span> 
     </span>
    </p>
   </div>
   <div class='ocr_carea' id='block_1_6' title="bbox 236 2007 1799 3069">
    <p class='ocr_par' dir='ltr' id='par_1_7' title="bbox 236 2007 1799 3069">
     <span class='ocr_line' id='line_1_25' title="bbox 308 2007 1798 2063; baseline -0.001 -14"><span class='ocrx_word' id='word_1_219' title='bbox 308 2010 381 2063; x_wconf 92' lang='lat' dir='ltr'>qui</span> <span class='ocrx_word' id='word_1_220' title='bbox 415 2022 504 2050; x_wconf 91' lang='lat' dir='ltr'>non</span> <span class='ocrx_word' id='word_1_221' title='bbox 536 2009 621 2050; x_wconf 88' lang='lat' dir='ltr'>scit</span> <span class='ocrx_word' id='word_1_222' title='bbox 657 2008 777 2062; x_wconf 91' lang='lat' dir='ltr'>quod</span> <span class='ocrx_word' id='word_1_223' title='bbox 811 2007 1089 2049; x_wconf 88' lang='lat' dir='ltr'>“facultates</span> <span class='ocrx_word' id='word_1_224' title='bbox 1102 2007 1121 2022; x_wconf 89' lang='lat'>’&#39;</span> <span class='ocrx_word' id='word_1_225' title='bbox 1152 2009 1196 2048; x_wconf 95' lang='lat' dir='ltr'>in</span> <span class='ocrx_word' id='word_1_226' title='bbox 1229 2007 1385 2049; x_wconf 91' lang='lat' dir='ltr'>Verbo</span> <span class='ocrx_word' id='word_1_227' title='bbox 1416 2008 1505 2049; x_wconf 89' lang='lat' dir='ltr'>sint</span> <span class='ocrx_word' id='word_1_228' title='bbox 1538 2007 1720 2048; x_wconf 88' lang='lat' dir='ltr'>divitiae</span> <span class='ocrx_word' id='word_1_229' title='bbox 1751 2014 1798 2048; x_wconf 92' lang='lat' dir='ltr'>et</span> 
     </span>
     <span class='ocr_line' id='line_1_26' title="bbox 309 2070 1797 2126; baseline -0.001 -14"><span class='ocrx_word' id='word_1_230' title='bbox 309 2086 418 2126; x_wconf 92' lang='lat' dir='ltr'>opes</span> <span class='ocrx_word' id='word_1_231' title='bbox 444 2071 709 2125; x_wconf 88' lang='lat' dir='ltr'>spirituales,</span> <span class='ocrx_word' id='word_1_232' title='bbox 737 2085 850 2124; x_wconf 89' lang='lat' dir='ltr'>quae</span> <span class='ocrx_word' id='word_1_233' title='bbox 882 2077 986 2112; x_wconf 88' lang='lat' dir='ltr'>sunt</span> <span class='ocrx_word' id='word_1_234' title='bbox 1010 2071 1294 2124; x_wconf 89' lang='lat' dir='ltr'>cognitiones</span> <span class='ocrx_word' id='word_1_235' title='bbox 1320 2084 1380 2111; x_wconf 91' lang='lat' dir='ltr'>ex</span> <span class='ocrx_word' id='word_1_236' title='bbox 1406 2070 1574 2119; x_wconf 90' lang='lat' dir='ltr'>Verbo,</span> <span class='ocrx_word' id='word_1_237' title='bbox 1602 2083 1691 2111; x_wconf 93' lang='lat' dir='ltr'>non</span> <span class='ocrx_word' id='word_1_238' title='bbox 1717 2070 1797 2111; x_wconf 89' lang='lat' dir='ltr'>ali-</span> 
     </span>
     <span class='ocr_line' id='line_1_27' title="bbox 307 2133 1798 2188; baseline -0.002 -12"><span class='ocrx_word' id='word_1_239' title='bbox 307 2142 377 2177; x_wconf 89' lang='lat' dir='ltr'>ter</span> <span class='ocrx_word' id='word_1_240' title='bbox 412 2136 524 2175; x_wconf 93' lang='lat' dir='ltr'>scire</span> <span class='ocrx_word' id='word_1_241' title='bbox 560 2141 712 2188; x_wconf 87' lang='lat' dir='ltr'>potest</span> <span class='ocrx_word' id='word_1_242' title='bbox 749 2147 882 2188; x_wconf 90' lang='lat' dir='ltr'>quam</span> <span class='ocrx_word' id='word_1_243' title='bbox 914 2133 1034 2187; x_wconf 91' lang='lat' dir='ltr'>quod</span> <span class='ocrx_word' id='word_1_244' title='bbox 1071 2147 1119 2174; x_wconf 88' lang='lat' dir='ltr'>se</span> <span class='ocrx_word' id='word_1_245' title='bbox 1155 2133 1466 2186; x_wconf 88' lang='lat' dir='ltr'>deprivaturus</span> <span class='ocrx_word' id='word_1_246' title='bbox 1498 2135 1554 2175; x_wconf 93' lang='lat' dir='ltr'>sit</span> <span class='ocrx_word' id='word_1_247' title='bbox 1592 2134 1798 2174; x_wconf 90' lang='lat' dir='ltr'>omnibus</span> 
     </span>
     <span class='ocr_line' id='line_1_28' title="bbox 307 2196 1797 2252; baseline -0.001 -13"><span class='ocrx_word' id='word_1_248' title='bbox 307 2198 466 2252; x_wconf 92' lang='lat' dir='ltr'>opibus</span> <span class='ocrx_word' id='word_1_249' title='bbox 483 2203 531 2238; x_wconf 93' lang='lat' dir='ltr'>ut</span> <span class='ocrx_word' id='word_1_250' title='bbox 554 2197 715 2238; x_wconf 88' lang='lat' dir='ltr'>salvari</span> <span class='ocrx_word' id='word_1_251' title='bbox 737 2197 904 2250; x_wconf 88' lang='lat' dir='ltr'>possit;</span> <span class='ocrx_word' id='word_1_252' title='bbox 938 2210 1038 2237; x_wconf 92' lang='lat' dir='ltr'>cum</span> <span class='ocrx_word' id='word_1_253' title='bbox 1056 2203 1210 2237; x_wconf 90' lang='lat' dir='ltr'>tamen</span> <span class='ocrx_word' id='word_1_254' title='bbox 1233 2209 1322 2237; x_wconf 91' lang='lat' dir='ltr'>non</span> <span class='ocrx_word' id='word_1_255' title='bbox 1340 2196 1416 2237; x_wconf 93' lang='lat' dir='ltr'>ille</span> <span class='ocrx_word' id='word_1_256' title='bbox 1442 2210 1598 2237; x_wconf 88' lang='lat' dir='ltr'>sensus</span> <span class='ocrx_word' id='word_1_257' title='bbox 1621 2196 1797 2237; x_wconf 90' lang='lat' dir='ltr'>illorum</span> 
     </span>
     <span class='ocr_line' id='line_1_29' title="bbox 306 2258 1799 2312; baseline -0.001 -11"><span class='ocrx_word' id='word_1_258' title='bbox 306 2261 545 2302; x_wconf 90' lang='lat' dir='ltr'>verborum</span> <span class='ocrx_word' id='word_1_259' title='bbox 571 2266 655 2308; x_wconf 91' lang='lat' dir='ltr'>est,</span> <span class='ocrx_word' id='word_1_260' title='bbox 680 2259 759 2300; x_wconf 92' lang='lat' dir='ltr'>sed</span> <span class='ocrx_word' id='word_1_261' title='bbox 785 2273 863 2312; x_wconf 90' lang='lat' dir='ltr'>per</span> <span class='ocrx_word' id='word_1_262' title='bbox 886 2258 1196 2300; x_wconf 87' lang='lat' dir='ltr'>“facultates”</span> <span class='ocrx_word' id='word_1_263' title='bbox 1221 2259 1280 2299; x_wconf 91' lang='lat' dir='ltr'>ibi</span> <span class='ocrx_word' id='word_1_264' title='bbox 1306 2258 1623 2312; x_wconf 87' lang='lat' dir='ltr'>intelliguntur</span> <span class='ocrx_word' id='word_1_265' title='bbox 1648 2261 1799 2300; x_wconf 86' lang='lat' dir='ltr'>omnia</span> 
     </span>
     <span class='ocr_line' id='line_1_30' title="bbox 306 2322 1796 2377; baseline -0.001 -13"><span class='ocrx_word' id='word_1_266' title='bbox 306 2337 420 2377; x_wconf 90' lang='lat' dir='ltr'>quae</span> <span class='ocrx_word' id='word_1_267' title='bbox 446 2337 505 2363; x_wconf 88' lang='lat' dir='ltr'>ex</span> <span class='ocrx_word' id='word_1_268' title='bbox 538 2323 714 2376; x_wconf 90' lang='lat' dir='ltr'>propria</span> <span class='ocrx_word' id='word_1_269' title='bbox 739 2322 1044 2375; x_wconf 86' lang='lat' dir='ltr'>intelligentia</span> <span class='ocrx_word' id='word_1_270' title='bbox 1069 2328 1200 2363; x_wconf 88' lang='lat' dir='ltr'>sunt:</span> <span class='ocrx_word' id='word_1_271' title='bbox 1235 2335 1369 2363; x_wconf 91' lang='lat' dir='ltr'>nemo</span> <span class='ocrx_word' id='word_1_272' title='bbox 1395 2323 1514 2362; x_wconf 91' lang='lat' dir='ltr'>enim</span> <span class='ocrx_word' id='word_1_273' title='bbox 1546 2328 1699 2375; x_wconf 90' lang='lat' dir='ltr'>potest</span> <span class='ocrx_word' id='word_1_274' title='bbox 1726 2337 1796 2363; x_wconf 86' lang='lat' dir='ltr'>sa-</span> 
     </span>
     <span class='ocr_line' id='line_1_31' title="bbox 307 2385 1798 2440; baseline 0.001 -14"><span class='ocrx_word' id='word_1_275' title='bbox 307 2400 412 2440; x_wconf 91' lang='lat' dir='ltr'>pere</span> <span class='ocrx_word' id='word_1_276' title='bbox 438 2400 496 2426; x_wconf 85' lang='lat' dir='ltr'>ex</span> <span class='ocrx_word' id='word_1_277' title='bbox 524 2399 585 2434; x_wconf 89' lang='lat' dir='ltr'>se,</span> <span class='ocrx_word' id='word_1_278' title='bbox 614 2385 692 2426; x_wconf 93' lang='lat' dir='ltr'>sed</span> <span class='ocrx_word' id='word_1_279' title='bbox 716 2399 775 2430; x_wconf 82' lang='lat' dir='ltr'>ex</span> <span class='ocrx_word' id='word_1_280' title='bbox 799 2385 1024 2435; x_wconf 89' lang='lat' dir='ltr'>Domino;</span> <span class='ocrx_word' id='word_1_281' title='bbox 1051 2391 1327 2438; x_wconf 87' lang='lat' dir='ltr'>quapropter</span> <span class='ocrx_word' id='word_1_282' title='bbox 1353 2385 1618 2438; x_wconf 84' lang='lat' dir='ltr'>“abnegare</span> <span class='ocrx_word' id='word_1_283' title='bbox 1641 2399 1798 2427; x_wconf 90' lang='lat' dir='ltr'>omnes</span> 
     </span>
     <span class='ocr_line' id='line_1_32' title="bbox 305 2448 1797 2502; baseline 0 -12"><span class='ocrx_word' id='word_1_284' title='bbox 305 2449 546 2490; x_wconf 85' lang='lat' dir='ltr'>facultates</span> <span class='ocrx_word' id='word_1_285' title='bbox 559 2448 579 2464; x_wconf 89' lang='lat'>”</span> <span class='ocrx_word' id='word_1_286' title='bbox 604 2455 673 2490; x_wconf 91' lang='lat' dir='ltr'>est</span> <span class='ocrx_word' id='word_1_287' title='bbox 699 2448 807 2489; x_wconf 93' lang='lat' dir='ltr'>nihil</span> <span class='ocrx_word' id='word_1_288' title='bbox 833 2448 1165 2501; x_wconf 86' lang='lat' dir='ltr'>intelligentiae</span> <span class='ocrx_word' id='word_1_289' title='bbox 1190 2455 1236 2489; x_wconf 94' lang='lat' dir='ltr'>et</span> <span class='ocrx_word' id='word_1_290' title='bbox 1268 2449 1516 2502; x_wconf 86' lang='lat' dir='ltr'>sapientiae</span> <span class='ocrx_word' id='word_1_291' title='bbox 1543 2449 1625 2489; x_wconf 90' lang='lat' dir='ltr'>sibi</span> <span class='ocrx_word' id='word_1_292' title='bbox 1657 2450 1797 2490; x_wconf 92' lang='lat' dir='ltr'>tribu-</span> 
     </span>
     <span class='ocr_line' id='line_1_33' title="bbox 306 2511 1795 2566; baseline 0 -13"><span class='ocrx_word' id='word_1_293' title='bbox 306 2526 380 2554; x_wconf 90' lang='lat' dir='ltr'>ere</span> <span class='ocrx_word' id='word_1_294' title='bbox 398 2526 407 2563; x_wconf 90' lang='lat'>;</span> <span class='ocrx_word' id='word_1_295' title='bbox 431 2518 476 2553; x_wconf 92' lang='lat' dir='ltr'>et</span> <span class='ocrx_word' id='word_1_296' title='bbox 494 2513 567 2566; x_wconf 93' lang='lat' dir='ltr'>qui</span> <span class='ocrx_word' id='word_1_297' title='bbox 589 2512 632 2553; x_wconf 92' lang='lat' dir='ltr'>id</span> <span class='ocrx_word' id='word_1_298' title='bbox 651 2526 742 2553; x_wconf 91' lang='lat' dir='ltr'>non</span> <span class='ocrx_word' id='word_1_299' title='bbox 760 2512 864 2553; x_wconf 90' lang='lat' dir='ltr'>facit</span> <span class='ocrx_word' id='word_1_300' title='bbox 883 2525 972 2552; x_wconf 91' lang='lat' dir='ltr'>non</span> <span class='ocrx_word' id='word_1_301' title='bbox 991 2518 1144 2565; x_wconf 88' lang='lat' dir='ltr'>potest</span> <span class='ocrx_word' id='word_1_302' title='bbox 1163 2512 1320 2552; x_wconf 88' lang='lat' dir='ltr'>instrui</span> <span class='ocrx_word' id='word_1_303' title='bbox 1338 2525 1363 2552; x_wconf 92' lang='lat' dir='ltr'>a</span> <span class='ocrx_word' id='word_1_304' title='bbox 1382 2511 1592 2561; x_wconf 91' lang='lat' dir='ltr'>Domino,</span> <span class='ocrx_word' id='word_1_305' title='bbox 1611 2511 1696 2552; x_wconf 94' lang='lat' dir='ltr'>hoc</span> <span class='ocrx_word' id='word_1_306' title='bbox 1711 2518 1795 2560; x_wconf 88' lang='lat' dir='ltr'>est,</span> 
     </span>
     <span class='ocr_line' id='line_1_34' title="bbox 306 2574 1798 2629; baseline 0 -13"><span class='ocrx_word' id='word_1_307' title='bbox 306 2575 548 2629; x_wconf 91' lang='lat' dir='ltr'>discipulus</span> <span class='ocrx_word' id='word_1_308' title='bbox 575 2576 719 2629; x_wconf 87' lang='lat' dir='ltr'>Ipsius</span> <span class='ocrx_word' id='word_1_309' title='bbox 742 2590 852 2616; x_wconf 92' lang='lat' dir='ltr'>esse.</span> <span class='ocrx_word' id='word_1_310' title='bbox 916 2574 1002 2628; x_wconf 80' lang='lat' dir='ltr'>Qui</span> <span class='ocrx_word' id='word_1_311' title='bbox 1029 2588 1119 2616; x_wconf 90' lang='lat' dir='ltr'>non</span> <span class='ocrx_word' id='word_1_312' title='bbox 1142 2575 1288 2616; x_wconf 90' lang='lat' dir='ltr'>sciunt</span> <span class='ocrx_word' id='word_1_313' title='bbox 1314 2575 1434 2629; x_wconf 92' lang='lat' dir='ltr'>quod</span> <span class='ocrx_word' id='word_1_314' title='bbox 1460 2589 1539 2629; x_wconf 89' lang='lat' dir='ltr'>per</span> <span class='ocrx_word' id='word_1_315' title='bbox 1563 2576 1765 2617; x_wconf 91' lang='lat' dir='ltr'>“divites</span> <span class='ocrx_word' id='word_1_316' title='bbox 1778 2575 1798 2591; x_wconf 88' lang='lat'>”</span> 
     </span>
     <span class='ocr_line' id='line_1_35' title="bbox 305 2638 1795 2692; baseline -0.001 -12"><span class='ocrx_word' id='word_1_317' title='bbox 305 2638 619 2692; x_wconf 87' lang='lat' dir='ltr'>intelligantur</span> <span class='ocrx_word' id='word_1_318' title='bbox 640 2639 713 2692; x_wconf 90' lang='lat' dir='ltr'>qui</span> <span class='ocrx_word' id='word_1_319' title='bbox 738 2638 972 2692; x_wconf 88' lang='lat' dir='ltr'>possident</span> <span class='ocrx_word' id='word_1_320' title='bbox 996 2638 1280 2691; x_wconf 91' lang='lat' dir='ltr'>cognitiones</span> <span class='ocrx_word' id='word_1_321' title='bbox 1301 2638 1393 2678; x_wconf 90' lang='lat' dir='ltr'>veri</span> <span class='ocrx_word' id='word_1_322' title='bbox 1419 2644 1465 2679; x_wconf 92' lang='lat' dir='ltr'>et</span> <span class='ocrx_word' id='word_1_323' title='bbox 1491 2638 1610 2687; x_wconf 91' lang='lat' dir='ltr'>boni,</span> <span class='ocrx_word' id='word_1_324' title='bbox 1633 2638 1697 2679; x_wconf 89' lang='lat' dir='ltr'>ita</span> <span class='ocrx_word' id='word_1_325' title='bbox 1722 2639 1795 2692; x_wconf 89' lang='lat' dir='ltr'>qui</span> 
     </span>
     <span class='ocr_line' id='line_1_36' title="bbox 306 2700 1793 2755; baseline -0.001 -13"><span class='ocrx_word' id='word_1_326' title='bbox 306 2702 476 2743; x_wconf 91' lang='lat' dir='ltr'>habent</span> <span class='ocrx_word' id='word_1_327' title='bbox 488 2701 704 2750; x_wconf 91' lang='lat' dir='ltr'>Verbum,</span> <span class='ocrx_word' id='word_1_328' title='bbox 717 2708 763 2742; x_wconf 91' lang='lat' dir='ltr'>et</span> <span class='ocrx_word' id='word_1_329' title='bbox 778 2701 898 2755; x_wconf 92' lang='lat' dir='ltr'>quod</span> <span class='ocrx_word' id='word_1_330' title='bbox 913 2714 991 2754; x_wconf 93' lang='lat' dir='ltr'>per</span> <span class='ocrx_word' id='word_1_331' title='bbox 1007 2700 1277 2754; x_wconf 87' lang='lat' dir='ltr'>“pauperes&#39;‘</span> <span class='ocrx_word' id='word_1_332' title='bbox 1291 2700 1603 2754; x_wconf 87' lang='lat' dir='ltr'>intelligantur</span> <span class='ocrx_word' id='word_1_333' title='bbox 1617 2702 1689 2754; x_wconf 91' lang='lat' dir='ltr'>qui</span> <span class='ocrx_word' id='word_1_334' title='bbox 1704 2714 1793 2741; x_wconf 91' lang='lat' dir='ltr'>non</span> 
     </span>
     <span class='ocr_line' id='line_1_37' title="bbox 306 2763 1792 2819; baseline -0.002 -13"><span class='ocrx_word' id='word_1_335' title='bbox 306 2765 539 2819; x_wconf 85' lang='lat' dir='ltr'>possident</span> <span class='ocrx_word' id='word_1_336' title='bbox 570 2763 669 2806; x_wconf 88' lang='lat' dir='ltr'>illas</span> <span class='ocrx_word' id='word_1_337' title='bbox 701 2765 779 2806; x_wconf 92' lang='lat' dir='ltr'>sed</span> <span class='ocrx_word' id='word_1_338' title='bbox 814 2779 951 2818; x_wconf 90' lang='lat' dir='ltr'>usque</span> <span class='ocrx_word' id='word_1_339' title='bbox 987 2765 1061 2818; x_wconf 91' lang='lat' dir='ltr'>qui</span> <span class='ocrx_word' id='word_1_340' title='bbox 1097 2764 1355 2804; x_wconf 89' lang='lat' dir='ltr'>desiderant</span> <span class='ocrx_word' id='word_1_341' title='bbox 1392 2763 1506 2812; x_wconf 89' lang='lat' dir='ltr'>illas,</span> <span class='ocrx_word' id='word_1_342' title='bbox 1534 2777 1624 2804; x_wconf 91' lang='lat' dir='ltr'>non</span> <span class='ocrx_word' id='word_1_343' title='bbox 1660 2763 1792 2804; x_wconf 87' lang='lat' dir='ltr'>aliter</span> 
     </span>
     <span class='ocr_line' id='line_1_38' title="bbox 306 2826 1796 2882; baseline -0.001 -14"><span class='ocrx_word' id='word_1_344' title='bbox 306 2829 417 2869; x_wconf 89' lang='lat' dir='ltr'>scire</span> <span class='ocrx_word' id='word_1_345' title='bbox 455 2834 657 2882; x_wconf 89' lang='lat' dir='ltr'>possunt,</span> <span class='ocrx_word' id='word_1_346' title='bbox 697 2840 829 2881; x_wconf 88' lang='lat' dir='ltr'>quarn</span> <span class='ocrx_word' id='word_1_347' title='bbox 867 2827 986 2881; x_wconf 89' lang='lat' dir='ltr'>quod</span> <span class='ocrx_word' id='word_1_348' title='bbox 1023 2840 1101 2880; x_wconf 93' lang='lat' dir='ltr'>per</span> <span class='ocrx_word' id='word_1_349' title='bbox 1139 2826 1376 2875; x_wconf 89' lang='lat' dir='ltr'>“divitem,</span> <span class='ocrx_word' id='word_1_350' title='bbox 1415 2827 1488 2879; x_wconf 90' lang='lat' dir='ltr'>qui</span> <span class='ocrx_word' id='word_1_351' title='bbox 1526 2826 1796 2867; x_wconf 87' lang='lat' dir='ltr'>induebatur</span> 
     </span>
     <span class='ocr_line' id='line_1_39' title="bbox 305 2886 1792 2944; baseline -0.002 -13"><span class='ocrx_word' id='word_1_352' title='bbox 305 2904 499 2944; x_wconf 89' lang='lat' dir='ltr'>purpura</span> <span class='ocrx_word' id='word_1_353' title='bbox 524 2896 569 2931; x_wconf 92' lang='lat' dir='ltr'>et</span> <span class='ocrx_word' id='word_1_354' title='bbox 592 2890 766 2943; x_wconf 89' lang='lat' dir='ltr'>bysso,&#39;&#39;</span> <span class='ocrx_word' id='word_1_355' title='bbox 788 2896 834 2931; x_wconf 90' lang='lat' dir='ltr'>et</span> <span class='ocrx_word' id='word_1_356' title='bbox 860 2904 938 2943; x_wconf 88' lang='lat' dir='ltr'>per</span> <span class='ocrx_word' id='word_1_357' title='bbox 963 2893 1244 2943; x_wconf 89' lang='lat' dir='ltr'>“pauperem</span> <span class='ocrx_word' id='word_1_358' title='bbox 1266 2889 1339 2942; x_wconf 89' lang='lat' dir='ltr'>qui</span> <span class='ocrx_word' id='word_1_359' title='bbox 1364 2886 1586 2942; x_wconf 60' lang='lat' dir='ltr'>projectus</span> <span class='ocrx_word' id='word_1_360' title='bbox 1608 2887 1665 2928; x_wconf 91' lang='lat' dir='ltr'>ad</span> <span class='ocrx_word' id='word_1_361' title='bbox 1691 2901 1792 2928; x_wconf 92' lang='lat' dir='ltr'>ves-</span> 
     </span>
     <span class='ocr_line' id='line_1_40' title="bbox 305 2950 1792 3007; baseline -0.003 -13"><span class='ocrx_word' id='word_1_362' title='bbox 305 2953 496 2995; x_wconf 90' lang='lat' dir='ltr'>tibulum</span> <span class='ocrx_word' id='word_1_363' title='bbox 532 2952 656 3006; x_wconf 88' lang='lat' dir='ltr'>ejus’&#39;</span> <span class='ocrx_word' id='word_1_364' title='bbox 689 2951 809 3007; x_wconf 80' lang='lat' dir='ltr'><em>(Luc.</em></span> <span class='ocrx_word' id='word_1_365' title='bbox 831 2950 960 3005; x_wconf 66' lang='lat' dir='ltr'>xvi),</span> <span class='ocrx_word' id='word_1_366' title='bbox 984 2951 1264 3004; x_wconf 86' lang='lat' dir='ltr'>intelligatur</span> <span class='ocrx_word' id='word_1_367' title='bbox 1300 2951 1424 2991; x_wconf 91' lang='lat' dir='ltr'>dives</span> <span class='ocrx_word' id='word_1_368' title='bbox 1461 2957 1507 2991; x_wconf 92' lang='lat' dir='ltr'>et</span> <span class='ocrx_word' id='word_1_369' title='bbox 1545 2964 1712 3003; x_wconf 90' lang='lat' dir='ltr'>pauper</span> <span class='ocrx_word' id='word_1_370' title='bbox 1748 2950 1792 2990; x_wconf 92' lang='lat' dir='ltr'>in</span> 
     </span>
     <span class='ocr_line' id='line_1_41' title="bbox 236 3012 1792 3069; baseline -0.003 -12"><span class='ocrx_word' id='word_1_371' title='bbox 236 3038 239 3042; x_wconf 95' lang='lat'>·</span> <span class='ocrx_word' id='word_1_372' title='bbox 306 3016 531 3058; x_wconf 88' lang='lat' dir='ltr'>communi</span> <span class='ocrx_word' id='word_1_373' title='bbox 556 3029 715 3066; x_wconf 79' lang='lat' dir='ltr'>sensu3</span> <span class='ocrx_word' id='word_1_374' title='bbox 748 3028 847 3056; x_wconf 90' lang='lat' dir='ltr'>cum</span> <span class='ocrx_word' id='word_1_375' title='bbox 874 3021 1028 3056; x_wconf 89' lang='lat' dir='ltr'>tamen</span> <span class='ocrx_word' id='word_1_376' title='bbox 1053 3013 1416 3069; x_wconf 22' lang='lat' dir='ltr'>per,“divitem&#39;’</span> <span class='ocrx_word' id='word_1_377' title='bbox 1442 3013 1500 3055; x_wconf 89' lang='lat' dir='ltr'>ibi</span> <span class='ocrx_word' id='word_1_378' title='bbox 1526 3012 1792 3066; x_wconf 88' lang='lat' dir='ltr'>intelligitur</span> 
     </span>
    </p>
   </div>
   <div class='ocr_carea' id='block_1_7' title="bbox 2020 2409 2060 3476">
    <p class='ocr_par' dir='ltr' id='par_1_8' title="bbox 2020 2409 2060 3476">
     <span class='ocr_line' id='line_1_42' title="bbox 2020 2409 2060 3476; baseline 0 0"><span class='ocrx_word' id='word_1_379' title='bbox 2020 2409 2060 3476; x_wconf 95' lang='lat' dir='ltr'> </span> 
     </span>
    </p>
   </div>
  </div>
 </body>
</html>
