2060 3476
289 358 367 399 314
698 357 1032 390 APOCALYPSIS
1064 358 1364 391 EXPLICATA.

461 470 567 512 Jesus
591 470 679 502 dixit
697 468 773 507 [ssei.
795 470 928 502 Beatus
952 481 990 503 es
1015 471 1139 503 Simon
1166 471 1341 514 BarJona,
1361 472 1445 513 quia
1467 482 1550 505 caro
1574 479 1609 506 et
1631 474 1778 514 sanguis

461 515 529 545 hoc
546 524 618 545 non
633 514 804 546 revelavit
820 515 894 552 tibi,
911 515 974 546 sed
993 515 1098 546 Pater
1110 525 1210 547 meus
1224 516 1282 557 qui
1296 522 1350 547 est
1367 516 1403 547 in
1416 516 1523 548 caelis
1537 527 1544 552 z
1569 518 1632 549 sed
1649 523 1684 550 et
1702 518 1778 558 Ego

462 558 524 589 tibi
541 557 631 596 dico¹
652 558 706 589 Tu
723 568 762 589 es
788 558 925 595 Petrus,
945 564 980 590 et
997 568 1103 599 super
1118 559 1210 590 hanc
1227 565 1363 599 petram
1380 559 1574 591 aedificabo
1591 570 1706 592 meam
1724 571 1779 593 ec-

460 601 618 639 clesiam,
638 607 673 634 et
696 608 819 642 portae
843 602 1065 633 infernorum
1091 612 1164 633 non
1189 603 1446 643 praevalebunt
1469 603 1523 643 ei;
1547 609 1582 636 et
1598 604 1662 636 tibi
1684 605 1778 636 dabo

461 645 579 676 claves
597 645 698 685 regni
715 646 893 677 caelorum
905 645 923 657 '’
940 645 1023 685 (xvi.
1044 646 1173 687 15—19).

288 718 367 757 (Sed
386 719 426 748 de
447 719 540 748 Petro
560 723 591 748 et
609 719 677 757 ejus
695 719 837 748 clavibus
851 719 1018 749 videantur
1037 729 1119 757 quae
1138 720 1225 749 diota
1242 724 1316 749 sunt
1334 729 1439 758 supra,
1455 730 1485 751 n.
1498 722 1537 762 9,
1553 726 1583 750 et
1602 726 1728 751 ostensa
1747 722 1776 751 in

286 762 443 801 opusculo
460 763 511 791 De
532 763 650 792 Ultimo
668 763 811 803 Judicio,
827 772 858 792 n.
874 770 929 800 57;
953 768 984 792 et
998 763 1030 792 in
1045 764 1206 792 Doc‘trina
1219 764 1330 793 Novae
1343 764 1590 802 Hierosolymac,
1603 774 1633 794 n.
1652 773 1724 800 122:
1748 771 1778 794 et

286 808 375 844 quod
389 807 492 836 omnis
506 808 648 845 potentia
662 808 700 836 sit
714 817 789 837 vero
805 817 843 837 ex
857 808 945 837 bono
960 808 1049 845 quod
1063 817 1084 837 a
1098 808 1249 843 Domino,
1263 808 1296 837 in
1310 817 1407 846 opere
1422 809 1474 838 De
1492 809 1583 839 Caelo
1598 813 1628 838 et
1641 810 1777 848 lnserno,

285 860 316 880 n.
333 854 482 890 228—233,
498 859 573 890 539;
603 858 634 882 et
655 853 685 882 in
707 853 846 882 Arcanis
872 853 1065 887 Caelestibus,
1087 862 1118 882 n.
1141 862 1233 890 3091,
1254 855 1344 891 3387,
1366 854 1456 891 3563,
1477 861 1567 891 4592,
1582 863 1672 892 4933.
1688 855 1776 892 6344,

286 895 410 934 [216423‚
426 899 516 934 7518,
532 898 621 935 7673‘,
638 900 727 932 8281,
744 900 832 935 8304,
848 906 938 935 9133,
954 906 1044 935 9327,
1059 906 1149 935 9410,
1167 906 1274 935 10019,
1292 898 1414 934 10182.)

364 957 492 990 210.
523 959 688 998 [Vers.9.]
720 948 892 990 “[²‘¹Ecco
921 948 1024 989 dabo
1053 962 1105 989 ex
1130 961 1342 1003 synagoga
1364 949 1773 1002 ,varelwast—Quod

285 1008 508 1061 significet
531 1009 630 1050 illos
652 1009 732 1063 qui
752 1010 796 1050 in
822 1009 1025 1050 domina
1045 1009 1098 1050 de
1121 1009 1216 1051 sola
1228 1010 1327 1064 fide
1349 1016 1391 1051 et
1415 1010 1460 1050 in
1485 1009 1608 1051 nulla
1627 1010 1773 1051 ckari-

284 1078 386 1121 tate,
407 1078 591 1113 constat
609 1086 668 1113 ex
687 1072 1017 1126 significatione
1037 1076 1063 1093 “
1077 1087 1135 1114 ex
1154 1086 1392 1126 synagoga
1410 1073 1637 1122 satanae‚”
1655 1074 1773 1127 quod

284 1135 374 1175 sint
401 1134 462 1175 illi
486 1136 558 1189 qui
585 1136 629 1175 in
656 1133 860 1176 doctrina
887 1136 1085 1176 omnium
1112 1135 1324 1176 falsorum
1350 1135 1426 1189 (de
1448 1150 1534 1190 qua
1560 1150 1705 1190 supra,
1730 1150 1771 1177 n.

290 1197 414 1252 120);
447 1198 517 1239 hic
545 1199 697 1252 itaque
724 1212 803 1252 per
830 1202 927 1239 “ex
954 1212 1193 1252 synagoga
1215 1196 1436 1240 ’satanae”
1459 1199 1773 1252 intelliguntur

283 1260 345 1301 illi
372 1261 444 1315 qui
476 1262 519 1301 in
547 1259 751 1302 doctrina
777 1260 832 1302 de
860 1261 957 1302 sola
988 1261 1074 1303 fide
1100 1268 1147 1303 et
1178 1263 1222 1303 in
1252 1262 1375 1303 nulla
1401 1262 1625 1303 charitate
1652 1269 1770 1310 sunt,

283 1324 494 1377 quoniam
521 1324 564 1364 in
591 1324 769 1377 scriptis
796 1324 852 1364 ad
879 1323 1007 1377 hujus
1034 1324 1268 1366 Ecclesiae
1292 1325 1523 1378 Angelum
1546 1325 1696 1378 agitur
1717 1325 1772 1366 de

282 1386 369 1426 illis
395 1387 467 1440 qui
494 1387 538 1427 in
564 1386 650 1427 fide
677 1399 736 1427 ex
762 1386 987 1428 charitate
1013 1394 1143 1429 sunt:
1177 1388 1298 1442 quod
1324 1388 1386 1428 illi
1411 1392 1508 1428 “ex
1535 1401 1773 1441 synagoga

283 1450 501 1491 satanae''
524 1450 732 1491 dicantur
757 1463 869 1499 esse,
895 1457 964 1491 est
987 1444 1089 1504 quia
1114 1451 1158 1491 in
1185 1450 1308 1491 nulla
1333 1450 1418 1492 fide
1445 1456 1563 1498 sunt,
1589 1451 1771 1491 tametsi

282 1520 446 1568 putant
478 1528 526 1554 se
558 1527 683 1564 esse3
717 1519 763 1554 et
790 1514 892 1567 quia
918 1513 1191 1554 charitatem
1216 1513 1420 1566 rejiciunt
1453 1515 1567 1554 sicut
1600 1513 1770 1554 nullum

282 1578 478 1619 medium
505 1577 562 1618 ad
595 1576 803 1625 salutem,
832 1582 878 1617 et
911 1582 1066 1617 tamen
1100 1576 1320 1618 Dominus
1352 1576 1492 1617 influit
1522 1590 1599 1630 per
1625 1576 1770 1617 chari-

282 1647 427 1682 tatem
454 1641 498 1681 in
524 1639 672 1688 fidem,
702 1646 748 1680 et
775 1653 865 1680 non
893 1640 936 1680 in
965 1639 1099 1680 fidem
1126 1646 1398 1694 separatam,
1427 1653 1531 1680 nam
1562 1639 1673 1680 fides
1700 1653 1769 1680 se-

281 1710 439 1758 parata
461 1710 530 1744 est
554 1703 690 1744 modo
713 1703 903 1751 scientia
925 1703 994 1743 cui
1017 1715 1107 1743 non
1133 1704 1250 1744 inest
1273 1704 1366 1745 vita
1392 1717 1418 1744 a
1445 1703 1633 1744 Divino:
1668 1704 1770 1743 inde

280 1773 366 1815 est,
390 1766 510 1820 quod
532 1767 605 1820 qui
632 1767 675 1806 in
698 1764 902 1806 doctrina
924 1766 980 1807 de
1003 1766 1100 1806 sola
1125 1765 1212 1807 fide
1235 1772 1340 1807 sunt
1367 1772 1413 1807 et
1437 1779 1527 1806 non
1553 1767 1597 1806 in
1624 1766 1769 1807 chari-

281 1836 392 1878 tate,
410 1831 453 1870 in
472 1829 595 1870 nulla
612 1829 913 1870 illustratione
932 1830 1021 1870 sint
1040 1844 1048 1879 ;
1075 1843 1211 1883 quare
1229 1830 1367 1870 etiam
1386 1835 1490 1870 sunt
1507 1830 1551 1870 in
1567 1827 1771 1870 doctrina

280 1892 470 1947 plurium
496 1892 722 1940 falsorum,
748 1906 861 1946 quae
888 1893 930 1932 in
958 1893 1108 1946 specie
1131 1892 1408 1945 significatur
1430 1905 1507 1946 per
1532 1896 1768 1945 “synago-

279 1967 387 2007 gam
412 1953 643 1995 Satanae.”
700 1965 812 2002 (Quod
831 1965 919 1993 nulla
938 1965 1016 1993 fides
1035 1964 1074 1993 sit
1092 1965 1147 1994 ubi
1166 1973 1231 1993 non
1251 1965 1394 1999 charitas,
1410 1965 1554 1993 videatur
1569 1964 1600 1993 in
1615 1965 1770 2002 opusculo

280 2016 331 2044 De
351 2016 468 2045 Ultimo
486 2015 628 2055 Judicio,
642 2024 672 2045 n.
685 2024 800 2052 33-39;
823 2019 854 2044 et
868 2015 945 2052 quid
961 2015 1038 2044 fides
1053 2020 1083 2044 et
1098 2015 1175 2052 quid
1190 2015 1332 2049 charitas,
1348 2015 1379 2043 in
1395 2015 1553 2044 Dotirina
1568 2015 1679 2044 Novae
1695 2015 1770 2043 Hie-

278 2066 457 2103 rosolymae,
473 2074 504 2094 n.
518 2067 647 2102 84-107,
664 2070 694 2094 et
709 2074 739 2094 n.
758 2066 920 2102 108-122.)
978 2053 1114 2106 Quod
1144 2055 1188 2094 in
1219 2054 1426 2095 doe-{rina
1461 2053 1653 2106 plurium
1684 2053 1768 2094 fal·

278 2128 429 2156 sorum
456 2116 560 2163 sint,
588 2115 812 2155 videbitur
837 2115 880 2155 in
907 2114 1099 2155 articulo
1125 2127 1241 2155 nunc
1270 2120 1501 2168 sequente.

358 2170 476 2217 211.
515 2175 776 2216 “Dic-entium
795 2188 843 2216 so
877 2175 1022 2228 [ᾔθεος]
1049 2175 1231 2216 Judaeos
1255 2188 1350 2216 esso
1378 2175 1441 2229 [et
1457 2188 1534 2216 non
1557 2175 1669 2229 sunt]
1697 2178 1774 2217 sed

278 2234 757 2288 mentiuntur.''—Quod
790 2235 1012 2287 significet
1037 2235 1117 2288 qui
1144 2235 1327 2290 cre-”dunt
1355 2249 1401 2276 se
1430 2236 1478 2276 z'n
1507 2236 1629 2276 veris
1658 2250 1766 2285 esse,

277 2311 372 2338 cum
398 2303 542 2338 tamen
567 2303 671 2337 sunt
695 2296 740 2336 in
754 2295 914 2348 falsis,
939 2302 1124 2337 constat
1151 2310 1209 2337 ex
1237 2296 1568 2350 significatione
1594 2295 1768 2349 “Jehu-

267 2360 403 2409 ‘dae,''
429 2359 549 2414 quod
581 2361 624 2400 in
651 2372 860 2412 supremo
886 2372 1020 2400 sensu
1045 2360 1103 2399 sit
1136 2358 1356 2399 Dominus
1388 2360 1536 2413 quoad
1568 2373 1767 2401 amorem

279 2422 542 2471 caelestem,
576 2423 620 2463 in
652 2435 786 2462 sensu
822 2422 1002 2462 interno
1034 2435 1223 2474 regnum
1261 2422 1460 2463 caeleste
1502 2422 1682 2463 Domini
1721 2430 1767 2464 et

278 2485 496 2534 Verbum,
525 2492 571 2526 et
603 2486 647 2525 in
673 2491 869 2533 externo
900 2482 1106 2525 doeStrina
1136 2498 1196 2525 ex
1223 2484 1378 2525 Verbo
1409 2499 1523 2538 quae
1549 2485 1767 2526 ecclesiae

279 2548 490 2590 caelestis
516 2547 591 2602 (de
609 2562 696 2602 qua
715 2562 860 2602 supra,
881 2561 922 2588 n,
951 2558 966 2588 1
980 2546 1047 2601 19)
1067 2561 1076 2599 ;
1110 2548 1213 2588 inde
1231 2554 1316 2596 est,
1335 2548 1455 2601 quod
1477 2561 1556 2601 per
1580 2548 1767 2590 “dicere

278 2625 327 2652 se
346 2611 543 2664 Judaeos
565 2611 704 2660 esse,''
719 2610 997 2664 significetur
1014 2610 1196 2661 credere
1219 2624 1266 2651 se
1283 2611 1328 2666 in
1346 2611 1542 2663 genuina
1564 2609 1768 2652 doctrina

278 2688 392 2723 esse,
412 2675 477 2715 ita
498 2675 542 2714 in
560 2675 667 2727 ipsis
689 2675 805 2714 veris
823 2687 831 2714 ε
865 2680 912 2714 et
931 2687 990 2714 ex
1013 2673 1343 2726 significatione
1368 2673 1625 2722 “mentiri,’'
1647 2675 1766 2727 quod

279 2738 337 2779 sit
363 2751 463 2778 esse
488 2738 533 2778 in
558 2737 707 2788 falsis;
740 2751 818 2790 per
846 2736 1169 2777 “mendacium
1181 2736 1200 2751 '’
1226 2733 1345 2777 enim
1376 2737 1420 2776 in
1446 2735 1601 2777 Verbo
1628 2737 1765 2790 signi-

278 2798 438 2839 ficetur
462 2798 625 2839 falsum
652 2797 889 2838 doctrinae
915 2808 970 2846 (de
993 2817 1058 2845 qua
1078 2817 1110 2837 n.
1131 2809 1220 2845 8908,
1239 2808 1344 2846 9248).
1402 2796 1475 2837 Illi
1499 2797 1574 2850 qui
1598 2797 1642 2837 in
1667 2797 1766 2837 sola

279 2859 366 2900 fide
398 2865 503 2900 sunt
534 2865 581 2900 et
612 2860 656 2899 in
689 2858 813 2899 nulla
852 2858 1076 2899 charitate
1113 2871 1203 2899 non
1236 2859 1383 2898 sciunt
1415 2858 1534 2912 quod
1569 2858 1614 2898 in
1644 2857 1766 2898 falsis

278 2923 383 2971 sint,
429 2923 532 2976 quia
576 2922 765 2963 credunt
810 2921 930 2976 quod
975 2923 1064 2962 sint
1101 2922 1145 2962 in
1181 2922 1326 2972 veris;
1373 2933 1473 2961 cum
1515 2926 1668 2961 tamen
1704 2934 1764 2960 ex

277 2984 390 3027 falso
412 2985 642 3039 principio,
667 2984 785 3038 quod
809 2990 878 3026 est
905 2984 1024 3039 quod
1051 2984 1148 3025 sola
1169 2983 1279 3024 fides
1302 2983 1462 3032 salvet,
1487 2983 1626 3024 fluant
1648 2981 1760 3023 falsa
