2060 3476
728 343 833 377 cAP.
856 343 922 384 11.‚
945 342 1084 375 VERS.
1106 342 1254 386 9.—N.
1282 344 1296 373 1
1311 344 1372 386 19.
1718 343 1798 386 149

475 457 560 488 dum
577 457 676 488 venit
692 456 822 491 Schilo.
842 461 877 488 et
895 455 989 487 Huic
1005 455 1176 487 adhaesio
1193 454 1406 496 populorum
1421 463 1428 492 ;
1454 454 1512 495 qui
1536 453 1662 494 ligabit
1685 453 1730 485 ad
1746 454 1798 485 vi-

476 507 548 532 tem
577 500 712 541 pullum
736 500 917 532 asininum
943 509 1059 537 suum,
1086 505 1122 531 et
1146 499 1191 539 ad
1215 499 1325 530 vitem
1351 498 1509 529 nobilem
1537 497 1649 529 filium
1674 498 1798 528 asinae

476 554 583 583 suae;
605 544 691 576 dum
707 543 835 575 laverit
850 543 888 575 in
904 543 990 574 vino
1007 543 1262 575 vestimentum
1280 552 1396 580 suum,
1415 548 1451 573 et
1467 542 1503 573 in
1521 541 1697 582 sanguine
1713 551 1795 572 uva-

477 597 556 619 rum
573 588 738 619 velamen
754 586 887 619 suum'’
903 587 1034 627 (Genes.
1050 586 1136 618 xlix.
1152 596 1189 627 9-
1200 586 1272 626 11);

303 683 424 736 quod
457 683 636 736 singula
665 683 778 724 haec
811 681 1068 736 significent
1099 695 1291 735 regnum
1324 681 1509 722 Domini
1540 694 1619 721 seu
1650 680 1798 721 eccle-

303 747 430 795 siam,
454 746 662 787 videatur
685 747 730 786 in
755 745 953 786 Arcanis
983 744 1270 794 caelestibus,
1295 745 1368 785 ubi
1394 743 1471 784 illa
1498 743 1798 797 explicantur.

303 808 392 861 Qui
410 810 497 850 scit
514 809 635 864 quod
652 822 732 863 per
752 808 1045 862 “Jehudam’'
1062 807 1348 862 intelligatur
1364 808 1408 848 in
1431 820 1643 861 supremo
1665 820 1798 847 sensu

309 872 544 922 Dominus,
572 879 619 914 et
650 873 695 913 in
726 873 907 914 interno
937 885 1128 925 regnum
1161 871 1306 925 Ipsius
1338 884 1390 912 ac
1418 870 1636 920 Verbum,
1670 884 1722 911 ac
1755 871 1800 910 in

305 942 500 977 externo
536 934 744 977 doetrina
779 949 804 976 e
835 935 1005 983 Verbo,
1039 948 1091 976 ac
1123 936 1168 976 in
1200 935 1413 988 opposito
1444 947 1580 975 sensu
1620 933 1684 974 illi
1724 934 1798 987 qui

304 1005 477 1052 negant
500 998 746 1039 Dominum
773 1005 819 1040 et
842 998 1106 1040 adulterant
1128 997 1347 1046 Verbum,
1371 998 1485 1038 scire
1511 1003 1667 1051 potest
1693 997 1799 1051 quid

303 1075 383 1115 per
416 1061 706 1114 “jehudam”
743 1061 945 1115 plurimis
985 1062 1030 1102 in
1071 1061 1183 1102 locis
1219 1062 1264 1102 in
1296 1060 1453 1102 Verbo
1490 1060 1799 1114 significatur;

305 1131 354 1166 ut
379 1125 424 1165 in
451 1125 745 1179 sequentibus
771 1125 840 1166 his
857 1138 924 1165 :—

373 1223 539 1256 “Audite
563 1224 692 1256 domus
716 1224 853 1266 Jacobi.
881 1225 1000 1256 vocati
1027 1224 1174 1256 nomine
1200 1224 1357 1263 Israelis,
1385 1230 1420 1256 et
1448 1234 1493 1256 ex
1517 1223 1618 1266 aquis
1642 1223 1802 1266 Jehudae

477 1268 665 1300 exiverunt
676 1267 694 1280 ”
711 1268 824 1308 (Esai.
840 1268 952 1300 xlviii.
972 1268 1024 1309 1);

306 1364 507 1406 “domus
531 1365 722 1419 Jacobi''
747 1371 795 1407 et
825 1366 1045 1407 “Israelis
1056 1366 1076 1381 ‘'
1098 1372 1169 1407 est
1195 1366 1417 1417 ecclesia;
1453 1370 1551 1408 “ex
1577 1366 1703 1420 aquis
1726 1366 1802 1419 Je-

303 1428 452 1470 hudae
478 1429 605 1470 exire
616 1428 636 1444 ''
662 1435 733 1470 est
759 1443 820 1470 ex
846 1427 1052 1470 doetrina
1078 1443 1102 1470 e
1129 1429 1299 1479 Verbo,
1327 1429 1523 1470 ecclesia
1549 1430 1669 1470 enim
1697 1429 1802 1470 inde

304 1498 403 1544 est;
436 1492 556 1547 quod
581 1496 764 1547 “aquae
776 1493 795 1508 ”
817 1494 909 1534 sint
932 1507 1039 1534 vera
1060 1491 1295 1534 doetrinae
1318 1507 1378 1534 ex
1401 1493 1572 1543 Verbo,
1596 1493 1802 1534 videatur

306 1570 442 1610 supra
472 1555 533 1610 (n.
560 1566 585 1609 7
595 1555 650 1611 1).

375 1654 396 1666 ¹¹
408 1653 517 1685 Filios
539 1653 700 1695 Jehudae
717 1660 753 1685 et
777 1653 869 1685 filios
888 1653 1166 1695 Hierosolymae
1184 1654 1398 1686 vendidistis
1416 1654 1496 1686 filiis
1514 1653 1746 1692 Graecorum,
1765 1660 1803 1685 ut

479 1697 587 1738 longe
603 1698 819 1729 removeatis
835 1707 899 1729 eos
915 1708 938 1729 a
953 1698 1116 1729 terminis
1133 1708 1269 1730 eorum.
1324 1723 1421 1731 .....
1430 1698 1507 1730 Fiet
1526 1698 1563 1729 in
1579 1698 1637 1729 die
1653 1698 1732 1730 illo.
1746 1723 1754 1730 .
1768 1723 1776 1729 .
1791 1723 1798 1729 .

479 1749 605 1772 omnes
629 1741 695 1772 rivi
718 1740 879 1783 Jehudae
902 1741 1014 1773 fluent
1030 1742 1142 1783 aquis,
1162 1747 1198 1773 et
1221 1741 1303 1773 fons
1327 1752 1347 1773 e
1370 1742 1479 1773 domo
1502 1741 1663 1784 Jehovae
1680 1741 1800 1778 exibit,

431 1814 436 1818 ,
487 1809 494 1816 .
509 1809 517 1816 .
530 1809 538 1816 .
553 1790 603 1816 .et
613 1784 776 1826 Jehudah
787 1785 823 1816 in
835 1791 1020 1816 aeternum
1032 1785 1197 1817 sedebit''
1208 1785 1308 1828 (Joel
1320 1786 1366 1817 iv.
1385 1783 1446 1828 [B.
1461 1786 1509 1818 A.
1525 1783 1593 1827 iii.]
1609 1786 1640 1823 6,
1660 1786 1711 1823 18,
1728 1784 1802 1825 20):

309 1879 542 1920 “vendere
568 1878 683 1920 filios
706 1879 910 1933 Jehudae
938 1886 984 1921 et
1016 1879 1131 1921 filios
1160 1880 1510 1933 Hierosolymae
1535 1879 1635 1921 filiis
1662 1879 1803 1922 Grae-

305 1942 500 1992 corum,''
537 1950 608 1984 est
649 1943 885 1984 falsificare
926 1944 1047 1984 bona
1088 1950 1134 1984 et
1171 1958 1278 1984 vera
1314 1943 1560 1995 ecclesiae3
1609 1945 1692 1984 “in
1733 1945 1804 1985 die'

305 2006 425 2056 illo,‘’
457 2012 527 2048 est
564 2007 747 2060 quando
783 2006 883 2047 finis
919 2006 1037 2048 illius
1074 2006 1296 2048 ecclesiae
1332 2013 1417 2057 est,
1451 2014 1498 2048 et
1531 2021 1649 2048 nova
1685 2008 1803 2061 apud

305 2074 469 2122 gentes
510 2070 792 2121 instaurata;
847 2073 1050 2111 “omnes
1091 2070 1172 2110 rivi
1211 2069 1416 2123 Jehudae
1456 2070 1596 2111 fluent
1638 2070 1804 2124 aquis‚’‘

305 2131 564 2185 significant
590 2132 917 2174 abundantiam
945 2134 1039 2174 veri
1065 2139 1111 2174 et
1138 2133 1245 2174 boni
1271 2147 1330 2174 ex
1357 2133 1513 2175 Verbo
1544 2133 1632 2174 illis
1658 2134 1731 2187 qui
1759 2135 1803 2174 in

306 2194 440 2236 Nova
484 2195 720 2247 Ecclesia;
768 2197 890 2251 quod
936 2211 995 2238 ex
1037 2196 1208 2245 Verbo,
1247 2196 1528 2250 significatur
1567 2211 1647 2251 per
1683 2198 1803 2251 quod

309 2258 446 2299 “fons
468 2273 492 2300 e
518 2259 656 2300 domo
676 2259 880 2313 Jehovae
907 2260 1088 2301 exibit.’‘
1150 2259 1263 2301 Inde
1289 2266 1419 2314 patet
1445 2261 1566 2314 quod
1588 2274 1667 2314 per
1692 2260 1804 2313 “Je-

306 2320 505 2362 hudam”
527 2323 601 2376 qui
629 2324 710 2364 “in
736 2329 973 2364 aeternum
999 2323 1218 2372 sedebit,'’
1240 2336 1331 2364 non
1358 2323 1642 2377 intelligatur
1664 2323 1804 2377 Jehu-

306 2384 396 2425 dah
423 2398 502 2426 seu
524 2385 712 2438 Judaica
737 2399 866 2439 gens,
894 2387 974 2427 sed
1001 2400 1161 2427 omnes
1186 2386 1251 2427 illi
1277 2387 1350 2440 qui
1376 2387 1421 2427 in
1447 2387 1568 2428 bono
1594 2400 1674 2440 per
1697 2389 1806 2427 vera

307 2461 367 2489 ex
398 2447 555 2489 Verbo
586 2455 706 2490 sunt.
768 2449 940 2490 Similia
971 2449 1293 2503 intelliguntur
1324 2463 1404 2504 per
1436 2449 1728 2503 “Jehudam”
1759 2451 1804 2490 in

306 2511 600 2565 sequentibus
626 2511 696 2552 his
723 2511 834 2553 locis
852 2526 919 2552 :—

376 2608 399 2622 ⁸⁸
410 2607 550 2639 Domus
565 2606 725 2649 Jehudae
742 2608 949 2645 miserebor,
966 2615 1002 2640 et
1021 2609 1166 2640 salvabo
1180 2609 1260 2641 illos
1264 2634 1356 2646 .....
1364 2615 1399 2641 et
1412 2610 1726 2650 congregabuntur
1742 2610 1805 2640 filii

482 2650 643 2693 Jehudae
660 2658 695 2683 et
712 2651 774 2683 filii
793 2652 939 2684 Israelis
955 2662 1038 2690 una,
1058 2659 1094 2684 et
1118 2659 1254 2693 ponent
1271 2653 1339 2684 sibi
1356 2659 1461 2693 caput
1478 2663 1601 2692 unum,
1622 2660 1658 2685 et
1681 2663 1804 2685 ascen-

481 2695 567 2726 dent
583 2705 602 2726 e
619 2702 724 2733 terra,
744 2696 827 2736 quia
843 2706 995 2736 magnus
1012 2696 1088 2728 dies
1102 2694 1322 2737 [¹1Jisreelis’'
1339 2696 1478 2735 (Hosclz.
1495 2698 1518 2728 i.
1536 2704 1565 2735 7,
1585 2697 1657 2736 11);

375 2738 511 2770 “Tunc
526 2739 771 2770 adhaerebunt
787 2745 916 2779 gentes
932 2740 1066 2771 multae
1082 2740 1242 2782 Jehovae
1266 2740 1302 2771 in
1327 2740 1385 2771 die
1410 2740 1493 2777 illo:
1519 2747 1625 2772 erunt
1651 2740 1741 2771 Mihi
1767 2741 1803 2771 in

483 2782 654 2822 populum
668 2791 675 2819 ;
698 2782 868 2814 habitabo
879 2793 1034 2824 namque
1046 2783 1081 2814 in
1094 2790 1128 2815 te
1140 2795 1147 2816 ε
1157 2809 1164 2816 .
1179 2809 1186 2816 .
1201 2790 1300 2816 ‚tunc
1310 2783 1474 2825 Jehovah
1484 2784 1717 2815 hereditatem
1731 2784 1803 2815 Sibi

481 2826 588 2857 faciet
603 2825 790 2867 Jehudam,
811 2826 1013 2866 portionem
1037 2837 1138 2859 suam
1163 2837 1270 2868 super
1286 2833 1381 2859 terra
1403 2826 1615 2866 sanetitatis,
1637 2834 1671 2859 et
1696 2827 1804 2867 eliget

482 2869 610 2901 iterum
631 2869 920 2910 Hierosolymam
930 2870 948 2882 ’¹
962 2870 1076 2910 (sach.
1095 2871 1130 2903 ii.
1150 2878 1199 2910 15,
1219 2872 1258 2902 16
1273 2869 1332 2912 [B.
1349 2873 1395 2903 A.
1417 2880 1467 2909 11,
1486 2869 1578 2912 12]);

376 2912 577 2944 “visitabit
600 2912 762 2954 Jehovah
786 2913 945 2945 Zebaoth
967 2924 1113 2954 gregem
1138 2925 1253 2952 suum,
1273 2916 1419 2946 domum
1443 2915 1613 2956 Jehudae,
1634 2921 1669 2945 et
1693 2920 1802 2954 ponet

482 2966 545 2988 eos
564 2954 684 2998 [sicut]
703 2966 833 2997 equum
857 2957 992 2997 gloriae
1009 2958 1044 2988 in
1069 2958 1162 2989 bello
1176 2968 1198 2997 ;.
1214 2983 1221 2990 .
1236 2983 1242 2990 .
1258 2965 1457 2998 ,potentem
1483 2959 1628 2990 reddam
1653 2958 1799 2990 domum

480 2999 668 3042 Jehudae''
685 3000 800 3041 (Such.
818 3010 851 3032 x.
868 3009 898 3040 3,
915 3001 968 3040 6);
