<?xml version="1.0" encoding="UTF-8"?>
<!DOCTYPE html PUBLIC "-//W3C//DTD XHTML 1.0 Transitional//EN"
    "http://www.w3.org/TR/xhtml1/DTD/xhtml1-transitional.dtd">
<html xmlns="http://www.w3.org/1999/xhtml" xml:lang="en" lang="en">
 <head>
  <title>
</title>
<meta http-equiv="Content-Type" content="text/html;charset=utf-8" />
  <meta name='ocr-system' content='tesseract 3.04.00' />
  <meta name='ocr-capabilities' content='ocr_page ocr_carea ocr_par ocr_line ocrx_word'/>
</head>
<body>
  <div class='ocr_page' id='page_1' title='image "apocalypsisexpli01sweduoft_0185.png"; bbox 0 0 2060 3476; ppageno 0'>
   <div class='ocr_carea' id='block_1_1' title="bbox 648 355 1763 411">
    <p class='ocr_par' dir='ltr' id='par_1_1' title="bbox 648 355 1763 411">
     <span class='ocr_line' id='line_1_1' title="bbox 648 355 1763 411; baseline 0 -13"><span class='ocrx_word' id='word_1_1' title='bbox 648 366 754 398; x_wconf 83' lang='lat' dir='ltr'><strong>CAP.</strong></span> <span class='ocrx_word' id='word_1_2' title='bbox 777 366 842 407; x_wconf 88' lang='lat'>11.,</span> <span class='ocrx_word' id='word_1_3' title='bbox 866 365 1006 398; x_wconf 83' lang='lat' dir='ltr'>VERs.</span> <span class='ocrx_word' id='word_1_4' title='bbox 1035 365 1204 408; x_wconf 83' lang='lat' dir='ltr'>14.-N.</span> <span class='ocrx_word' id='word_1_5' title='bbox 1232 355 1394 411; x_wconf 84' lang='lat' dir='ltr'><em>141[b].</em></span> <span class='ocrx_word' id='word_1_6' title='bbox 1684 366 1763 411; x_wconf 93' lang='lat'>179</span> 
     </span>
    </p>
   </div>
   <div class='ocr_carea' id='block_1_2' title="bbox 237 477 1807 2189">
    <p class='ocr_par' dir='ltr' id='par_1_2' title="bbox 237 477 1807 1869">
     <span class='ocr_line' id='line_1_2' title="bbox 269 477 1761 534; baseline -0.002 -13"><span class='ocrx_word' id='word_1_7' title='bbox 269 479 489 534; x_wconf 87' lang='lat' dir='ltr'>spirituali</span> <span class='ocrx_word' id='word_1_8' title='bbox 521 478 747 533; x_wconf 87' lang='lat' dir='ltr'>significet</span> <span class='ocrx_word' id='word_1_9' title='bbox 782 478 982 520; x_wconf 87' lang='lat' dir='ltr'>imbuere</span> <span class='ocrx_word' id='word_1_10' title='bbox 1014 477 1141 527; x_wconf 88' lang='lat' dir='ltr'>falsa,</span> <span class='ocrx_word' id='word_1_11' title='bbox 1175 484 1274 519; x_wconf 91' lang='lat' dir='ltr'>tum</span> <span class='ocrx_word' id='word_1_12' title='bbox 1312 492 1490 532; x_wconf 90' lang='lat' dir='ltr'>quoque</span> <span class='ocrx_word' id='word_1_13' title='bbox 1525 477 1761 519; x_wconf 90' lang='lat' dir='ltr'>falsificare</span> 
     </span>
     <span class='ocr_line' id='line_1_3' title="bbox 269 540 1762 596; baseline -0.002 -12"><span class='ocrx_word' id='word_1_14' title='bbox 269 557 388 593; x_wconf 89' lang='lat' dir='ltr'>vera,</span> <span class='ocrx_word' id='word_1_15' title='bbox 417 549 602 584; x_wconf 90' lang='lat' dir='ltr'>constat</span> <span class='ocrx_word' id='word_1_16' title='bbox 634 556 694 584; x_wconf 85' lang='lat' dir='ltr'>ex</span> <span class='ocrx_word' id='word_1_17' title='bbox 725 542 926 596; x_wconf 92' lang='lat' dir='ltr'>pluribus</span> <span class='ocrx_word' id='word_1_18' title='bbox 958 542 1070 582; x_wconf 91' lang='lat' dir='ltr'>locis</span> <span class='ocrx_word' id='word_1_19' title='bbox 1102 543 1145 582; x_wconf 92' lang='lat' dir='ltr'>in</span> <span class='ocrx_word' id='word_1_20' title='bbox 1173 541 1342 583; x_wconf 90' lang='lat' dir='ltr'>Verbo.</span> <span class='ocrx_word' id='word_1_21' title='bbox 1405 541 1559 582; x_wconf 86' lang='lat' dir='ltr'>Simile</span> <span class='ocrx_word' id='word_1_22' title='bbox 1591 540 1762 594; x_wconf 87' lang='lat' dir='ltr'>signifi-</span> 
     </span>
     <span class='ocr_line' id='line_1_4' title="bbox 269 604 1762 661; baseline -0.003 -13"><span class='ocrx_word' id='word_1_23' title='bbox 269 607 459 648; x_wconf 88' lang='lat' dir='ltr'>cabatur</span> <span class='ocrx_word' id='word_1_24' title='bbox 507 621 587 661; x_wconf 90' lang='lat' dir='ltr'>per</span> <span class='ocrx_word' id='word_1_25' title='bbox 630 606 936 647; x_wconf 88' lang='lat' dir='ltr'>scortationes</span> <span class='ocrx_word' id='word_1_26' title='bbox 980 605 1172 646; x_wconf 91' lang='lat' dir='ltr'>filiorum</span> <span class='ocrx_word' id='word_1_27' title='bbox 1219 604 1399 646; x_wconf 85' lang='lat' dir='ltr'>Israelis</span> <span class='ocrx_word' id='word_1_28' title='bbox 1444 618 1546 661; x_wconf 86' lang='lat' dir='ltr'>cum</span> <span class='ocrx_word' id='word_1_29' title='bbox 1572 604 1762 645; x_wconf 90' lang='lat' dir='ltr'>.filiabus</span> 
     </span>
     <span class='ocr_line' id='line_1_5' title="bbox 269 667 1761 722; baseline -0.002 -12"><span class='ocrx_word' id='word_1_30' title='bbox 269 670 421 712; x_wconf 86' lang='lat' dir='ltr'>Moabi</span> <span class='ocrx_word' id='word_1_31' title='bbox 438 685 447 722; x_wconf 89' lang='lat'>;</span> <span class='ocrx_word' id='word_1_32' title='bbox 481 670 632 711; x_wconf 90' lang='lat' dir='ltr'>omnia</span> <span class='ocrx_word' id='word_1_33' title='bbox 657 670 777 710; x_wconf 91' lang='lat' dir='ltr'>enim</span> <span class='ocrx_word' id='word_1_34' title='bbox 802 669 1018 710; x_wconf 89' lang='lat' dir='ltr'>historica</span> <span class='ocrx_word' id='word_1_35' title='bbox 1048 669 1093 709; x_wconf 92' lang='lat' dir='ltr'>in</span> <span class='ocrx_word' id='word_1_36' title='bbox 1120 668 1276 709; x_wconf 92' lang='lat' dir='ltr'>Verbo</span> <span class='ocrx_word' id='word_1_37' title='bbox 1307 667 1546 709; x_wconf 90' lang='lat' dir='ltr'>involvunt</span> <span class='ocrx_word' id='word_1_38' title='bbox 1577 667 1761 721; x_wconf 87' lang='lat' dir='ltr'>spiritu-</span> 
     </span>
     <span class='ocr_line' id='line_1_6' title="bbox 268 731 1761 787; baseline -0.003 -12"><span class='ocrx_word' id='word_1_39' title='bbox 268 734 356 774; x_wconf 85' lang='lat' dir='ltr'>alia</span> <span class='ocrx_word' id='word_1_40' title='bbox 381 741 428 775; x_wconf 93' lang='lat' dir='ltr'>et</span> <span class='ocrx_word' id='word_1_41' title='bbox 453 733 710 787; x_wconf 90' lang='lat' dir='ltr'>significant</span> <span class='ocrx_word' id='word_1_42' title='bbox 735 732 814 774; x_wconf 91' lang='lat' dir='ltr'>illa</span> <span class='ocrx_word' id='word_1_43' title='bbox 842 731 911 786; x_wconf 87' lang='lat' dir='ltr'>(ut</span> <span class='ocrx_word' id='word_1_44' title='bbox 937 739 1149 773; x_wconf 87' lang='lat' dir='ltr'>constare</span> <span class='ocrx_word' id='word_1_45' title='bbox 1175 738 1330 785; x_wconf 91' lang='lat' dir='ltr'>potest</span> <span class='ocrx_word' id='word_1_46' title='bbox 1356 732 1414 772; x_wconf 91' lang='lat' dir='ltr'>ab</span> <span class='ocrx_word' id='word_1_47' title='bbox 1439 731 1761 784; x_wconf 85' lang='lat' dir='ltr'>explicationi-</span> 
     </span>
     <span class='ocr_line' id='line_1_7' title="bbox 268 793 1762 851; baseline -0.002 -14"><span class='ocrx_word' id='word_1_48' title='bbox 268 797 350 849; x_wconf 81' lang='lat' dir='ltr'>bus</span> <span class='ocrx_word' id='word_1_49' title='bbox 395 811 527 851; x_wconf 92' lang='lat' dir='ltr'>super</span> <span class='ocrx_word' id='word_1_50' title='bbox 575 796 760 837; x_wconf 82' lang='lat' dir='ltr'>Genesin</span> <span class='ocrx_word' id='word_1_51' title='bbox 800 802 847 837; x_wconf 92' lang='lat' dir='ltr'>et</span> <span class='ocrx_word' id='word_1_52' title='bbox 890 795 1110 844; x_wconf 79' lang='lat' dir='ltr'><em>Exodum,</em></span> <span class='ocrx_word' id='word_1_53' title='bbox 1152 809 1267 849; x_wconf 89' lang='lat' dir='ltr'>quae</span> <span class='ocrx_word' id='word_1_54' title='bbox 1305 795 1492 836; x_wconf 77' lang='lat' dir='ltr'>Arcana</span> <span class='ocrx_word' id='word_1_55' title='bbox 1540 793 1762 836; x_wconf 76' lang='lat' dir='ltr'>Caelestia</span> 
     </span>
     <span class='ocr_line' id='line_1_8' title="bbox 268 857 1760 914; baseline -0.003 -13"><span class='ocrx_word' id='word_1_56' title='bbox 268 859 525 914; x_wconf 87' lang='lat' dir='ltr'>vocantur).</span> <span class='ocrx_word' id='word_1_57' title='bbox 601 860 664 901; x_wconf 89' lang='lat' dir='ltr'>Et</span> <span class='ocrx_word' id='word_1_58' title='bbox 708 860 812 913; x_wconf 90' lang='lat' dir='ltr'>quia</span> <span class='ocrx_word' id='word_1_59' title='bbox 850 860 1210 900; x_wconf 86' lang='lat' dir='ltr'>comessationes</span> <span class='ocrx_word' id='word_1_60' title='bbox 1250 858 1442 899; x_wconf 92' lang='lat' dir='ltr'>filiorum</span> <span class='ocrx_word' id='word_1_61' title='bbox 1484 857 1664 898; x_wconf 87' lang='lat' dir='ltr'>Israelis</span> <span class='ocrx_word' id='word_1_62' title='bbox 1701 870 1760 898; x_wconf 84' lang='lat' dir='ltr'>ex</span> 
     </span>
     <span class='ocr_line' id='line_1_9' title="bbox 268 919 1761 976; baseline -0.003 -12"><span class='ocrx_word' id='word_1_63' title='bbox 268 923 541 976; x_wconf 90' lang='lat' dir='ltr'>idolothytis</span> <span class='ocrx_word' id='word_1_64' title='bbox 566 930 613 964; x_wconf 91' lang='lat' dir='ltr'>et</span> <span class='ocrx_word' id='word_1_65' title='bbox 639 924 944 964; x_wconf 88' lang='lat' dir='ltr'>scortationes</span> <span class='ocrx_word' id='word_1_66' title='bbox 967 936 1121 964; x_wconf 90' lang='lat' dir='ltr'>eorum</span> <span class='ocrx_word' id='word_1_67' title='bbox 1144 936 1246 964; x_wconf 91' lang='lat' dir='ltr'>cum</span> <span class='ocrx_word' id='word_1_68' title='bbox 1272 921 1446 963; x_wconf 89' lang='lat' dir='ltr'>filiabus</span> <span class='ocrx_word' id='word_1_69' title='bbox 1470 921 1624 962; x_wconf 93' lang='lat' dir='ltr'>Moabi</span> <span class='ocrx_word' id='word_1_70' title='bbox 1651 919 1761 960; x_wconf 89' lang='lat' dir='ltr'>talia</span> 
     </span>
     <span class='ocr_line' id='line_1_10' title="bbox 237 982 1761 1041; baseline -0.003 -14"><span class='ocrx_word' id='word_1_71' title='bbox 237 1035 242 1038; x_wconf 29' lang='lat'>¹</span> <span class='ocrx_word' id='word_1_72' title='bbox 268 1001 446 1041; x_wconf 91' lang='lat' dir='ltr'>quoque</span> <span class='ocrx_word' id='word_1_73' title='bbox 471 986 782 1036; x_wconf 86' lang='lat' dir='ltr'>involvebant,</span> <span class='ocrx_word' id='word_1_74' title='bbox 811 999 916 1027; x_wconf 90' lang='lat' dir='ltr'>nam</span> <span class='ocrx_word' id='word_1_75' title='bbox 943 1000 1058 1040; x_wconf 91' lang='lat' dir='ltr'>quae</span> <span class='ocrx_word' id='word_1_76' title='bbox 1087 985 1347 1039; x_wconf 90' lang='lat' dir='ltr'>significant</span> <span class='ocrx_word' id='word_1_77' title='bbox 1378 984 1633 1031; x_wconf 84' lang='lat' dir='ltr'>involvunt,</span> <span class='ocrx_word' id='word_1_78' title='bbox 1659 982 1761 1023; x_wconf 93' lang='lat' dir='ltr'>ideo</span> 
     </span>
     <span class='ocr_line' id='line_1_11' title="bbox 269 1047 1761 1105; baseline -0.003 -14"><span class='ocrx_word' id='word_1_79' title='bbox 269 1051 535 1092; x_wconf 91' lang='lat' dir='ltr'>mandatum</span> <span class='ocrx_word' id='word_1_80' title='bbox 572 1057 643 1092; x_wconf 86' lang='lat' dir='ltr'>est</span> <span class='ocrx_word' id='word_1_81' title='bbox 681 1056 729 1092; x_wconf 92' lang='lat' dir='ltr'>ut</span> <span class='ocrx_word' id='word_1_82' title='bbox 763 1051 915 1105; x_wconf 89' lang='lat' dir='ltr'>capita</span> <span class='ocrx_word' id='word_1_83' title='bbox 950 1049 1104 1104; x_wconf 89' lang='lat' dir='ltr'>populi</span> <span class='ocrx_word' id='word_1_84' title='bbox 1140 1049 1525 1104; x_wconf 89' lang='lat' dir='ltr'>suspenderentur</span> <span class='ocrx_word' id='word_1_85' title='bbox 1557 1047 1761 1101; x_wconf 90' lang='lat' dir='ltr'>Jehovae</span> 
     </span>
     <span class='ocr_line' id='line_1_12' title="bbox 269 1110 1761 1162; baseline -0.003 -7"><span class='ocrx_word' id='word_1_86' title='bbox 269 1128 422 1156; x_wconf 88' lang='lat' dir='ltr'>coram</span> <span class='ocrx_word' id='word_1_87' title='bbox 448 1114 559 1162; x_wconf 91' lang='lat' dir='ltr'>sole,</span> <span class='ocrx_word' id='word_1_88' title='bbox 584 1121 630 1155; x_wconf 93' lang='lat' dir='ltr'>et</span> <span class='ocrx_word' id='word_1_89' title='bbox 656 1115 759 1155; x_wconf 92' lang='lat' dir='ltr'>ideo</span> <span class='ocrx_word' id='word_1_90' title='bbox 785 1114 1030 1155; x_wconf 90' lang='lat' dir='ltr'>Pinchasus</span> <span class='ocrx_word' id='word_1_91' title='bbox 1056 1113 1170 1155; x_wconf 90' lang='lat' dir='ltr'>filius</span> <span class='ocrx_word' id='word_1_92' title='bbox 1194 1113 1424 1155; x_wconf 87' lang='lat' dir='ltr'>Eleazaris</span> <span class='ocrx_word' id='word_1_93' title='bbox 1447 1111 1691 1154; x_wconf 87' lang='lat' dir='ltr'>transfodit</span> <span class='ocrx_word' id='word_1_94' title='bbox 1717 1110 1761 1150; x_wconf 92' lang='lat' dir='ltr'>in</span> 
     </span>
     <span class='ocr_line' id='line_1_13' title="bbox 269 1176 1764 1232; baseline -0.003 -14"><span class='ocrx_word' id='word_1_95' title='bbox 269 1178 457 1232; x_wconf 91' lang='lat' dir='ltr'>lupinari</span> <span class='ocrx_word' id='word_1_96' title='bbox 479 1179 621 1219; x_wconf 92' lang='lat' dir='ltr'>virum</span> <span class='ocrx_word' id='word_1_97' title='bbox 644 1191 703 1219; x_wconf 87' lang='lat' dir='ltr'>ex</span> <span class='ocrx_word' id='word_1_98' title='bbox 727 1177 895 1218; x_wconf 89' lang='lat' dir='ltr'>Israele</span> <span class='ocrx_word' id='word_1_99' title='bbox 918 1183 964 1218; x_wconf 95' lang='lat' dir='ltr'>et</span> <span class='ocrx_word' id='word_1_100' title='bbox 986 1177 1198 1218; x_wconf 90' lang='lat' dir='ltr'>feminam</span> <span class='ocrx_word' id='word_1_101' title='bbox 1221 1176 1552 1224; x_wconf 90' lang='lat' dir='ltr'>Midianitiden,</span> <span class='ocrx_word' id='word_1_102' title='bbox 1577 1180 1764 1229; x_wconf 89' lang='lat' dir='ltr'>propter</span> 
     </span>
     <span class='ocr_line' id='line_1_14' title="bbox 267 1239 1762 1296; baseline -0.003 -14"><span class='ocrx_word' id='word_1_103' title='bbox 267 1241 388 1296; x_wconf 89' lang='lat' dir='ltr'>quod</span> <span class='ocrx_word' id='word_1_104' title='bbox 420 1242 558 1282; x_wconf 91' lang='lat' dir='ltr'>etiam</span> <span class='ocrx_word' id='word_1_105' title='bbox 590 1239 828 1282; x_wconf 68' lang='lat' dir='ltr'>bendi&amp;us</span> <span class='ocrx_word' id='word_1_106' title='bbox 854 1247 952 1292; x_wconf 90' lang='lat' dir='ltr'>est;</span> <span class='ocrx_word' id='word_1_107' title='bbox 986 1247 1032 1282; x_wconf 95' lang='lat' dir='ltr'>et</span> <span class='ocrx_word' id='word_1_108' title='bbox 1063 1241 1166 1282; x_wconf 88' lang='lat' dir='ltr'>ideo</span> <span class='ocrx_word' id='word_1_109' title='bbox 1198 1254 1376 1295; x_wconf 90' lang='lat' dir='ltr'>quoque</span> <span class='ocrx_word' id='word_1_110' title='bbox 1402 1239 1539 1281; x_wconf 90' lang='lat' dir='ltr'>occisi</span> <span class='ocrx_word' id='word_1_111' title='bbox 1565 1245 1670 1279; x_wconf 91' lang='lat' dir='ltr'>sunt</span> <span class='ocrx_word' id='word_1_112' title='bbox 1689 1250 1762 1278; x_wconf 80' lang='lat' dir='ltr'>ex</span> 
     </span>
     <span class='ocr_line' id='line_1_15' title="bbox 269 1301 1762 1360; baseline -0.003 -14"><span class='ocrx_word' id='word_1_113' title='bbox 269 1305 437 1347; x_wconf 90' lang='lat' dir='ltr'>Israele</span> <span class='ocrx_word' id='word_1_114' title='bbox 463 1305 521 1346; x_wconf 87' lang='lat' dir='ltr'>ad</span> <span class='ocrx_word' id='word_1_115' title='bbox 546 1306 708 1359; x_wconf 89' lang='lat' dir='ltr'>viginti</span> <span class='ocrx_word' id='word_1_116' title='bbox 733 1311 926 1360; x_wconf 88' lang='lat' dir='ltr'>quatuor</span> <span class='ocrx_word' id='word_1_117' title='bbox 948 1305 1088 1346; x_wconf 91' lang='lat' dir='ltr'>millia</span> <span class='ocrx_word' id='word_1_118' title='bbox 1117 1303 1344 1358; x_wconf 86' lang='lat' dir='ltr'>(videatur</span> <span class='ocrx_word' id='word_1_119' title='bbox 1365 1304 1498 1344; x_wconf 85' lang='lat' dir='ltr'>Num.</span> <span class='ocrx_word' id='word_1_120' title='bbox 1521 1316 1633 1343; x_wconf 84' lang='lat' dir='ltr'>xxv.</span> <span class='ocrx_word' id='word_1_121' title='bbox 1663 1312 1678 1342; x_wconf 90' lang='lat'>1</span> <span class='ocrx_word' id='word_1_122' title='bbox 1704 1301 1762 1342; x_wconf 91' lang='lat' dir='ltr'>ad</span> 
     </span>
     <span class='ocr_line' id='line_1_16' title="bbox 267 1365 1763 1424; baseline -0.003 -14"><span class='ocrx_word' id='word_1_123' title='bbox 267 1368 378 1424; x_wconf 90' lang='lat' dir='ltr'>fin.).</span> <span class='ocrx_word' id='word_1_124' title='bbox 440 1369 578 1411; x_wconf 90' lang='lat' dir='ltr'>Tales</span> <span class='ocrx_word' id='word_1_125' title='bbox 604 1383 780 1423; x_wconf 90' lang='lat' dir='ltr'>poenae</span> <span class='ocrx_word' id='word_1_126' title='bbox 811 1375 858 1411; x_wconf 93' lang='lat' dir='ltr'>et</span> <span class='ocrx_word' id='word_1_127' title='bbox 886 1369 1002 1410; x_wconf 90' lang='lat' dir='ltr'>tales</span> <span class='ocrx_word' id='word_1_128' title='bbox 1031 1368 1196 1422; x_wconf 87' lang='lat' dir='ltr'>plagae</span> <span class='ocrx_word' id='word_1_129' title='bbox 1222 1380 1506 1422; x_wconf 88' lang='lat' dir='ltr'>nequaquam</span> <span class='ocrx_word' id='word_1_130' title='bbox 1533 1367 1592 1408; x_wconf 95' lang='lat' dir='ltr'>ob</span> <span class='ocrx_word' id='word_1_131' title='bbox 1618 1365 1763 1406; x_wconf 90' lang='lat' dir='ltr'>solam</span> 
     </span>
     <span class='ocr_line' id='line_1_17' title="bbox 268 1430 1763 1485; baseline -0.003 -11"><span class='ocrx_word' id='word_1_132' title='bbox 268 1434 652 1474; x_wconf 85' lang='lat' dir='ltr'>comessationem</span> <span class='ocrx_word' id='word_1_133' title='bbox 679 1447 738 1474; x_wconf 86' lang='lat' dir='ltr'>ex</span> <span class='ocrx_word' id='word_1_134' title='bbox 764 1432 1050 1485; x_wconf 89' lang='lat' dir='ltr'>idolothytis,</span> <span class='ocrx_word' id='word_1_135' title='bbox 1078 1439 1124 1473; x_wconf 93' lang='lat' dir='ltr'>et</span> <span class='ocrx_word' id='word_1_136' title='bbox 1151 1433 1479 1473; x_wconf 87' lang='lat' dir='ltr'>scortationem</span> <span class='ocrx_word' id='word_1_137' title='bbox 1507 1443 1609 1471; x_wconf 92' lang='lat' dir='ltr'>cum</span> <span class='ocrx_word' id='word_1_138' title='bbox 1634 1430 1763 1470; x_wconf 91' lang='lat' dir='ltr'>femi-</span> 
     </span>
     <span class='ocr_line' id='line_1_18' title="bbox 268 1492 1764 1551; baseline -0.003 -14"><span class='ocrx_word' id='word_1_139' title='bbox 268 1497 336 1537; x_wconf 90' lang='lat' dir='ltr'>nis</span> <span class='ocrx_word' id='word_1_140' title='bbox 362 1496 475 1537; x_wconf 89' lang='lat' dir='ltr'>alius</span> <span class='ocrx_word' id='word_1_141' title='bbox 500 1497 666 1550; x_wconf 85' lang='lat' dir='ltr'>gentis,</span> <span class='ocrx_word' id='word_1_142' title='bbox 691 1497 948 1551; x_wconf 89' lang='lat' dir='ltr'>potuissent</span> <span class='ocrx_word' id='word_1_143' title='bbox 974 1510 1034 1536; x_wconf 87' lang='lat' dir='ltr'>ex</span> <span class='ocrx_word' id='word_1_144' title='bbox 1060 1495 1280 1536; x_wconf 89' lang='lat' dir='ltr'>mandato</span> <span class='ocrx_word' id='word_1_145' title='bbox 1306 1493 1412 1543; x_wconf 91' lang='lat' dir='ltr'>fieri,</span> <span class='ocrx_word' id='word_1_146' title='bbox 1438 1494 1521 1535; x_wconf 90' lang='lat' dir='ltr'>nisi</span> <span class='ocrx_word' id='word_1_147' title='bbox 1547 1492 1764 1533; x_wconf 92' lang='lat' dir='ltr'>involvis-</span> 
     </span>
     <span class='ocr_line' id='line_1_19' title="bbox 268 1558 1807 1612; baseline -0.003 -12"><span class='ocrx_word' id='word_1_148' title='bbox 268 1566 371 1600; x_wconf 91' lang='lat' dir='ltr'>sent</span> <span class='ocrx_word' id='word_1_149' title='bbox 395 1560 589 1601; x_wconf 89' lang='lat' dir='ltr'>nefanda</span> <span class='ocrx_word' id='word_1_150' title='bbox 605 1567 767 1601; x_wconf 91' lang='lat' dir='ltr'>contra</span> <span class='ocrx_word' id='word_1_151' title='bbox 784 1559 960 1600; x_wconf 90' lang='lat' dir='ltr'>caelum</span> <span class='ocrx_word' id='word_1_152' title='bbox 983 1566 1029 1600; x_wconf 92' lang='lat' dir='ltr'>et</span> <span class='ocrx_word' id='word_1_153' title='bbox 1048 1558 1304 1607; x_wconf 91' lang='lat' dir='ltr'>ecclesiam,</span> <span class='ocrx_word' id='word_1_154' title='bbox 1325 1571 1439 1612; x_wconf 88' lang='lat' dir='ltr'>quae</span> <span class='ocrx_word' id='word_1_155' title='bbox 1462 1570 1553 1597; x_wconf 92' lang='lat' dir='ltr'>non</span> <span class='ocrx_word' id='word_1_156' title='bbox 1573 1562 1764 1597; x_wconf 87' lang='lat' dir='ltr'>exstant</span> <span class='ocrx_word' id='word_1_157' title='bbox 1803 1598 1807 1606; x_wconf 67' lang='grc'><strong>,</strong></span> 
     </span>
     <span class='ocr_line' id='line_1_20' title="bbox 268 1619 1763 1674; baseline -0.004 -9"><span class='ocrx_word' id='word_1_158' title='bbox 268 1625 312 1665; x_wconf 93' lang='lat' dir='ltr'>in</span> <span class='ocrx_word' id='word_1_159' title='bbox 336 1623 522 1665; x_wconf 90' lang='lat' dir='ltr'>litterali</span> <span class='ocrx_word' id='word_1_160' title='bbox 548 1637 683 1664; x_wconf 89' lang='lat' dir='ltr'>sensu</span> <span class='ocrx_word' id='word_1_161' title='bbox 709 1623 864 1672; x_wconf 85' lang='lat' dir='ltr'>Verbi,</span> <span class='ocrx_word' id='word_1_162' title='bbox 893 1623 973 1664; x_wconf 92' lang='lat' dir='ltr'>sed</span> <span class='ocrx_word' id='word_1_163' title='bbox 999 1622 1146 1664; x_wconf 92' lang='lat' dir='ltr'>solum</span> <span class='ocrx_word' id='word_1_164' title='bbox 1178 1622 1222 1662; x_wconf 93' lang='lat' dir='ltr'>in</span> <span class='ocrx_word' id='word_1_165' title='bbox 1249 1621 1342 1674; x_wconf 90' lang='lat' dir='ltr'>ejus</span> <span class='ocrx_word' id='word_1_166' title='bbox 1368 1634 1503 1662; x_wconf 92' lang='lat' dir='ltr'>sensu</span> <span class='ocrx_word' id='word_1_167' title='bbox 1529 1619 1763 1674; x_wconf 88' lang='lat' dir='ltr'>spirituali.</span> 
     </span>
     <span class='ocr_line' id='line_1_21' title="bbox 270 1684 1764 1742; baseline -0.003 -13"><span class='ocrx_word' id='word_1_168' title='bbox 270 1688 477 1729; x_wconf 88' lang='lat' dir='ltr'>Nefanda</span> <span class='ocrx_word' id='word_1_169' title='bbox 502 1687 580 1729; x_wconf 91' lang='lat' dir='ltr'>illa</span> <span class='ocrx_word' id='word_1_170' title='bbox 610 1701 724 1742; x_wconf 90' lang='lat' dir='ltr'>quae</span> <span class='ocrx_word' id='word_1_171' title='bbox 756 1686 1118 1735; x_wconf 88' lang='lat' dir='ltr'>involvebantur,</span> <span class='ocrx_word' id='word_1_172' title='bbox 1146 1692 1290 1735; x_wconf 91' lang='lat' dir='ltr'>erant,</span> <span class='ocrx_word' id='word_1_173' title='bbox 1319 1686 1440 1740; x_wconf 91' lang='lat' dir='ltr'>quod</span> <span class='ocrx_word' id='word_1_174' title='bbox 1471 1684 1764 1739; x_wconf 88' lang='lat' dir='ltr'>profanarent</span> 
     </span>
     <span class='ocr_line' id='line_1_22' title="bbox 269 1746 1764 1804; baseline -0.003 -11"><span class='ocrx_word' id='word_1_175' title='bbox 269 1752 400 1793; x_wconf 90' lang='lat' dir='ltr'>simul</span> <span class='ocrx_word' id='word_1_176' title='bbox 427 1752 547 1793; x_wconf 90' lang='lat' dir='ltr'>bona</span> <span class='ocrx_word' id='word_1_177' title='bbox 573 1758 620 1792; x_wconf 92' lang='lat' dir='ltr'>et</span> <span class='ocrx_word' id='word_1_178' title='bbox 645 1765 751 1792; x_wconf 91' lang='lat' dir='ltr'>vera</span> <span class='ocrx_word' id='word_1_179' title='bbox 776 1750 1025 1800; x_wconf 90' lang='lat' dir='ltr'>ecclesiae;</span> <span class='ocrx_word' id='word_1_180' title='bbox 1058 1750 1179 1804; x_wconf 91' lang='lat' dir='ltr'>quod</span> <span class='ocrx_word' id='word_1_181' title='bbox 1211 1756 1324 1799; x_wconf 86' lang='lat' dir='ltr'>erat,</span> <span class='ocrx_word' id='word_1_182' title='bbox 1354 1756 1403 1790; x_wconf 91' lang='lat' dir='ltr'>ut</span> <span class='ocrx_word' id='word_1_183' title='bbox 1435 1762 1570 1803; x_wconf 88' lang='lat' dir='ltr'>supra</span> <span class='ocrx_word' id='word_1_184' title='bbox 1595 1746 1764 1789; x_wconf 66' lang='lat' dir='ltr'>dictum</span> 
     </span>
     <span class='ocr_line' id='line_1_23' title="bbox 269 1813 1034 1869; baseline -0.003 -12"><span class='ocrx_word' id='word_1_185' title='bbox 269 1822 354 1865; x_wconf 90' lang='lat' dir='ltr'>est,</span> <span class='ocrx_word' id='word_1_186' title='bbox 382 1815 690 1869; x_wconf 89' lang='lat' dir='ltr'>appropriatio</span> <span class='ocrx_word' id='word_1_187' title='bbox 717 1814 824 1855; x_wconf 91' lang='lat' dir='ltr'>mali</span> <span class='ocrx_word' id='word_1_188' title='bbox 850 1820 896 1855; x_wconf 93' lang='lat' dir='ltr'>et</span> <span class='ocrx_word' id='word_1_189' title='bbox 922 1813 1034 1855; x_wconf 88' lang='lat' dir='ltr'>falsi.</span> 
     </span>
    </p>

    <p class='ocr_par' dir='ltr' id='par_1_3' title="bbox 269 1877 1771 2189">
     <span class='ocr_line' id='line_1_24' title="bbox 357 1877 1765 1936; baseline -0.004 -13"><span class='ocrx_word' id='word_1_190' title='bbox 357 1881 442 1936; x_wconf 84' lang='lat' dir='ltr'><strong><em>[b.]</em></strong></span> <span class='ocrx_word' id='word_1_191' title='bbox 487 1881 622 1935; x_wconf 81' lang='lat' dir='ltr'>Quod</span> <span class='ocrx_word' id='word_1_192' title='bbox 640 1885 665 1901; x_wconf 91' lang='lat'>“</span> <span class='ocrx_word' id='word_1_193' title='bbox 677 1881 902 1922; x_wconf 90' lang='lat' dir='ltr'>adulteria</span> <span class='ocrx_word' id='word_1_194' title='bbox 913 1880 932 1895; x_wconf 92' lang='lat'>&#39;&#39;</span> <span class='ocrx_word' id='word_1_195' title='bbox 946 1887 992 1921; x_wconf 92' lang='lat' dir='ltr'>et</span> <span class='ocrx_word' id='word_1_196' title='bbox 1011 1884 1036 1900; x_wconf 85' lang='lat'>‘⁴</span> <span class='ocrx_word' id='word_1_197' title='bbox 1049 1880 1354 1920; x_wconf 91' lang='lat' dir='ltr'>scortationes</span> <span class='ocrx_word' id='word_1_198' title='bbox 1365 1878 1384 1893; x_wconf 92' lang='lat'>”</span> <span class='ocrx_word' id='word_1_199' title='bbox 1398 1878 1508 1920; x_wconf 89' lang='lat' dir='ltr'>talia</span> <span class='ocrx_word' id='word_1_200' title='bbox 1526 1877 1765 1919; x_wconf 82' lang='lat' dir='ltr'>involvant</span> 
     </span>
     <span class='ocr_line' id='line_1_25' title="bbox 270 1938 1763 1999; baseline -0.005 -12"><span class='ocrx_word' id='word_1_201' title='bbox 270 1951 454 1988; x_wconf 90' lang='lat' dir='ltr'>constat</span> <span class='ocrx_word' id='word_1_202' title='bbox 496 1959 555 1987; x_wconf 86' lang='lat' dir='ltr'>ex</span> <span class='ocrx_word' id='word_1_203' title='bbox 587 1945 788 1999; x_wconf 88' lang='lat' dir='ltr'>plurimis</span> <span class='ocrx_word' id='word_1_204' title='bbox 822 1938 934 1985; x_wconf 78' lang='lat' dir='ltr'>locis</span> <span class='ocrx_word' id='word_1_205' title='bbox 965 1945 1009 1985; x_wconf 90' lang='lat' dir='ltr'>in</span> <span class='ocrx_word' id='word_1_206' title='bbox 1036 1943 1193 1984; x_wconf 91' lang='lat' dir='ltr'>Verbo</span> <span class='ocrx_word' id='word_1_207' title='bbox 1225 1943 1299 1983; x_wconf 90' lang='lat' dir='ltr'>ubi</span> <span class='ocrx_word' id='word_1_208' title='bbox 1330 1941 1408 1982; x_wconf 91' lang='lat' dir='ltr'>illa</span> <span class='ocrx_word' id='word_1_209' title='bbox 1439 1947 1763 1990; x_wconf 89' lang='lat' dir='ltr'>memorantur,</span> 
     </span>
     <span class='ocr_line' id='line_1_26' title="bbox 269 2003 1771 2063; baseline -0.004 -13"><span class='ocrx_word' id='word_1_210' title='bbox 269 2023 329 2050; x_wconf 88' lang='lat' dir='ltr'>ex</span> <span class='ocrx_word' id='word_1_211' title='bbox 351 2009 511 2063; x_wconf 93' lang='lat' dir='ltr'>quibus</span> <span class='ocrx_word' id='word_1_212' title='bbox 533 2008 772 2049; x_wconf 89' lang='lat' dir='ltr'>manifeste</span> <span class='ocrx_word' id='word_1_213' title='bbox 794 2013 925 2061; x_wconf 89' lang='lat' dir='ltr'>patet</span> <span class='ocrx_word' id='word_1_214' title='bbox 947 2007 1068 2061; x_wconf 91' lang='lat' dir='ltr'>quod</span> <span class='ocrx_word' id='word_1_215' title='bbox 1095 2020 1174 2060; x_wconf 91' lang='lat' dir='ltr'>per</span> <span class='ocrx_word' id='word_1_216' title='bbox 1198 2005 1275 2046; x_wconf 91' lang='lat' dir='ltr'>illa</span> <span class='ocrx_word' id='word_1_217' title='bbox 1302 2004 1613 2058; x_wconf 88' lang='lat' dir='ltr'>significentur</span> <span class='ocrx_word' id='word_1_218' title='bbox 1637 2003 1771 2044; x_wconf 41' lang='lat' dir='ltr'>adul-⁷</span> 
     </span>
     <span class='ocr_line' id='line_1_27' title="bbox 270 2068 1765 2121; baseline -0.005 -7"><span class='ocrx_word' id='word_1_219' title='bbox 270 2073 521 2114; x_wconf 88' lang='lat' dir='ltr'>terationes</span> <span class='ocrx_word' id='word_1_220' title='bbox 556 2072 743 2112; x_wconf 84' lang='lat' dir='ltr'>boniet</span> <span class='ocrx_word' id='word_1_221' title='bbox 775 2070 1115 2111; x_wconf 90' lang='lat' dir='ltr'>falsificationes</span> <span class='ocrx_word' id='word_1_222' title='bbox 1146 2070 1265 2120; x_wconf 84' lang='lat' dir='ltr'>veri3</span> <span class='ocrx_word' id='word_1_223' title='bbox 1312 2075 1361 2109; x_wconf 88' lang='lat' dir='ltr'>ut</span> <span class='ocrx_word' id='word_1_224' title='bbox 1393 2069 1438 2109; x_wconf 91' lang='lat' dir='ltr'>in</span> <span class='ocrx_word' id='word_1_225' title='bbox 1470 2068 1540 2109; x_wconf 92' lang='lat' dir='ltr'>his</span> <span class='ocrx_word' id='word_1_226' title='bbox 1571 2080 1765 2121; x_wconf 91' lang='lat' dir='ltr'>sequen·</span> 
     </span>
     <span class='ocr_line' id='line_1_28' title="bbox 270 2134 927 2189; baseline -0.005 -12"><span class='ocrx_word' id='word_1_227' title='bbox 270 2137 390 2178; x_wconf 92' lang='lat' dir='ltr'>tibus</span> <span class='ocrx_word' id='word_1_228' title='bbox 406 2135 616 2189; x_wconf 76' lang='lat' dir='ltr'>z—Apud</span> <span class='ocrx_word' id='word_1_229' title='bbox 641 2134 927 2183; x_wconf 72' lang='lat' dir='ltr'>Ezechielem,</span> 
     </span>
    </p>
   </div>
   <div class='ocr_carea' id='block_1_3' title="bbox 338 2231 1771 2715">
    <p class='ocr_par' dir='ltr' id='par_1_4' title="bbox 338 2231 1771 2715">
     <span class='ocr_line' id='line_1_29' title="bbox 338 2231 1765 2276; baseline -0.004 -10"><span class='ocrx_word' id='word_1_230' title='bbox 338 2234 595 2276; x_wconf 86' lang='lat' dir='ltr'>Hierosolyma</span> <span class='ocrx_word' id='word_1_231' title='bbox 614 2234 782 2266; x_wconf 88' lang='lat' dir='ltr'>“confisa</span> <span class='ocrx_word' id='word_1_232' title='bbox 797 2244 836 2266; x_wconf 92' lang='lat' dir='ltr'>es</span> <span class='ocrx_word' id='word_1_233' title='bbox 860 2232 1124 2274; x_wconf 74' lang='lat' dir='ltr'>pulchritudini,</span> <span class='ocrx_word' id='word_1_234' title='bbox 1144 2238 1180 2264; x_wconf 92' lang='lat' dir='ltr'>et</span> <span class='ocrx_word' id='word_1_235' title='bbox 1203 2238 1359 2264; x_wconf 85' lang='lat' dir='ltr'>scortata</span> <span class='ocrx_word' id='word_1_236' title='bbox 1379 2241 1417 2263; x_wconf 92' lang='lat' dir='ltr'>es</span> <span class='ocrx_word' id='word_1_237' title='bbox 1434 2231 1481 2262; x_wconf 85' lang='lat' dir='ltr'>ob</span> <span class='ocrx_word' id='word_1_238' title='bbox 1503 2231 1637 2262; x_wconf 84' lang='lat' dir='ltr'>famam</span> <span class='ocrx_word' id='word_1_239' title='bbox 1655 2231 1765 2268; x_wconf 90' lang='lat' dir='ltr'>tuam,</span> 
     </span>
     <span class='ocr_line' id='line_1_30' title="bbox 445 2278 1765 2317; baseline -0.004 -7"><span class='ocrx_word' id='word_1_240' title='bbox 445 2279 536 2310; x_wconf 92' lang='lat' dir='ltr'>adeo</span> <span class='ocrx_word' id='word_1_241' title='bbox 562 2285 602 2310; x_wconf 89' lang='lat' dir='ltr'>ut</span> <span class='ocrx_word' id='word_1_242' title='bbox 629 2278 803 2313; x_wconf 74' lang='lat' dir='ltr'>effuderis,</span> <span class='ocrx_word' id='word_1_243' title='bbox 826 2278 1063 2310; x_wconf 83' lang='lat' dir='ltr'>scortationes</span> <span class='ocrx_word' id='word_1_244' title='bbox 1091 2284 1171 2308; x_wconf 89' lang='lat' dir='ltr'>tuas</span> <span class='ocrx_word' id='word_1_245' title='bbox 1199 2287 1306 2317; x_wconf 90' lang='lat' dir='ltr'>super</span> <span class='ocrx_word' id='word_1_246' title='bbox 1330 2286 1476 2307; x_wconf 88' lang='lat' dir='ltr'>omnem</span> <span class='ocrx_word' id='word_1_247' title='bbox 1505 2280 1765 2306; x_wconf 85' lang='lat' dir='ltr'>transeuntem.</span> 
     </span>
     <span class='ocr_line' id='line_1_31' title="bbox 452 2320 1770 2362; baseline -0.005 -8"><span class='ocrx_word' id='word_1_248' title='bbox 452 2347 460 2355; x_wconf 91' lang='lat'><strong><em>.</em></strong></span> <span class='ocrx_word' id='word_1_249' title='bbox 474 2347 482 2355; x_wconf 92' lang='lat'><strong>.</strong></span> <span class='ocrx_word' id='word_1_250' title='bbox 495 2347 504 2355; x_wconf 86' lang='lat'><strong>.</strong></span> <span class='ocrx_word' id='word_1_251' title='bbox 518 2322 696 2354; x_wconf 87' lang='lat' dir='ltr'>.Scortata</span> <span class='ocrx_word' id='word_1_252' title='bbox 718 2332 757 2354; x_wconf 87' lang='lat' dir='ltr'>es</span> <span class='ocrx_word' id='word_1_253' title='bbox 781 2332 861 2353; x_wconf 91' lang='lat' dir='ltr'>curn</span> <span class='ocrx_word' id='word_1_254' title='bbox 886 2322 967 2353; x_wconf 89' lang='lat' dir='ltr'>filiis</span> <span class='ocrx_word' id='word_1_255' title='bbox 992 2321 1147 2362; x_wconf 89' lang='lat' dir='ltr'>Aegypti</span> <span class='ocrx_word' id='word_1_256' title='bbox 1165 2321 1292 2352; x_wconf 89' lang='lat' dir='ltr'>vicinis</span> <span class='ocrx_word' id='word_1_257' title='bbox 1317 2321 1397 2356; x_wconf 88' lang='lat' dir='ltr'>tuis,</span> <span class='ocrx_word' id='word_1_258' title='bbox 1418 2320 1560 2359; x_wconf 89' lang='lat' dir='ltr'>magnis</span> <span class='ocrx_word' id='word_1_259' title='bbox 1577 2327 1704 2356; x_wconf 85' lang='lat' dir='ltr'>carne;</span> <span class='ocrx_word' id='word_1_260' title='bbox 1728 2327 1770 2349; x_wconf 90' lang='lat' dir='ltr'>ac</span> 
     </span>
     <span class='ocr_line' id='line_1_32' title="bbox 447 2362 1769 2406; baseline -0.005 -8"><span class='ocrx_word' id='word_1_261' title='bbox 447 2366 691 2406; x_wconf 88' lang='lat' dir='ltr'>multiplicasti</span> <span class='ocrx_word' id='word_1_262' title='bbox 720 2367 975 2397; x_wconf 86' lang='lat' dir='ltr'>scortationem</span> <span class='ocrx_word' id='word_1_263' title='bbox 1014 2371 1126 2396; x_wconf 90' lang='lat' dir='ltr'>tuam.</span> <span class='ocrx_word' id='word_1_264' title='bbox 1203 2389 1298 2396; x_wconf 92' lang='grc'><em>.....</em></span> <span class='ocrx_word' id='word_1_265' title='bbox 1308 2364 1470 2395; x_wconf 87' lang='lat' dir='ltr'>Scortata</span> <span class='ocrx_word' id='word_1_266' title='bbox 1502 2373 1541 2394; x_wconf 92' lang='lat' dir='ltr'>es</span> <span class='ocrx_word' id='word_1_267' title='bbox 1574 2372 1655 2394; x_wconf 90' lang='lat' dir='ltr'>cum</span> <span class='ocrx_word' id='word_1_268' title='bbox 1687 2362 1769 2393; x_wconf 91' lang='lat' dir='ltr'>filiis</span> 
     </span>
     <span class='ocr_line' id='line_1_33' title="bbox 446 2405 1770 2449; baseline -0.005 -7"><span class='ocrx_word' id='word_1_269' title='bbox 446 2410 631 2448; x_wconf 89' lang='lat' dir='ltr'>Aschuris,</span> <span class='ocrx_word' id='word_1_270' title='bbox 651 2420 732 2441; x_wconf 88' lang='lat' dir='ltr'>cum</span> <span class='ocrx_word' id='word_1_271' title='bbox 750 2411 896 2441; x_wconf 86' lang='lat' dir='ltr'>satietas</span> <span class='ocrx_word' id='word_1_272' title='bbox 914 2410 977 2441; x_wconf 89' lang='lat' dir='ltr'>tibi</span> <span class='ocrx_word' id='word_1_273' title='bbox 994 2410 1103 2447; x_wconf 91' lang='lat' dir='ltr'>nulla,</span> <span class='ocrx_word' id='word_1_274' title='bbox 1123 2418 1203 2440; x_wconf 90' lang='lat' dir='ltr'>cum</span> <span class='ocrx_word' id='word_1_275' title='bbox 1229 2408 1355 2449; x_wconf 91' lang='lat' dir='ltr'>quibus</span> <span class='ocrx_word' id='word_1_276' title='bbox 1373 2412 1529 2438; x_wconf 88' lang='lat' dir='ltr'>scortata</span> <span class='ocrx_word' id='word_1_277' title='bbox 1545 2416 1596 2438; x_wconf 91' lang='lat' dir='ltr'>es.</span> <span class='ocrx_word' id='word_1_278' title='bbox 1648 2405 1770 2437; x_wconf 87' lang='lat' dir='ltr'>Multi-</span> 
     </span>
     <span class='ocr_line' id='line_1_34' title="bbox 447 2449 1771 2494; baseline -0.003 -10"><span class='ocrx_word' id='word_1_279' title='bbox 447 2454 585 2494; x_wconf 91' lang='lat' dir='ltr'>plieasti</span> <span class='ocrx_word' id='word_1_280' title='bbox 602 2454 857 2485; x_wconf 85' lang='lat' dir='ltr'>scortationem</span> <span class='ocrx_word' id='word_1_281' title='bbox 872 2460 969 2485; x_wconf 89' lang='lat' dir='ltr'>tuam</span> <span class='ocrx_word' id='word_1_282' title='bbox 987 2463 1098 2494; x_wconf 90' lang='lat' dir='ltr'>usque</span> <span class='ocrx_word' id='word_1_283' title='bbox 1115 2453 1160 2484; x_wconf 88' lang='lat' dir='ltr'>ad</span> <span class='ocrx_word' id='word_1_284' title='bbox 1177 2457 1310 2484; x_wconf 88' lang='lat' dir='ltr'>terram</span> <span class='ocrx_word' id='word_1_285' title='bbox 1324 2450 1580 2491; x_wconf 88' lang='lat' dir='ltr'>negotiationis</span> <span class='ocrx_word' id='word_1_286' title='bbox 1595 2449 1771 2481; x_wconf 87' lang='lat' dir='ltr'>Chaldae-</span> 
     </span>
     <span class='ocr_line' id='line_1_35' title="bbox 446 2491 1770 2535; baseline -0.004 -6"><span class='ocrx_word' id='word_1_287' title='bbox 446 2507 517 2530; x_wconf 89' lang='lat' dir='ltr'>am.</span> <span class='ocrx_word' id='word_1_288' title='bbox 578 2522 673 2529; x_wconf 92' lang='grc'><strong>.....</strong></span> <span class='ocrx_word' id='word_1_289' title='bbox 683 2497 813 2529; x_wconf 90' lang='lat' dir='ltr'>Mulier</span> <span class='ocrx_word' id='word_1_290' title='bbox 835 2497 997 2528; x_wconf 88' lang='lat' dir='ltr'>adultera</span> <span class='ocrx_word' id='word_1_291' title='bbox 1020 2498 1087 2528; x_wconf 90' lang='lat' dir='ltr'>sub</span> <span class='ocrx_word' id='word_1_292' title='bbox 1108 2497 1186 2527; x_wconf 90' lang='lat' dir='ltr'>viro</span> <span class='ocrx_word' id='word_1_293' title='bbox 1210 2505 1276 2527; x_wconf 90' lang='lat' dir='ltr'>suo</span> <span class='ocrx_word' id='word_1_294' title='bbox 1300 2496 1428 2535; x_wconf 90' lang='lat' dir='ltr'>accipit</span> <span class='ocrx_word' id='word_1_295' title='bbox 1450 2495 1601 2526; x_wconf 88' lang='lat' dir='ltr'>alienos.</span> <span class='ocrx_word' id='word_1_296' title='bbox 1651 2491 1770 2524; x_wconf 85' lang='lat' dir='ltr'>[¹]Om-</span> 
     </span>
     <span class='ocr_line' id='line_1_36' title="bbox 447 2537 1770 2578; baseline -0.004 -5"><span class='ocrx_word' id='word_1_297' title='bbox 447 2551 512 2573; x_wconf 91' lang='lat' dir='ltr'>nes</span> <span class='ocrx_word' id='word_1_298' title='bbox 533 2541 778 2573; x_wconf 90' lang='lat' dir='ltr'>meretricibus</span> <span class='ocrx_word' id='word_1_299' title='bbox 803 2542 877 2573; x_wconf 91' lang='lat' dir='ltr'>suis</span> <span class='ocrx_word' id='word_1_300' title='bbox 901 2542 989 2572; x_wconf 90' lang='lat' dir='ltr'>dant</span> <span class='ocrx_word' id='word_1_301' title='bbox 1013 2541 1226 2578; x_wconf 90' lang='lat' dir='ltr'>mercedem,</span> <span class='ocrx_word' id='word_1_302' title='bbox 1255 2545 1294 2570; x_wconf 93' lang='lat' dir='ltr'>tu</span> <span class='ocrx_word' id='word_1_303' title='bbox 1317 2549 1404 2571; x_wconf 91' lang='lat' dir='ltr'>vero</span> <span class='ocrx_word' id='word_1_304' title='bbox 1429 2538 1558 2570; x_wconf 92' lang='lat' dir='ltr'>dedisti</span> <span class='ocrx_word' id='word_1_305' title='bbox 1587 2537 1770 2568; x_wconf 88' lang='lat' dir='ltr'>mercedes</span> 
     </span>
     <span class='ocr_line' id='line_1_37' title="bbox 448 2581 1771 2622; baseline -0.005 -5"><span class='ocrx_word' id='word_1_306' title='bbox 448 2585 616 2616; x_wconf 90' lang='lat' dir='ltr'>omnibus</span> <span class='ocrx_word' id='word_1_307' title='bbox 633 2585 779 2617; x_wconf 88' lang='lat' dir='ltr'>amasiis</span> <span class='ocrx_word' id='word_1_308' title='bbox 797 2585 877 2622; x_wconf 92' lang='lat' dir='ltr'>tuis,</span> <span class='ocrx_word' id='word_1_309' title='bbox 897 2590 933 2616; x_wconf 91' lang='lat' dir='ltr'>et</span> <span class='ocrx_word' id='word_1_310' title='bbox 957 2584 1192 2616; x_wconf 86' lang='lat' dir='ltr'>remunerasti</span> <span class='ocrx_word' id='word_1_311' title='bbox 1209 2593 1284 2621; x_wconf 83' lang='lat' dir='ltr'>eOS,</span> <span class='ocrx_word' id='word_1_312' title='bbox 1303 2589 1342 2614; x_wconf 92' lang='lat' dir='ltr'>ut</span> <span class='ocrx_word' id='word_1_313' title='bbox 1358 2582 1507 2614; x_wconf 84' lang='lat' dir='ltr'>veniant</span> <span class='ocrx_word' id='word_1_314' title='bbox 1523 2582 1568 2613; x_wconf 90' lang='lat' dir='ltr'>ad</span> <span class='ocrx_word' id='word_1_315' title='bbox 1593 2587 1628 2612; x_wconf 90' lang='lat' dir='ltr'>te</span> <span class='ocrx_word' id='word_1_316' title='bbox 1651 2581 1688 2612; x_wconf 90' lang='lat' dir='ltr'>in</span> <span class='ocrx_word' id='word_1_317' title='bbox 1706 2581 1771 2612; x_wconf 84' lang='lat' dir='ltr'>cir-</span> 
     </span>
     <span class='ocr_line' id='line_1_38' title="bbox 447 2625 1769 2668; baseline -0.004 -8"><span class='ocrx_word' id='word_1_318' title='bbox 447 2629 542 2660; x_wconf 90' lang='lat' dir='ltr'>cuitu</span> <span class='ocrx_word' id='word_1_319' title='bbox 566 2629 602 2660; x_wconf 89' lang='lat' dir='ltr'>in</span> <span class='ocrx_word' id='word_1_320' title='bbox 627 2629 904 2660; x_wconf 88' lang='lat' dir='ltr'>scortationibus</span> <span class='ocrx_word' id='word_1_321' title='bbox 928 2628 1009 2660; x_wconf 88' lang='lat' dir='ltr'>tuis.</span> <span class='ocrx_word' id='word_1_322' title='bbox 1064 2653 1094 2660; x_wconf 88' lang='lat'>..</span> <span class='ocrx_word' id='word_1_323' title='bbox 1109 2653 1116 2660; x_wconf 94' lang='lat'><strong>.</strong></span> <span class='ocrx_word' id='word_1_324' title='bbox 1131 2628 1278 2668; x_wconf 73' lang='lat' dir='ltr'>‚Qum-e,</span> <span class='ocrx_word' id='word_1_325' title='bbox 1305 2626 1486 2664; x_wconf 82' lang='lat' dir='ltr'>meretrix,</span> <span class='ocrx_word' id='word_1_326' title='bbox 1514 2625 1597 2656; x_wconf 88' lang='lat' dir='ltr'>audi</span> <span class='ocrx_word' id='word_1_327' title='bbox 1620 2625 1769 2656; x_wconf 90' lang='lat' dir='ltr'>verbum</span> 
     </span>
     <span class='ocr_line' id='line_1_39' title="bbox 448 2670 1341 2715; baseline -0.001 -11"><span class='ocrx_word' id='word_1_328' title='bbox 448 2672 636 2715; x_wconf 88' lang='lat' dir='ltr'>Jehovae’&#39;</span> <span class='ocrx_word' id='word_1_329' title='bbox 653 2673 736 2712; x_wconf 85' lang='lat' dir='ltr'>(xvi.</span> <span class='ocrx_word' id='word_1_330' title='bbox 754 2680 804 2712; x_wconf 89' lang='lat'>15,</span> <span class='ocrx_word' id='word_1_331' title='bbox 820 2673 873 2711; x_wconf 87' lang='lat'>26,</span> <span class='ocrx_word' id='word_1_332' title='bbox 889 2673 941 2711; x_wconf 91' lang='lat'>28,</span> <span class='ocrx_word' id='word_1_333' title='bbox 957 2681 1009 2713; x_wconf 88' lang='lat'>29,</span> <span class='ocrx_word' id='word_1_334' title='bbox 1027 2680 1079 2711; x_wconf 85' lang='lat'>32,</span> <span class='ocrx_word' id='word_1_335' title='bbox 1095 2680 1147 2711; x_wconf 88' lang='lat'>33,</span> <span class='ocrx_word' id='word_1_336' title='bbox 1163 2680 1215 2711; x_wconf 88' lang='lat'>35,</span> <span class='ocrx_word' id='word_1_337' title='bbox 1230 2670 1341 2712; x_wconf 88' lang='lat' dir='ltr'>seq.):</span> 
     </span>
    </p>
   </div>
   <div class='ocr_carea' id='block_1_4' title="bbox 274 2757 1769 3069">
    <p class='ocr_par' dir='ltr' id='par_1_5' title="bbox 274 2757 1769 3069">
     <span class='ocr_line' id='line_1_40' title="bbox 274 2757 1769 2818; baseline -0.005 -14"><span class='ocrx_word' id='word_1_338' title='bbox 274 2764 372 2818; x_wconf 91' lang='lat' dir='ltr'>quis</span> <span class='ocrx_word' id='word_1_339' title='bbox 403 2775 495 2803; x_wconf 90' lang='lat' dir='ltr'>non</span> <span class='ocrx_word' id='word_1_340' title='bbox 521 2761 674 2802; x_wconf 92' lang='lat' dir='ltr'>videre</span> <span class='ocrx_word' id='word_1_341' title='bbox 706 2767 860 2815; x_wconf 90' lang='lat' dir='ltr'>potest</span> <span class='ocrx_word' id='word_1_342' title='bbox 891 2761 1012 2816; x_wconf 91' lang='lat' dir='ltr'>quod</span> <span class='ocrx_word' id='word_1_343' title='bbox 1054 2761 1126 2802; x_wconf 93' lang='lat' dir='ltr'>hic</span> <span class='ocrx_word' id='word_1_344' title='bbox 1159 2774 1239 2814; x_wconf 91' lang='lat' dir='ltr'>per</span> <span class='ocrx_word' id='word_1_345' title='bbox 1271 2757 1646 2800; x_wconf 86' lang='lat' dir='ltr'>“scortationes&#39;&#39;</span> <span class='ocrx_word' id='word_1_346' title='bbox 1677 2770 1769 2797; x_wconf 91' lang='lat' dir='ltr'>non</span> 
     </span>
     <span class='ocr_line' id='line_1_41' title="bbox 274 2820 1769 2879; baseline -0.005 -12"><span class='ocrx_word' id='word_1_347' title='bbox 274 2826 590 2879; x_wconf 86' lang='lat' dir='ltr'>intelligantur</span> <span class='ocrx_word' id='word_1_348' title='bbox 613 2826 916 2866; x_wconf 88' lang='lat' dir='ltr'>scortationes</span> <span class='ocrx_word' id='word_1_349' title='bbox 937 2825 982 2865; x_wconf 91' lang='lat' dir='ltr'>in</span> <span class='ocrx_word' id='word_1_350' title='bbox 1005 2838 1140 2865; x_wconf 90' lang='lat' dir='ltr'>sensu</span> <span class='ocrx_word' id='word_1_351' title='bbox 1161 2824 1392 2864; x_wconf 91' lang='lat' dir='ltr'>communi</span> <span class='ocrx_word' id='word_1_352' title='bbox 1414 2821 1640 2863; x_wconf 91' lang='lat' dir='ltr'>naturali?</span> <span class='ocrx_word' id='word_1_353' title='bbox 1672 2820 1769 2873; x_wconf 86' lang='lat' dir='ltr'>agi-</span> 
     </span>
     <span class='ocr_line' id='line_1_42' title="bbox 274 2885 1768 2942; baseline -0.005 -12"><span class='ocrx_word' id='word_1_354' title='bbox 274 2897 347 2931; x_wconf 91' lang='lat' dir='ltr'>tur</span> <span class='ocrx_word' id='word_1_355' title='bbox 368 2891 488 2942; x_wconf 86' lang='lat' dir='ltr'>enim</span> <span class='ocrx_word' id='word_1_356' title='bbox 510 2889 567 2930; x_wconf 91' lang='lat' dir='ltr'>de</span> <span class='ocrx_word' id='word_1_357' title='bbox 590 2888 796 2937; x_wconf 90' lang='lat' dir='ltr'>ecclesia,</span> <span class='ocrx_word' id='word_1_358' title='bbox 821 2888 894 2929; x_wconf 92' lang='lat' dir='ltr'>ubi</span> <span class='ocrx_word' id='word_1_359' title='bbox 911 2889 1063 2929; x_wconf 90' lang='lat' dir='ltr'>omnia</span> <span class='ocrx_word' id='word_1_360' title='bbox 1079 2901 1186 2929; x_wconf 92' lang='lat' dir='ltr'>vera</span> <span class='ocrx_word' id='word_1_361' title='bbox 1208 2887 1349 2928; x_wconf 90' lang='lat' dir='ltr'>Verbi</span> <span class='ocrx_word' id='word_1_362' title='bbox 1375 2885 1614 2928; x_wconf 89' lang='lat' dir='ltr'>falsificata</span> <span class='ocrx_word' id='word_1_363' title='bbox 1636 2889 1741 2924; x_wconf 87' lang='lat' dir='ltr'>sunt</span> <span class='ocrx_word' id='word_1_364' title='bbox 1759 2897 1768 2933; x_wconf 88' lang='lat'><strong>;</strong></span> 
     </span>
     <span class='ocr_line' id='line_1_43' title="bbox 275 2949 1767 3007; baseline -0.005 -13"><span class='ocrx_word' id='word_1_365' title='bbox 275 2953 388 2994; x_wconf 91' lang='lat' dir='ltr'>haec</span> <span class='ocrx_word' id='word_1_366' title='bbox 434 2959 538 2994; x_wconf 90' lang='lat' dir='ltr'>sunt</span> <span class='ocrx_word' id='word_1_367' title='bbox 584 2966 698 3007; x_wconf 90' lang='lat' dir='ltr'>quae</span> <span class='ocrx_word' id='word_1_368' title='bbox 743 2965 822 3006; x_wconf 91' lang='lat' dir='ltr'>per</span> <span class='ocrx_word' id='word_1_369' title='bbox 864 2951 1239 2993; x_wconf 87' lang='lat' dir='ltr'>“scortationes”</span> <span class='ocrx_word' id='word_1_370' title='bbox 1279 2949 1615 3003; x_wconf 89' lang='lat' dir='ltr'>intelliguntur,</span> <span class='ocrx_word' id='word_1_371' title='bbox 1660 2959 1767 2987; x_wconf 89' lang='lat' dir='ltr'>nam</span> 
     </span>
     <span class='ocr_line' id='line_1_44' title="bbox 278 3011 1764 3069; baseline -0.004 -12"><span class='ocrx_word' id='word_1_372' title='bbox 278 3015 650 3057; x_wconf 83' lang='lat' dir='ltr'>“scortationes”</span> <span class='ocrx_word' id='word_1_373' title='bbox 675 3016 719 3056; x_wconf 90' lang='lat' dir='ltr'>in</span> <span class='ocrx_word' id='word_1_374' title='bbox 746 3014 965 3069; x_wconf 90' lang='lat' dir='ltr'>spirituali</span> <span class='ocrx_word' id='word_1_375' title='bbox 992 3028 1126 3056; x_wconf 91' lang='lat' dir='ltr'>sensu</span> <span class='ocrx_word' id='word_1_376' title='bbox 1152 3028 1230 3055; x_wconf 91' lang='lat' dir='ltr'>seu</span> <span class='ocrx_word' id='word_1_377' title='bbox 1256 3014 1562 3055; x_wconf 87' lang='lat' dir='ltr'>scortationes</span> <span class='ocrx_word' id='word_1_378' title='bbox 1585 3011 1764 3065; x_wconf 89' lang='lat' dir='ltr'>spiritu-</span> 
     </span>
    </p>
   </div>
  </div>
 </body>
</html>
