2060 3476
352 332 438 387 624
766 342 1099 377 APOCALYPSIS
1130 343 1430 378 EXPLICATA.

355 461 442 493 1555,
459 455 547 492 2256,
563 457 652 493 4328,
667 464 756 493 4493,
772 462 861 494 5113,
877 455 973 494 9596:
999 455 1093 494 quale
1107 455 1181 486 inde
1196 455 1363 486 discrimen
1377 455 1541 485 interillos
1555 454 1610 493 qui
1625 464 1643 484 e
1657 463 1755 493 regno
1769 463 1839 485 cae-

352 500 420 529 lesti
441 505 515 529 sunt
532 505 563 529 et
583 501 653 530 illos
667 501 721 538 qui
743 510 761 530 e
782 510 881 539 regno
895 501 1056 539 spirituali,
1071 510 1102 531 n.
1119 503 1207 536 2088,
1224 501 1312 540 2669,
1328 503 1417 538 2708.
1434 507 1523 537 2715.
1538 506 1627 538 3235,
1643 509 1733 538 3240,
1747 501 1837 537 4788,

351 550 441 586 7068,
455 551 544 587 8521,
557 559 647 588 9277,
662 550 785 589 10295.)
843 539 982 594 Apud
1008 540 1219 589 eundem,

420 632 497 664 “In
514 638 675 674 tempore
692 634 753 665 illo
767 634 960 666 adducetur
972 644 1102 666 munus
1115 633 1275 676 Jehovae
1292 633 1463 671 Zebaoth,
1480 632 1633 673 populus
1646 630 1838 665 distraetus

524 682 560 708 et
576 677 752 717 expilatus
757 702 848 716 .....
857 684 892 709 et
910 687 1000 718 gens
1017 678 1199 709 delineata
1217 683 1253 708 et
1271 677 1491 714 conculcata,
1512 675 1613 716 cujus
1633 682 1763 708 terram
1779 676 1840 708 de-

523 721 682 796 Ξῖἓῖἱςίἰξξξ
690 721 962 805 (εέινῐξίῑίῆξνξί),.αᾱ
979 721 1098 753 locum
1112 720 1270 752 nominis
1282 720 1442 763 Jehovae
1458 718 1662 762 [Zebaoth],
1678 725 1838 752 montem

794 789 801 797 .
840 790 847 803 ,
909 790 915 798 .

349 862 498 915 agitur
515 862 574 902 ibi
591 862 648 903 de
669 862 939 903 invitatione
957 862 1156 903 omniurn
1174 861 1230 902 ad
1247 861 1486 903 ecclesiam
1504 875 1514 913 ;
1546 875 1682 915 quare
1699 862 1837 902 etiam

348 926 606 966 nominatur
625 924 885 979 “populus”
907 931 953 966 et
979 928 1131 978 “gens
1148 924 1183 965 :”
1217 927 1386 966 “mons
1409 924 1590 966 Zionis'’
1613 924 1836 978 significat

347 988 586 1030 ecclesiam
618 988 675 1028 ad
707 1000 841 1042 quam
873 988 1148 1038 invitantur3
1182 1001 1260 1041 per
1288 987 1540 1041 “populum
1571 985 1836 1028 distraetum

346 1058 392 1092 et
420 1050 704 1104 expilatum”
727 1050 1037 1104 significantur
1062 1050 1126 1091 illi
1152 1050 1270 1104 apud
1293 1064 1404 1104 quos
1429 1064 1548 1099 vera,
1573 1050 1630 1091 ab
1655 1050 1742 1091 illis
1764 1051 1837 1104 qui

346 1115 390 1155 in
412 1113 534 1154 falsis
557 1112 789 1155 doftrinae
811 1120 930 1162 sunt,
955 1113 1149 1162 sublata,
1173 1119 1351 1154 mutata
1372 1119 1449 1154 aut
1473 1126 1683 1167 perversa
1704 1119 1809 1153 sunt
1827 1127 1836 1162 ;

346 1191 424 1230 per
466 1180 692 1230 “gentem
733 1175 1011 1217 delineatam
1051 1182 1098 1217 et
1138 1175 1468 1224 conculcatam,
1507 1174 1630 1228 cujus
1670 1181 1837 1216 terram

345 1240 610 1293 depraedati
647 1245 751 1280 sunt
788 1238 946 1287 fluvii,’'
977 1237 1288 1292 significantur
1323 1237 1396 1279 illi*
1423 1238 1542 1292 apud
1573 1251 1685 1291 quos
1719 1238 1838 1279 bona

345 1302 576 1352 similiter;
623 1301 809 1342 “fluvii''
846 1307 951 1342 sunt
990 1301 1104 1343 falsa
1142 1307 1189 1342 et
1230 1301 1600 1342 ratiocinationes
1637 1314 1696 1342 ex
1736 1300 1835 1341 illis.

345 1364 483 1419 Apud
511 1364 789 1413 Saclzariam,

413 1462 435 1476 ‘⁸
446 1460 573 1493 Adhuc
587 1461 735 1493 venient
752 1461 888 1502 populi,
905 1466 940 1493 et
951 1460 1172 1493 habitatores
1185 1460 1326 1492 urbium
1340 1470 1552 1501 magnarum
1558 1484 1649 1498 .....
1657 1459 1702 1492 ad
1715 1460 1839 1501 depre-

518 1505 671 1536 candum
692 1505 802 1536 facies
822 1504 982 1546 Jehovae
997 1514 1020 1540 :.
1035 1529 1042 1536 .
1057 1529 1064 1536 .
1078 1510 1129 1536 ,et
1148 1505 1198 1536 sie
1217 1504 1364 1536 venient
1387 1504 1509 1545 populi
1528 1503 1632 1535 multi
1651 1510 1687 1535 et
1710 1510 1838 1544 gentes

519 1558 735 1580 numerosae
760 1548 805 1580 ad
831 1548 1073 1589 quaerendum
1100 1547 1277 1590 Jehovam
1303 1547 1461 1579 Zebaoth
1487 1547 1524 1579 in
1553 1547 1837 1588 Hierosolyma”

518 1591 605 1632 (viii.
625 1590 713 1634 [2o,]
734 1600 785 1630 21,
801 1593 874 1632 22):

344 1708 422 1748 per
438 1697 463 1714 “
479 1693 670 1748 populos
682 1693 702 1709 ‘’
717 1699 762 1735 et
781 1707 859 1747 per
876 1696 902 1714 “
915 1692 1109 1747 gentes”
1123 1693 1261 1734 etiam
1279 1693 1338 1734 ibi
1356 1691 1665 1746 significantur
1678 1704 1836 1733 omnes

343 1757 416 1810 qui
443 1757 500 1797 ab
525 1756 717 1798 ecclesia
749 1756 945 1805 Domini,
963 1769 1053 1811 uper
1081 1755 1310 1810 “populos
1323 1755 1342 1771 ”
1367 1755 1431 1796 illi
1457 1755 1531 1809 qui
1561 1754 1618 1796 ab
1643 1754 1836 1796 ecclesia

344 1820 489 1873 Ipsius
515 1819 748 1873 spirituali,
772 1825 819 1860 et
846 1833 924 1873 per
948 1818 1182 1872 “gentes''
1204 1818 1267 1859 illi
1290 1819 1363 1872 qui
1389 1818 1447 1859 ab
1473 1817 1664 1858 ecclesia
1691 1817 1834 1871 Ipsius

342 1882 556 1942 caelesti3
592 1886 617 1902 ‘⁴
634 1881 994 1935 Hierosolyma‚'’
1012 1895 1101 1935 quo
1117 1882 1317 1930 venient,
1337 1887 1407 1922 est
1430 1880 1634 1922 ecclesia.
1696 1880 1834 1935 Apud

344 1945 581 1994 Davidem,

411 2033 564 2066 “Pones
590 2033 650 2065 Me
675 2034 710 2065 in
735 2039 841 2074 caput
864 2033 1046 2074 gentium,
1075 2033 1227 2074 populus
1247 2042 1351 2075 quem
1377 2017 1449 2064 non
1474 2041 1656 2071 noveram,
1679 2032 1835 2064 servient

517 2077 607 2108 Mihi
618 2076 636 2089 ’³
653 2076 799 2114 (psalm.
814 2077 909 2109 xviii.
923 2086 967 2116 44
985 2075 1044 2119 [B.
1058 2078 1104 2109 A.
1118 2074 1212 2118 43]);

342 2153 459 2206 apud
486 2153 693 2202 eundem,

406 2228 570 2271 Jehovah
590 2228 789 2268 “subjiciet
808 2227 961 2269 populos
981 2228 1046 2259 sub
1066 2237 1144 2266 nos,
1165 2233 1200 2259 et
1218 2233 1345 2268 gentes
1364 2228 1430 2259 sub
1449 2227 1558 2268 pedes
1579 2233 1724 2259 nostros
1737 2238 1761 2260 z.
1776 2251 1784 2259 .
1797 2251 1806 2260 .
1819 2252 1827 2260 .

516 2278 642 2312 regnat
671 2271 769 2303 Deus
797 2281 903 2312 super
929 2277 1055 2312 gentes
1059 2296 1150 2309 .....
1159 2271 1350 2312 spontanei
1381 2271 1597 2312 populorum
1626 2270 1833 2311 congregati

515 2315 626 2347 sunt''
643 2315 789 2355 (Psalm.
804 2315 901 2347 xlvii.
918 2313 984 2357 [4,]
1004 2325 1035 2356 9,
1052 2323 1093 2346 10
1110 2313 1169 2356 [B.
1184 2315 1230 2347 A.
1245 2323 1275 2354 3,
1291 2315 1321 2353 8,
1336 2312 1409 2356 9]);

341 2391 460 2445 apud
486 2391 693 2440 eundem,

409 2469 432 2482 ‘¹
443 2467 500 2499 Ad
517 2467 806 2507 cognoscendum
825 2467 861 2498 in
878 2472 987 2498 terra.
1002 2492 1009 2498 .
1024 2466 1133 2499 ,inter
1149 2476 1276 2498 omnes
1292 2471 1419 2507 gentes
1437 2461 1588 2498 salutem
1606 2471 1702 2497 tuam
1716 2475 1723 2503 ς
1749 2475 1834 2497 con-

468 2536 474 2543 .
514 2511 708 2542 fitebuntur
724 2511 805 2542 Tibi
823 2511 956 2551 populi,
978 2509 1076 2542 Deus
1080 2535 1172 2548 .....
1180 2510 1406 2542 laetabuntur
1422 2516 1457 2541 et
1472 2509 1675 2550 jubilabunt
1690 2514 1828 2550 gentes,

514 2564 558 2585 eo
581 2554 675 2595 quod
698 2554 918 2594 judicaturus
942 2564 981 2586 es
1006 2554 1158 2595 populos
1182 2552 1406 2592 recstitudine,
1429 2559 1464 2585 et
1487 2558 1614 2594 gentes
1638 2553 1675 2584 in
1699 2558 1830 2584 terram

513 2596 682 2629 ducturus
699 2607 737 2629 es
748 2597 766 2609 ”
783 2597 928 2637 (Psalm.
943 2597 1041 2629 lxvii.
1057 2604 1118 2637 3—5
1139 2595 1199 2639 [B.
1212 2597 1259 2629 A.
1275 2594 1389 2638 2-4]);

339 2674 459 2729 apud
485 2674 692 2723 eundem,

409 2752 432 2765 ·'‘
444 2750 630 2782 Memento
641 2750 711 2781 mei
722 2750 885 2792 Jehovah
899 2750 936 2782 in
949 2749 1174 2791 beneplacito
1188 2750 1309 2791 populi
1323 2748 1373 2782 tui
1377 2774 1469 2788 .....
1476 2755 1515 2782 ut
1527 2749 1638 2782 laeter
1649 2749 1684 2781 in
1698 2748 1830 2790 gaudio

512 2794 673 2834 gentiuin
691 2800 831 2825 tuarum
842 2793 860 2806 '’
878 2793 1023 2834 (Psalm.
1038 2794 1105 2826 cvi.
1121 2802 1153 2833 4,
1170 2794 1221 2834 5);

337 2870 458 2925 apud
483 2870 691 2925 eundem,

407 2949 651 2982 “Confitebor
670 2949 752 2982 Tibi
776 2950 871 2982 inter
893 2956 1032 2990 gentes,
1057 2949 1224 2988 Domine,
1250 2949 1402 2990 psallam
1423 2949 1506 2981 Tibi
1531 2949 1624 2981 inter
1646 2948 1798 2989 populos
1808 2947 1828 2962 ”

511 2993 655 3034 (Psalm.
671 2991 778 3026 [¹]lvii.
793 2994 880 3025 8-10
898 2992 957 3036 [B.
974 2995 1019 3026 A.
1035 2991 1114 3036 7-9]
1130 3003 1137 3032 ;
1170 2993 1301 3026 Psalm.
1316 2993 1411 3026 cviii.
1426 3001 1489 3032 2-4
1508 2991 1568 3035 [Β.
1583 2993 1628 3026 Α,
1645 2990 1756 3034 1-3]):
