2060 3476
696 361 803 395 CAP.
827 361 889 403 V„
922 361 1064 395 VERS.
1087 353 1235 394 8.—N.
1264 350 1430 406 325[b].
1742 349 1819 404 585

321 487 368 524 (n.
382 495 452 523 222,
468 495 538 524 224,
553 485 706 524 358-360,
721 486 872 523 528—530,
888 483 976 514 dicta
993 483 1081 522 sunt)
1099 487 1108 524 3
1140 478 1187 514 et
1209 487 1325 526 quae
1350 473 1396 514 in
1419 472 1643 514 Ποίῖνίηα
1666 471 1823 514 Novae

316 535 659 589 Hz’erosolymae
683 543 916 583 (n.123-129),
939 533 1015 574 ubi
1039 533 1182 574 etiam
1207 532 1321 574 haec
1340 545 1408 573 :—

389 628 410 641 ⁴¹
422 622 558 658 Pietas
572 628 633 658 est
647 621 712 668 pie
726 620 903 668 cogitare
917 627 958 656 et
974 620 1097 666 loqui,
1113 620 1283 655 multum
1297 631 1438 655 vacare
1453 620 1646 666 precibus,
1661 619 1822 654 humili-

316 677 379 705 ter
395 681 437 705 se
456 677 554 705 tunc
576 679 724 716 gerere,
743 668 995 714 frequentare
1012 668 1173 713 templa,
1192 674 1232 703 et
1259 667 1312 702 ibi
1339 667 1657 713 praedicationes
1676 667 1822 702 devote

317 717 552 757 auscultare,
567 723 608 752 et
621 727 738 762 saepe
752 715 967 762 quotannis
981 715 1091 750 obire
1106 714 1407 750 Sacramentum
1428 714 1571 755 Cenae,
1586 721 1626 750 et
1640 714 1823 749 similiter

318 765 472 810 ‘reliqua
496 764 628 799 cultus
654 763 875 799 secundum
902 762 1092 798 ecclesiae
1117 768 1281 798 statuta.
1331 762 1427 796 Vita
1454 768 1590 797 autem
1616 761 1822 797 charitatis

318 819 380 847 est
397 812 500 846 bene
517 811 621 846 velle
639 817 680 846 et
697 811 799 846 bene
825 809 955 846 facere
973 809 1168 856 proximo,
1188 809 1228 844 in
1247 809 1358 844 omni
1377 820 1498 855 opere
1515 820 1632 855 agere
1646 819 1695 844 ex
1711 809 1822 855 justo

318 865 359 894 et
376 869 518 904 aequo,
538 869 587 893 ex
613 858 720 893 bono
738 864 780 893 et
793 868 902 897 vero,
917 857 1103 893 similiter
1128 857 1168 892 in
1194 857 1305 892 omni
1332 855 1559 897 functione;
1585 857 1720 896 verbo,
1737 856 1823 891 vita

316 905 524 941 charitatis
557 905 743 940 consistit
773 905 813 939 in
843 905 980 940 usibus
1010 904 1270 950 praestandis.
1338 903 1385 938 In
1416 904 1491 938 hac
1519 903 1603 939 vita
1633 903 1821 949 primario

317 952 502 988 consistit
527 952 660 987 cultus
687 951 869 993 Divinus,
888 952 929 986 in
956 951 1023 987 illa
1047 957 1182 987 autem
1208 951 1465 987 secundario:
1491 957 1735 997 quapropter
1752 951 1820 997 qui

317 1006 475 1046 separat
492 1010 612 1034 unam
630 999 680 1034 ab
698 999 832 1040 altera,
852 1010 997 1045 nempe
1015 999 1083 1045 qui
1100 999 1224 1034 vitam
1251 998 1410 1044 pietatis
1428 998 1512 1045 agit
1537 1005 1578 1034 et
1603 1009 1684 1034 non
1703 998 1821 1034 simul

316 1047 440 1082 vitam
471 1047 688 1087 eharitatis,
719 1057 801 1082 non
831 1047 929 1082 colit
961 1046 1102 1082 Deum.
1136 1074 1144 1081 .
1159 1074 1167 1081 .
1183 1075 1190 1081 .
1206 1046 1327 1082 .Nam
1361 1046 1445 1081 vita
1471 1046 1632 1091 pietatis
1661 1052 1820 1081 tantum

317 1095 424 1130 valet
425 1122 522 1136 .....
532 1100 726 1140 quantum
755 1094 790 1129 ei
817 1092 1034 1139 conjuncta
1054 1100 1116 1129 est
1132 1093 1216 1129 vita
1233 1093 1458 1134 charitatis;
1484 1093 1584 1129 haec
1609 1093 1716 1129 enim
1744 1093 1822 1140 pri-

318 1142 443 1178 maria
458 1148 530 1183 est,
549 1148 590 1177 et
608 1141 736 1187 qualis
757 1141 856 1176 haec
873 1141 965 1176 talis
985 1141 1081 1176 illa''
1101 1142 1155 1187 (n.
1178 1150 1253 1184 124,
1276 1141 1370 1186 128).

403 1232 488 1288 [b.]
532 1232 669 1286 Quod
691 1233 871 1274 caelum
897 1246 924 1273 a
949 1232 1152 1274 Domino
1177 1233 1433 1273 insinuetur
1457 1232 1622 1286 pietati
1652 1231 1822 1273 actuali

321 1295 529 1344 hominis,
553 1301 600 1336 et
622 1308 713 1336 non
731 1295 888 1348 pietati
915 1294 1026 1335 orali
1051 1308 1130 1335 seu
1152 1301 1372 1335 externae
1389 1300 1627 1348 separatae
1649 1294 1707 1334 ab
1727 1293 1819 1342 illa,

321 1373 382 1400 ex
408 1358 522 1412 pluri
547 1359 831 1411 experientia
856 1357 964 1399 mihi
990 1364 1213 1399 testatum
1239 1355 1405 1399 factum
1431 1363 1516 1398 est.
1577 1357 1675 1398 Visi
1701 1358 1821 1398 enim

317 1429 423 1463 sunt
446 1421 576 1462 multi
597 1422 671 1476 qui
693 1421 736 1462 in
759 1422 930 1475 pietate
953 1421 1063 1462 orali
1085 1428 1131 1462 et
1154 1427 1348 1462 externa
1369 1427 1615 1474 posuerunt
1638 1433 1821 1462 omnem

322 1485 509 1535 cultum,
537 1491 583 1526 et
615 1491 850 1539 praeterea
874 1485 918 1525 in
945 1499 1026 1525 sua
1050 1485 1144 1526 vita
1169 1483 1334 1526 actuali
1360 1484 1469 1525 nihil
1501 1485 1822 1538 cogitaverunt

318 1549 375 1590 de
411 1549 666 1603 praeceptis
710 1548 894 1589 Domini
933 1549 977 1589 in
1015 1547 1185 1597 Verbo,
1221 1562 1300 1589 seu
1341 1548 1463 1602 quod
1503 1548 1728 1589 sincerum
1774 1555 1821 1589 et

318 1610 503 1661 rectum,
537 1611 706 1664 justum
748 1617 794 1652 et
835 1624 1041 1665 aequum,
1080 1625 1140 1652 ex
1176 1610 1408 1665 religione,
1445 1611 1509 1652 ita
1549 1625 1608 1652 ex
1651 1611 1823 1665 origine

318 1674 550 1729 spirituali,
577 1674 831 1716 faciendum
863 1675 935 1723 sit,
964 1674 1045 1716 sed
1077 1674 1223 1716 solum
1250 1689 1311 1716 ex
1344 1674 1447 1728 lege
1474 1674 1606 1724 civili,
1634 1681 1730 1716 tum
1762 1689 1822 1716 ex

321 1739 424 1792 lege
451 1737 623 1788 morali,
652 1744 701 1779 ut
724 1738 889 1788 sinceri
916 1744 962 1779 et
990 1737 1100 1792 justi
1126 1744 1398 1792 apparerent
1430 1745 1615 1792 propter
1640 1738 1820 1787 famam,

318 1808 365 1843 et
390 1802 502 1843 haec
534 1807 720 1856 propter
744 1801 964 1842 honorem
989 1808 1069 1843 aut
1101 1801 1300 1852 lucrum;
1333 1802 1575 1842 credentes
1605 1802 1668 1842 sic
1701 1802 1822 1855 quod

317 1866 362 1906 in
395 1865 569 1907 caelum
597 1865 774 1906 venturi
807 1878 914 1918 prae
945 1864 1068 1906 aliis:
1103 1871 1380 1919 quapropter
1411 1864 1660 1905 secundum
1687 1864 1822 1906 fidem

318 1942 444 1970 suam
467 1928 633 1970 elevati
654 1934 759 1970 sunt
777 1928 820 1969 in
839 1928 1015 1969 caelum
1033 1943 1042 1979 ;
1069 1928 1150 1970 sed
1169 1942 1270 1970 cum
1289 1929 1347 1969 ab
1364 1928 1540 1982 angelis
1558 1935 1822 1982 perceptum

317 1992 397 2034 fuit
423 1992 545 2046 quod
571 1991 778 2033 colerent
806 1991 955 2033 Deum
982 1991 1128 2033 solum
1155 2005 1232 2033 ore
1258 1998 1305 2033 et
1332 2005 1422 2033 non
1450 1992 1600 2041 corde,
1629 1998 1675 2033 et
1701 1992 1822 2046 quod

319 2056 466 2110 pietas
498 2068 653 2097 eorum
685 2061 880 2096 externa
912 2068 1004 2096 non
1036 2055 1305 2109 procederet
1342 2069 1400 2096 ex
1434 2055 1606 2109 pietate
1642 2054 1821 2104 actuali,

319 2134 433 2174 quae
455 2125 525 2161 est
546 2120 682 2167 vitae,
706 2118 763 2159 ab
788 2118 875 2159 illis
897 2117 1060 2171 dejecti
1083 2125 1213 2170 sunt;
1246 2125 1292 2160 et
1319 2125 1480 2172 postea
1501 2120 1713 2160 associati
1734 2119 1823 2163 illis

319 2184 393 2237 qui
419 2183 463 2224 in
489 2181 621 2224 simili
646 2183 740 2223 vita
765 2195 867 2223 cum
894 2181 981 2223 illis
1006 2182 1198 2232 fuerunt,
1224 2189 1271 2224 et
1302 2183 1362 2224 ibi
1388 2182 1610 2236 deprivati
1636 2197 1716 2224 suo
1748 2184 1822 2237 pio

320 2251 367 2286 et
399 2243 574 2294 saneto,
609 2246 821 2299 quoniam
859 2245 945 2287 hoc
978 2246 1164 2287 interius
1196 2253 1545 2300 conspurcatum
1581 2246 1662 2287 fuit
1693 2246 1823 2287 malis

319 2307 455 2349 vitae.
517 2307 630 2350 Inde
661 2322 838 2363 quoque
869 2310 1016 2363 patuit
1053 2309 1174 2363 quod
1212 2309 1360 2350 cultus
1392 2309 1581 2350 Divinus
1612 2310 1822 2363 primario

321 2371 546 2412 consistat
568 2371 613 2412 in
630 2372 725 2413 vita
745 2372 995 2422 charitatis,
1014 2379 1061 2414 et
1079 2373 1345 2414 secundario
1362 2373 1406 2413 in
1425 2373 1596 2426 pietate
1613 2379 1820 2414 externa.

322 2433 547 2487 Quoniam
573 2435 668 2488 ipse
694 2434 841 2476 cultus
873 2435 1062 2476 Divinus
1094 2437 1305 2490 primario
1336 2436 1544 2477 consistit
1569 2437 1614 2477 in
1639 2437 1747 2486 vita,
1775 2444 1822 2478 et

323 2511 413 2539 non
439 2498 483 2538 in
510 2498 728 2551 precibus,
751 2498 855 2539 ideo
881 2499 999 2540 dixit
1023 2499 1245 2541 Dominus
1267 2499 1387 2553 quod
1409 2500 1454 2540 in
1476 2500 1705 2554 precando
1731 2514 1821 2542 non

323 2567 477 2602 essent
504 2559 759 2615 multiloqui
784 2567 831 2602 et
855 2561 1034 2615 prolixi,
1061 2562 1129 2603 his
1154 2563 1328 2604 verbis:

394 2649 582 2681 “Orantes
599 2659 645 2681 ne
662 2650 740 2682 sitis
757 2650 968 2692 multiloqui,
988 2651 1079 2683 sicut
1095 2651 1240 2690 ethnici,
1257 2652 1316 2693 qui
1330 2658 1456 2693 putant
1469 2653 1564 2694 quod
1577 2659 1723 2694 propter
1733 2654 1824 2685 mul-

498 2693 686 2734 tiloquium
709 2694 965 2734 exaudiantur;
990 2705 1035 2727 ne
1060 2695 1168 2736 igitur
1184 2696 1374 2728 reddimini
1398 2697 1468 2728 illis
1492 2696 1656 2729 similes”
1673 2696 1819 2737 (Matth.

496 2737 543 2769 vi.
559 2744 588 2776 7,
606 2737 649 2777 8).

323 2816 443 2871 Quia
474 2830 591 2859 nunc
627 2817 723 2872 ipse
755 2818 903 2861 cultus
939 2819 1129 2861 Divinus
1166 2821 1375 2863 consistit
1412 2823 1622 2876 primario
1652 2822 1696 2862 in
1727 2821 1822 2863 vita

325 2881 572 2930 charitatis,
600 2888 646 2923 et
672 2883 937 2925 secundario
967 2884 1011 2924 in
1042 2884 1261 2938 precibus,
1288 2885 1391 2926 ideo
1423 2900 1501 2939 per
1529 2889 1721 2940 “preces
1732 2885 1752 2902 '¹
1776 2887 1821 2927 in

324 2957 459 2985 sensu
484 2944 701 2997 spirituali
726 2944 867 2987 Verbi
891 2946 1160 3000 intelligitur
1180 2947 1328 2989 cultus
1354 2963 1413 2989 ex
1439 2949 1560 2990 bono
1586 2949 1818 3002 spirituali,

326 3007 412 3048 hoc
439 3013 523 3057 est,
551 3021 609 3049 ex
636 3009 730 3050 vita
757 3008 989 3052 charitatis
1005 3024 1015 3062 ;
1047 3011 1167 3064 quod
1194 3012 1311 3053 enim
1337 3012 1594 3066 primarium
1620 3018 1704 3062 est,
1731 3012 1819 3055 hoc
