2060 3476
329 333 358 373 4
365 332 417 375 14
742 332 1074 367 APOCALYPSIS
1105 333 1404 367 EXPLICATA.

327 442 539 485 Divinum
566 444 763 496 Verum;
806 451 852 486 et
886 444 1034 496 Calor,
1062 446 1165 500 quia
1195 452 1265 488 est
1299 445 1434 488 Calor
1459 447 1715 501 spiritualis,
1743 454 1814 490 est

327 505 539 547 Divinum
562 506 764 549 Bonum:
797 507 898 560 hoc,
920 521 1083 562 nempe
1102 508 1315 550 Divinum
1335 509 1525 558 Bonum,
1545 510 1816 564 intelligitur

326 580 406 620 per
429 571 454 588 “
468 567 651 608 Patrem
675 568 720 609 in
747 567 939 610 caelis„
993 579 1106 617 (Quod
1121 580 1280 609 Dominus
1299 580 1338 609 sit
1353 580 1408 610 Sol
1423 580 1521 616 Caeli,
1537 585 1568 610 et
1586 582 1674 619 quod
1695 582 1766 611 Lux
1785 587 1817 612 et

326 625 423 655 Calor
436 625 520 660 inde,
536 626 597 655 sint
613 626 764 656 Divinum
779 628 900 657 Verum
915 628 1040 657 unitum
1056 628 1173 657 Divino
1190 628 1291 662 Bono.
1306 628 1451 658 videatur
1459 628 1491 657 in
1505 638 1602 667 opere
1616 630 1668 659 De
1682 630 1774 660 Caelo
1788 633 1819 660 et

327 670 464 708 lnferno,
478 680 508 700 n.
522 671 616 700 116-1
622 681 639 700 2
641 678 670 708 5,
680 681 718 701 ac
729 672 883 709 126—140;
900 677 930 701 et
939 673 1027 709 quod
1038 673 1171 703 Caelum
1181 673 1219 702 sit
1231 673 1364 703 Caelum
1374 682 1413 702 ex
1425 673 1541 703 Divino
1550 674 1638 711 quod
1646 674 1818 711 procedite.

327 720 468 749 Domino
482 729 513 750 n.
529 721 634 759 7—12.)
686 710 800 751 Inde
818 719 1032 752 constare
1050 717 1206 764 potest
1224 712 1330 765 quid
1351 712 1396 752 in
1414 711 1572 753 Verbo
1592 713 1814 766 intelligi-

327 777 398 810 tur
420 784 499 824 per
524 771 743 812 “Patrem
765 772 809 813 in
834 771 1021 822 Caelis,”
1044 778 1089 813 et
1108 786 1186 826 per
1210 772 1430 814 “Patrem
1448 772 1706 815 Caelestem
1723 773 1817 815 :’'-—

329 832 395 874 Ut
417 833 536 887 apud
560 833 855 884 Matthaeum,

389 928 595 962 Benefacite
612 930 778 970 inimicis,
798 932 820 946 ‘⁸
836 934 874 962 ut
890 929 967 962 sitis
985 930 1045 962 filii
1065 929 1180 963 Patris
1197 930 1307 963 vestri
1324 931 1383 974 qui
1399 931 1435 967 in
1453 931 1561 964 caelis
1573 930 1593 944 ”
1609 930 1656 973 (v,
1669 940 1723 972 44,
1737 930 1814 973 45);

325 1003 443 1057 apud
469 1004 677 1054 eundem,

429 1081 451 1094 ¹¹
463 1079 545 1112 Sitis
562 1079 721 1121 perfecti,
742 1082 831 1114 sicut
850 1081 955 1114 Pater
971 1088 1090 1115 vester
1106 1083 1141 1115 in
1158 1082 1264 1115 caelis
1281 1088 1336 1116 est
1351 1081 1530 1125 perfectus
1540 1083 1559 1097 ”
1575 1083 1621 1126 (v.
1635 1083 1712 1126 48);

324 1155 442 1209 apud
469 1156 676 1206 eundem,

393 1235 500 1268 “Vos
517 1237 575 1278 qui
593 1236 676 1269 mali
692 1237 790 1275 estis,
811 1238 925 1270 nostis
942 1239 1038 1270 bona
1053 1238 1137 1271 dare
1154 1238 1274 1272 liberis
1292 1239 1440 1277 vestris;
1465 1246 1599 1281 quanto
1616 1241 1730 1282 magis
1749 1240 1817 1282 Pa<

498 1285 554 1364 tlelr)
567 1286 686 1340 yester
702 1281 761 1323 qui
778 1287 833 1314 est
849 1281 885 1313 in
902 1281 1011 1314 caelis
1027 1282 1124 1315 dabit
1141 1283 1236 1314 bona
1252 1283 1294 1315 iis
1312 1283 1370 1325 qui
1387 1289 1513 1324 petunt
1535 1284 1581 1316 ab
1606 1283 1690 1325 Ipso
1701 1283 1720 1296 ”
1736 1283 1810 1343 (vii.

567 1348 575 1362 1

324 1399 443 1452 apud
469 1399 677 1449 eundem,

392 1480 414 1493 ‘¹
426 1478 573 1512 Faciens
588 1480 811 1565 'uoluntatfm
831 1479 946 1513 Patris
963 1481 1022 1523 qui
1045 1486 1100 1514 est
1116 1481 1152 1513 in
1169 1481 1287 1520 caelis,
1307 1480 1454 1514 intrabit
1476 1481 1513 1514 in
1530 1491 1679 1524 regnum
1696 1482 1812 1515 caelo-

498 1533 576 1555 rum
636 1533 694 1556 vu.
710 1531 747 1555 21
777 1533 784 1563 ;

323 1599 443 1653 apud
469 1599 678 1650 eundem,

390 1681 412 1694 ‘⁴
424 1679 551 1764 Omni3
568 1680 754 1721 plantatio,
769 1690 874 1723 quam
891 1691 964 1713 non
982 1681 1156 1723 plantavit
1175 1681 1279 1714 Pater
1293 1681 1479 1721 Caelestis,
1495 1682 1693 1716 eradicatur
1702 1681 1722 1696 ”
1735 1681 1808 1723 (xv-

498 1731 537 1763 13
555 1747 563 1756 .

323 1797 386 1841 Et
396 1796 648 1853 'praeterea
673 1799 779 1842 alibi

386 1878 450 1919 (Ut
466 1879 597 1912 Matth.
611 1889 645 1912 v.
661 1880 722 1919 163
746 1889 823 1921 cap.
840 1880 888 1913 vi.
904 1888 934 1919 1,
947 1880 979 1919 6,
994 1881 1013 1912 8
1027 1890 1034 1919 ;
1058 1890 1134 1922 cap.
1149 1881 1209 1914 xii.
1225 1878 1320 1921 1¹]5o;
1352 1890 1427 1923 cap.
1441 1881 1511 1915 xvi.
1528 1887 1568 1921 17
1582 1890 1590 1921 ;
1621 1890 1697 1923 cap.
1710 1881 1807 1915 xviii.

497 1931 547 1962 14,
562 1931 613 1964 19,
629 1931 690 1963 35:
715 1924 829 1956 Marc.
843 1924 890 1957 xi.
905 1931 957 1964 25.
975 1925 1036 1957 26:
1061 1925 1146 1958 Luc.
1160 1925 1207 1958 xi.
1223 1925 1286 1966 13).

322 2008 455 2063 Quod
479 2010 693 2053 Divinum
716 2011 892 2053 Bonum
914 2011 1197 2066 intelligatur
1214 2027 1293 2066 per
1321 2011 1580 2062 “Patrem,''
1598 2018 1810 2055 constare

321 2074 459 2114 etiam
485 2079 640 2126 potest
666 2087 726 2115 ex
752 2074 838 2115 hoc
865 2075 983 2128 apud
1008 2074 1320 2118 Matthaeum:

388 2161 410 2174 ‘⁸
423 2159 477 2192 Ne
497 2162 738 2193 contemnatis
758 2162 867 2193 ullum
889 2172 934 2193 ex
957 2163 1094 2203 pusillis
1118 2163 1184 2201 his,
1208 2173 1290 2194 nam
1313 2163 1431 2204 angeli
1456 2173 1594 2196 eorum.
1610 2189 1617 2196 .
1630 2189 1638 2196 .
1653 2174 1810 2206 .semper

492 2204 615 2236 vident
631 2204 760 2237 faciem
780 2205 896 2237 Patris
913 2206 983 2237 mei
1000 2207 1058 2247 qui
1076 2207 1111 2238 in
1129 2207 1238 2238 caelis
1255 2213 1309 2238 est
1319 2206 1337 2219 '¹
1355 2207 1463 2247 (xviii.
1482 2208 1552 2248 10):

319 2282 439 2345 quod
456 2295 483 2313 ‘⁴
494 2292 679 2334 videant
693 2293 852 2334 faciem
868 2294 1012 2335 Patris
1028 2295 1101 2348 qui
1116 2295 1158 2336 in
1175 2295 1310 2336 caelis
1325 2295 1434 2345 est,’'
1449 2296 1672 2350 significat
1687 2297 1808 2352 quod

318 2355 537 2408 recipiant
575 2355 788 2397 Divinum
833 2356 1009 2397 Bonum
1047 2371 1074 2398 a
1117 2357 1344 2410 Domino;
1390 2359 1511 2413 quod
1553 2372 1644 2400 non
1681 2360 1807 2402 vide-

318 2423 398 2459 ant
429 2417 588 2459 faciem
621 2418 780 2472 Ipsius,
814 2425 1000 2461 constat
1032 2434 1058 2461 a
1091 2419 1275 2462 Domini
1305 2421 1453 2463 verbis
1483 2422 1603 2476 apud
1628 2421 1807 2471 Jolzan-

320 2493 429 2529 nem,

465 2570 607 2602 Patrem
626 2580 734 2603 nemo
750 2571 839 2603 vidit
854 2582 1005 2614 usquam
1022 2572 1058 2613 (i.
1078 2573 1116 2605 18
1131 2582 1139 2613 ;
1163 2583 1240 2615 cap.
1256 2583 1290 2607 v.
1307 2582 1370 2614 37;
1394 2584 1470 2616 cap.
1484 2575 1531 2608 vi.
1548 2572 1650 2616 [²146).

319 2661 447 2702 Idem
473 2668 683 2703 constare
708 2669 864 2717 potest
890 2677 949 2705 ex
974 2663 1062 2705 hoc
1088 2664 1207 2718 apud
1230 2664 1523 2716 Matthaeum,

386 2756 408 2770 ¹·
421 2755 625 2830 Patremrne
642 2757 952 2842 vqf‘gtisffesgmm
971 2757 1006 2789 in
1024 2763 1128 2797 terra,
1147 2768 1241 2791 unus
1258 2768 1410 2801 namque
1429 2759 1535 2792 Pater
1551 2765 1670 2792 vester
1686 2760 1745 2803 qui
1768 2761 1805 2793 in

492 2808 598 2830 cae1s
615 2805 670 2831 est
727 2801 822 2833 xxui.
840 2810 861 2842 9
886 2810 894 2841 ;

317 2885 437 2946 quod
463 2892 630 2933 nemini
655 2892 944 2935 interdictum
973 2895 1030 2936 sit
1057 2901 1234 2949 patrem
1260 2908 1387 2937 suum
1418 2896 1464 2937 in
1494 2902 1616 2938 terra
1638 2909 1803 2939 vocare

320 2955 575 3009 “patrem,'’
605 2962 761 3010 patet;
807 2970 889 2998 nec
924 2958 967 2998 id
1001 2972 1028 2999 a
1062 2957 1259 3000 Domino
1288 2958 1359 3000 hic
1393 2959 1690 3012 interdicitur.
1721 2959 1802 3001 sed
