<?xml version="1.0" encoding="UTF-8"?>
<!DOCTYPE html PUBLIC "-//W3C//DTD XHTML 1.0 Transitional//EN"
    "http://www.w3.org/TR/xhtml1/DTD/xhtml1-transitional.dtd">
<html xmlns="http://www.w3.org/1999/xhtml" xml:lang="en" lang="en">
 <head>
  <title>
</title>
<meta http-equiv="Content-Type" content="text/html;charset=utf-8" />
  <meta name='ocr-system' content='tesseract 3.04.00' />
  <meta name='ocr-capabilities' content='ocr_page ocr_carea ocr_par ocr_line ocrx_word'/>
</head>
<body>
  <div class='ocr_page' id='page_1' title='image "apocalypsisexpli01sweduoft_0103.png"; bbox 0 0 2060 3476; ppageno 0'>
   <div class='ocr_carea' id='block_1_1' title="bbox 900 304 932 316">
    <p class='ocr_par' dir='ltr' id='par_1_1' title="bbox 900 304 932 316">
     <span class='ocr_line' id='line_1_1' title="bbox 900 304 932 316; baseline 0 0"><span class='ocrx_word' id='word_1_1' title='bbox 900 304 932 316; x_wconf 47' lang='grc' dir='ltr'><em>κ</em></span> 
     </span>
    </p>
   </div>
   <div class='ocr_carea' id='block_1_2' title="bbox 683 363 1753 416">
    <p class='ocr_par' dir='ltr' id='par_1_2' title="bbox 683 363 1753 416">
     <span class='ocr_line' id='line_1_2' title="bbox 683 363 1753 416; baseline 0.002 -13"><span class='ocrx_word' id='word_1_2' title='bbox 683 369 793 404; x_wconf 84' lang='lat' dir='ltr'><strong>CAP.</strong></span> <span class='ocrx_word' id='word_1_3' title='bbox 815 372 860 413; x_wconf 93' lang='lat'>1.,</span> <span class='ocrx_word' id='word_1_4' title='bbox 883 370 1023 404; x_wconf 83' lang='lat' dir='ltr'>VERs.</span> <span class='ocrx_word' id='word_1_5' title='bbox 1051 363 1222 404; x_wconf 84' lang='lat' dir='ltr'>18.--N.</span> <span class='ocrx_word' id='word_1_6' title='bbox 1246 364 1312 416; x_wconf 92' lang='lat'>83.</span> <span class='ocrx_word' id='word_1_7' title='bbox 1697 373 1753 416; x_wconf 89' lang='lat'>97</span> 
     </span>
    </p>
   </div>
   <div class='ocr_carea' id='block_1_3' title="bbox 430 472 1750 570">
    <p class='ocr_par' dir='ltr' id='par_1_3' title="bbox 430 472 1750 570">
     <span class='ocr_line' id='line_1_3' title="bbox 430 472 1750 526; baseline -0.002 -7"><span class='ocrx_word' id='word_1_8' title='bbox 430 492 518 524; x_wconf 87' lang='lat' dir='ltr'>etur,</span> <span class='ocrx_word' id='word_1_9' title='bbox 545 491 582 518; x_wconf 89' lang='lat' dir='ltr'>et</span> <span class='ocrx_word' id='word_1_10' title='bbox 604 492 843 526; x_wconf 77' lang='lat' dir='ltr'>conspuetur:</span> <span class='ocrx_word' id='word_1_11' title='bbox 871 490 907 517; x_wconf 92' lang='lat' dir='ltr'>et</span> <span class='ocrx_word' id='word_1_12' title='bbox 929 490 1120 526; x_wconf 86' lang='lat' dir='ltr'>postquam</span> <span class='ocrx_word' id='word_1_13' title='bbox 1146 484 1252 516; x_wconf 90' lang='lat' dir='ltr'>Illum</span> <span class='ocrx_word' id='word_1_14' title='bbox 1274 472 1548 525; x_wconf 59' lang='lat' dir='ltr'>flagellaverint,</span> <span class='ocrx_word' id='word_1_15' title='bbox 1576 484 1750 522; x_wconf 82' lang='lat' dir='ltr'>occident.</span> 
     </span>
     <span class='ocr_line' id='line_1_4' title="bbox 431 528 1182 570; baseline -0.004 -7"><span class='ocrx_word' id='word_1_16' title='bbox 431 531 495 563; x_wconf 89' lang='lat' dir='ltr'>sed</span> <span class='ocrx_word' id='word_1_17' title='bbox 511 530 615 562; x_wconf 85' lang='lat' dir='ltr'>tertia</span> <span class='ocrx_word' id='word_1_18' title='bbox 630 530 686 562; x_wconf 90' lang='lat' dir='ltr'>die</span> <span class='ocrx_word' id='word_1_19' title='bbox 704 535 866 570; x_wconf 88' lang='lat' dir='ltr'>resurget</span> <span class='ocrx_word' id='word_1_20' title='bbox 876 529 894 541; x_wconf 88' lang='lat'>’&#39;</span> <span class='ocrx_word' id='word_1_21' title='bbox 911 529 1022 570; x_wconf 90' lang='lat' dir='ltr'>(xviii.</span> <span class='ocrx_word' id='word_1_22' title='bbox 1039 528 1182 569; x_wconf 87' lang='lat'>31-33):</span> 
     </span>
    </p>
   </div>
   <div class='ocr_carea' id='block_1_4' title="bbox 257 623 1763 1326">
    <p class='ocr_par' dir='ltr' id='par_1_4' title="bbox 257 623 1760 1246">
     <span class='ocr_line' id='line_1_5' title="bbox 257 623 1757 681; baseline -0.003 -12"><span class='ocrx_word' id='word_1_23' title='bbox 257 626 435 681; x_wconf 85' lang='lat' dir='ltr'>singula</span> <span class='ocrx_word' id='word_1_24' title='bbox 469 625 582 667; x_wconf 90' lang='lat' dir='ltr'>haec</span> <span class='ocrx_word' id='word_1_25' title='bbox 615 624 874 679; x_wconf 88' lang='lat' dir='ltr'>significant</span> <span class='ocrx_word' id='word_1_26' title='bbox 905 624 1136 679; x_wconf 93' lang='lat' dir='ltr'>quomodo</span> <span class='ocrx_word' id='word_1_27' title='bbox 1168 624 1382 665; x_wconf 89' lang='lat' dir='ltr'>Divinum</span> <span class='ocrx_word' id='word_1_28' title='bbox 1414 623 1602 673; x_wconf 84' lang='lat' dir='ltr'>Verum,</span> <span class='ocrx_word' id='word_1_29' title='bbox 1635 623 1757 678; x_wconf 90' lang='lat' dir='ltr'>quod</span> 
     </span>
     <span class='ocr_line' id='line_1_6' title="bbox 257 686 1757 741; baseline -0.001 -10"><span class='ocrx_word' id='word_1_30' title='bbox 257 697 355 732; x_wconf 89' lang='lat' dir='ltr'>erat</span> <span class='ocrx_word' id='word_1_31' title='bbox 386 704 446 731; x_wconf 87' lang='lat' dir='ltr'>ex</span> <span class='ocrx_word' id='word_1_32' title='bbox 478 688 650 738; x_wconf 89' lang='lat' dir='ltr'>Verbo,</span> <span class='ocrx_word' id='word_1_33' title='bbox 678 687 1016 739; x_wconf 67' lang='lat' dir='ltr'>tractaverunt;</span> <span class='ocrx_word' id='word_1_34' title='bbox 1052 686 1446 741; x_wconf 86' lang='lat' dir='ltr'>“Hierosolyma&#39;&#39;</span> <span class='ocrx_word' id='word_1_35' title='bbox 1470 688 1530 728; x_wconf 93' lang='lat' dir='ltr'>ibi</span> <span class='ocrx_word' id='word_1_36' title='bbox 1562 693 1633 729; x_wconf 92' lang='lat' dir='ltr'>est</span> <span class='ocrx_word' id='word_1_37' title='bbox 1665 687 1757 729; x_wconf 90' lang='lat' dir='ltr'>Ec-</span> 
     </span>
     <span class='ocr_line' id='line_1_7' title="bbox 258 750 1756 806; baseline -0.002 -12"><span class='ocrx_word' id='word_1_38' title='bbox 258 753 396 794; x_wconf 86' lang='lat' dir='ltr'>clesia</span> <span class='ocrx_word' id='word_1_39' title='bbox 425 753 639 806; x_wconf 88' lang='lat' dir='ltr'>Judaica;</span> <span class='ocrx_word' id='word_1_40' title='bbox 681 752 837 793; x_wconf 89' lang='lat' dir='ltr'>“tradi</span> <span class='ocrx_word' id='word_1_41' title='bbox 868 751 1096 805; x_wconf 85' lang='lat' dir='ltr'>gentibus,</span> <span class='ocrx_word' id='word_1_42' title='bbox 1130 751 1273 801; x_wconf 70' lang='lat' dir='ltr'>illudi„</span> <span class='ocrx_word' id='word_1_43' title='bbox 1304 751 1592 792; x_wconf 88' lang='lat' dir='ltr'>contumeliis</span> <span class='ocrx_word' id='word_1_44' title='bbox 1623 750 1756 800; x_wconf 88' lang='lat' dir='ltr'>affici,</span> 
     </span>
     <span class='ocr_line' id='line_1_8' title="bbox 258 814 1757 870; baseline -0.002 -12"><span class='ocrx_word' id='word_1_45' title='bbox 258 817 471 870; x_wconf 52' lang='lat' dir='ltr'>conspui,</span> <span class='ocrx_word' id='word_1_46' title='bbox 489 815 722 869; x_wconf 83' lang='lat' dir='ltr'>flagellari,</span> <span class='ocrx_word' id='word_1_47' title='bbox 747 814 933 864; x_wconf 86' lang='lat' dir='ltr'>occidi‚”</span> <span class='ocrx_word' id='word_1_48' title='bbox 955 821 1060 855; x_wconf 90' lang='lat' dir='ltr'>sunt</span> <span class='ocrx_word' id='word_1_49' title='bbox 1087 814 1269 855; x_wconf 85' lang='lat' dir='ltr'>nefandi</span> <span class='ocrx_word' id='word_1_50' title='bbox 1295 815 1418 855; x_wconf 88' lang='lat' dir='ltr'>modi</span> <span class='ocrx_word' id='word_1_51' title='bbox 1444 815 1603 868; x_wconf 87' lang='lat' dir='ltr'>quibus</span> <span class='ocrx_word' id='word_1_52' title='bbox 1630 814 1757 855; x_wconf 86' lang='lat' dir='ltr'>Divi-</span> 
     </span>
     <span class='ocr_line' id='line_1_9' title="bbox 258 877 1758 932; baseline -0.001 -12"><span class='ocrx_word' id='word_1_53' title='bbox 258 893 366 920; x_wconf 90' lang='lat' dir='ltr'>num</span> <span class='ocrx_word' id='word_1_54' title='bbox 397 879 569 920; x_wconf 92' lang='lat' dir='ltr'>Verum</span> <span class='ocrx_word' id='word_1_55' title='bbox 606 877 944 929; x_wconf 61' lang='lat' dir='ltr'>tractaverunt;</span> <span class='ocrx_word' id='word_1_56' title='bbox 986 884 1033 920; x_wconf 93' lang='lat' dir='ltr'>et</span> <span class='ocrx_word' id='word_1_57' title='bbox 1065 878 1168 932; x_wconf 91' lang='lat' dir='ltr'>quia</span> <span class='ocrx_word' id='word_1_58' title='bbox 1206 877 1429 919; x_wconf 88' lang='lat' dir='ltr'>Dominus</span> <span class='ocrx_word' id='word_1_59' title='bbox 1466 884 1564 919; x_wconf 84' lang='lat' dir='ltr'>erat</span> <span class='ocrx_word' id='word_1_60' title='bbox 1602 877 1758 931; x_wconf 87' lang='lat' dir='ltr'>Ipsum</span> 
     </span>
     <span class='ocr_line' id='line_1_10' title="bbox 260 939 1759 997; baseline -0.001 -13"><span class='ocrx_word' id='word_1_61' title='bbox 260 943 473 984; x_wconf 89' lang='lat' dir='ltr'>Divinum</span> <span class='ocrx_word' id='word_1_62' title='bbox 500 942 686 992; x_wconf 91' lang='lat' dir='ltr'>Verum,</span> <span class='ocrx_word' id='word_1_63' title='bbox 715 943 818 997; x_wconf 91' lang='lat' dir='ltr'>quia</span> <span class='ocrx_word' id='word_1_64' title='bbox 844 941 1048 983; x_wconf 82' lang='lat' dir='ltr'>Verbum</span> <span class='ocrx_word' id='word_1_65' title='bbox 1077 940 1205 995; x_wconf 76' lang='lat' dir='ltr'><em>(Joh.</em></span> <span class='ocrx_word' id='word_1_66' title='bbox 1232 942 1258 982; x_wconf 94' lang='lat' dir='ltr'>i.</span> <span class='ocrx_word' id='word_1_67' title='bbox 1290 940 1376 995; x_wconf 85' lang='lat'>14),</span> <span class='ocrx_word' id='word_1_68' title='bbox 1404 948 1452 983; x_wconf 91' lang='lat' dir='ltr'>et</span> <span class='ocrx_word' id='word_1_69' title='bbox 1478 939 1759 995; x_wconf 64' lang='lat' dir='ltr'>praedictum</span> 
     </span>
     <span class='ocr_line' id='line_1_11' title="bbox 259 1004 1757 1061; baseline -0.002 -13"><span class='ocrx_word' id='word_1_70' title='bbox 259 1013 331 1049; x_wconf 87' lang='lat' dir='ltr'>est</span> <span class='ocrx_word' id='word_1_71' title='bbox 354 1007 472 1061; x_wconf 89' lang='lat' dir='ltr'>apud</span> <span class='ocrx_word' id='word_1_72' title='bbox 495 1006 744 1060; x_wconf 88' lang='lat' dir='ltr'>prophetas</span> <span class='ocrx_word' id='word_1_73' title='bbox 766 1006 887 1060; x_wconf 91' lang='lat' dir='ltr'>quod</span> <span class='ocrx_word' id='word_1_74' title='bbox 912 1006 957 1046; x_wconf 94' lang='lat' dir='ltr'>id</span> <span class='ocrx_word' id='word_1_75' title='bbox 982 1006 1027 1047; x_wconf 91' lang='lat' dir='ltr'>in</span> <span class='ocrx_word' id='word_1_76' title='bbox 1050 1005 1138 1046; x_wconf 87' lang='lat' dir='ltr'>fine</span> <span class='ocrx_word' id='word_1_77' title='bbox 1160 1005 1382 1046; x_wconf 91' lang='lat' dir='ltr'>ecclesiae</span> <span class='ocrx_word' id='word_1_78' title='bbox 1404 1006 1469 1046; x_wconf 92' lang='lat' dir='ltr'>ita</span> <span class='ocrx_word' id='word_1_79' title='bbox 1486 1004 1757 1053; x_wconf 86' lang='lat' dir='ltr'>afficeretur,</span> 
     </span>
     <span class='ocr_line' id='line_1_12' title="bbox 259 1066 1760 1123; baseline -0.002 -12"><span class='ocrx_word' id='word_1_80' title='bbox 259 1071 363 1112; x_wconf 93' lang='lat' dir='ltr'>ideo</span> <span class='ocrx_word' id='word_1_81' title='bbox 394 1070 569 1119; x_wconf 78' lang='lat' dir='ltr'>dicitur,</span> <span class='ocrx_word' id='word_1_82' title='bbox 607 1072 694 1110; x_wconf 91' lang='lat' dir='ltr'>“ut</span> <span class='ocrx_word' id='word_1_83' title='bbox 731 1069 1019 1123; x_wconf 89' lang='lat' dir='ltr'>perficiantur</span> <span class='ocrx_word' id='word_1_84' title='bbox 1054 1069 1207 1110; x_wconf 89' lang='lat' dir='ltr'>omnia</span> <span class='ocrx_word' id='word_1_85' title='bbox 1237 1082 1351 1122; x_wconf 90' lang='lat' dir='ltr'>quae</span> <span class='ocrx_word' id='word_1_86' title='bbox 1387 1066 1619 1122; x_wconf 65' lang='lat' dir='ltr'>praedicta</span> <span class='ocrx_word' id='word_1_87' title='bbox 1654 1074 1760 1108; x_wconf 91' lang='lat' dir='ltr'>sunt</span> 
     </span>
     <span class='ocr_line' id='line_1_13' title="bbox 261 1130 1759 1188; baseline -0.001 -14"><span class='ocrx_word' id='word_1_88' title='bbox 261 1147 340 1188; x_wconf 86' lang='lat' dir='ltr'>per</span> <span class='ocrx_word' id='word_1_89' title='bbox 361 1132 609 1187; x_wconf 88' lang='lat' dir='ltr'>prophetas</span> <span class='ocrx_word' id='word_1_90' title='bbox 631 1133 687 1174; x_wconf 94' lang='lat' dir='ltr'>de</span> <span class='ocrx_word' id='word_1_91' title='bbox 711 1132 828 1173; x_wconf 89' lang='lat' dir='ltr'>Filio</span> <span class='ocrx_word' id='word_1_92' title='bbox 849 1131 1082 1173; x_wconf 88' lang='lat' dir='ltr'>hominis.&#39;’</span> <span class='ocrx_word' id='word_1_93' title='bbox 1142 1131 1359 1173; x_wconf 85' lang='lat' dir='ltr'>Similiter</span> <span class='ocrx_word' id='word_1_94' title='bbox 1380 1131 1486 1172; x_wconf 88' lang='lat' dir='ltr'>alibi</span> <span class='ocrx_word' id='word_1_95' title='bbox 1508 1130 1627 1185; x_wconf 90' lang='lat' dir='ltr'>apud</span> <span class='ocrx_word' id='word_1_96' title='bbox 1650 1144 1759 1172; x_wconf 90' lang='lat' dir='ltr'>eun-</span> 
     </span>
     <span class='ocr_line' id='line_1_14' title="bbox 262 1197 933 1246; baseline -0.003 -8"><span class='ocrx_word' id='word_1_97' title='bbox 262 1197 380 1246; x_wconf 90' lang='lat' dir='ltr'>dem,</span> <span class='ocrx_word' id='word_1_98' title='bbox 930 1213 933 1217; x_wconf 62' lang='grc'>’</span> 
     </span>
    </p>

    <p class='ocr_par' dir='ltr' id='par_1_5' title="bbox 330 1284 1763 1326">
     <span class='ocr_line' id='line_1_15' title="bbox 330 1284 1763 1326; baseline -0.001 -9"><span class='ocrx_word' id='word_1_99' title='bbox 330 1287 352 1301; x_wconf 90' lang='lat'>“</span> <span class='ocrx_word' id='word_1_100' title='bbox 366 1285 466 1317; x_wconf 90' lang='lat' dir='ltr'>Haec</span> <span class='ocrx_word' id='word_1_101' title='bbox 482 1291 566 1317; x_wconf 92' lang='lat' dir='ltr'>sunt</span> <span class='ocrx_word' id='word_1_102' title='bbox 582 1295 672 1326; x_wconf 87' lang='lat' dir='ltr'>quae</span> <span class='ocrx_word' id='word_1_103' title='bbox 696 1285 836 1316; x_wconf 91' lang='lat' dir='ltr'>locutus</span> <span class='ocrx_word' id='word_1_104' title='bbox 860 1295 939 1316; x_wconf 89' lang='lat' dir='ltr'>sum</span> <span class='ocrx_word' id='word_1_105' title='bbox 957 1285 1072 1323; x_wconf 86' lang='lat' dir='ltr'>vobis,</span> <span class='ocrx_word' id='word_1_106' title='bbox 1093 1294 1172 1316; x_wconf 90' lang='lat' dir='ltr'>cum</span> <span class='ocrx_word' id='word_1_107' title='bbox 1190 1284 1306 1316; x_wconf 87' lang='lat' dir='ltr'>adhuc</span> <span class='ocrx_word' id='word_1_108' title='bbox 1322 1294 1419 1316; x_wconf 90' lang='lat' dir='ltr'>eram</span> <span class='ocrx_word' id='word_1_109' title='bbox 1437 1284 1635 1322; x_wconf 89' lang='lat' dir='ltr'>vobiscum,</span> <span class='ocrx_word' id='word_1_110' title='bbox 1656 1293 1763 1325; x_wconf 85' lang='lat' dir='ltr'>opor-</span> 
     </span>
    </p>
   </div>
   <div class='ocr_carea' id='block_1_5' title="bbox 436 1328 1759 1413">
    <p class='ocr_par' dir='ltr' id='par_1_6' title="bbox 436 1328 1759 1413">
     <span class='ocr_line' id='line_1_16' title="bbox 436 1328 1759 1370; baseline -0.002 -8"><span class='ocrx_word' id='word_1_111' title='bbox 436 1336 510 1362; x_wconf 88' lang='lat' dir='ltr'>tere</span> <span class='ocrx_word' id='word_1_112' title='bbox 527 1329 668 1370; x_wconf 87' lang='lat' dir='ltr'>impleri</span> <span class='ocrx_word' id='word_1_113' title='bbox 684 1329 807 1360; x_wconf 87' lang='lat' dir='ltr'>omnia</span> <span class='ocrx_word' id='word_1_114' title='bbox 823 1339 914 1370; x_wconf 91' lang='lat' dir='ltr'>quae</span> <span class='ocrx_word' id='word_1_115' title='bbox 931 1329 1063 1369; x_wconf 91' lang='lat' dir='ltr'>scripta</span> <span class='ocrx_word' id='word_1_116' title='bbox 1079 1334 1163 1360; x_wconf 89' lang='lat' dir='ltr'>sunt</span> <span class='ocrx_word' id='word_1_117' title='bbox 1179 1329 1216 1360; x_wconf 90' lang='lat' dir='ltr'>in</span> <span class='ocrx_word' id='word_1_118' title='bbox 1242 1328 1337 1369; x_wconf 88' lang='lat' dir='ltr'>Lege</span> <span class='ocrx_word' id='word_1_119' title='bbox 1356 1328 1483 1367; x_wconf 86' lang='lat' dir='ltr'>Mosis‚</span> <span class='ocrx_word' id='word_1_120' title='bbox 1503 1334 1540 1360; x_wconf 89' lang='lat' dir='ltr'>et</span> <span class='ocrx_word' id='word_1_121' title='bbox 1558 1328 1759 1369; x_wconf 85' lang='lat' dir='ltr'>Prophetis,</span> 
     </span>
     <span class='ocr_line' id='line_1_17' title="bbox 436 1372 1075 1413; baseline -0.003 -7"><span class='ocrx_word' id='word_1_122' title='bbox 436 1380 471 1406; x_wconf 91' lang='lat' dir='ltr'>et</span> <span class='ocrx_word' id='word_1_123' title='bbox 488 1374 523 1405; x_wconf 90' lang='lat' dir='ltr'>in</span> <span class='ocrx_word' id='word_1_124' title='bbox 543 1374 695 1405; x_wconf 87' lang='lat' dir='ltr'>Psalmis</span> <span class='ocrx_word' id='word_1_125' title='bbox 712 1373 756 1405; x_wconf 92' lang='lat' dir='ltr'>de</span> <span class='ocrx_word' id='word_1_126' title='bbox 775 1373 835 1404; x_wconf 91' lang='lat' dir='ltr'>Me</span> <span class='ocrx_word' id='word_1_127' title='bbox 847 1373 865 1384; x_wconf 83' lang='lat'>&#39;¹</span> <span class='ocrx_word' id='word_1_128' title='bbox 882 1372 990 1413; x_wconf 88' lang='lat' dir='ltr'>(xxiv.</span> <span class='ocrx_word' id='word_1_129' title='bbox 1008 1374 1075 1412; x_wconf 85' lang='lat'>44).</span> 
     </span>
    </p>
   </div>
   <div class='ocr_carea' id='block_1_6' title="bbox 263 1464 1762 1586">
    <p class='ocr_par' dir='ltr' id='par_1_7' title="bbox 263 1464 1762 1586">
     <span class='ocr_line' id='line_1_18' title="bbox 263 1464 1762 1522; baseline 0 -13"><span class='ocrx_word' id='word_1_130' title='bbox 263 1468 399 1522; x_wconf 82' lang='lat' dir='ltr'>Quod</span> <span class='ocrx_word' id='word_1_131' title='bbox 430 1468 583 1509; x_wconf 90' lang='lat' dir='ltr'>omnia</span> <span class='ocrx_word' id='word_1_132' title='bbox 614 1473 769 1509; x_wconf 86' lang='lat' dir='ltr'><strong>essent</strong></span> <span class='ocrx_word' id='word_1_133' title='bbox 800 1465 998 1521; x_wconf 57' lang='lat' dir='ltr'>peraeta,</span> <span class='ocrx_word' id='word_1_134' title='bbox 1032 1479 1134 1508; x_wconf 89' lang='lat' dir='ltr'>cum</span> <span class='ocrx_word' id='word_1_135' title='bbox 1164 1466 1294 1520; x_wconf 87' lang='lat' dir='ltr'>Jesus</span> <span class='ocrx_word' id='word_1_136' title='bbox 1325 1465 1578 1516; x_wconf 85' lang='lat' dir='ltr'>crucifixus,</span> <span class='ocrx_word' id='word_1_137' title='bbox 1609 1464 1762 1509; x_wconf 70' lang='lat' dir='ltr'>ffldixit</span> 
     </span>
     <span class='ocr_line' id='line_1_19' title="bbox 263 1532 959 1586; baseline -0.003 -13"><span class='ocrx_word' id='word_1_138' title='bbox 263 1532 367 1586; x_wconf 87' lang='lat' dir='ltr'>Ipse</span> <span class='ocrx_word' id='word_1_139' title='bbox 393 1545 494 1573; x_wconf 91' lang='lat' dir='ltr'>cum</span> <span class='ocrx_word' id='word_1_140' title='bbox 521 1537 618 1572; x_wconf 88' lang='lat' dir='ltr'>erat</span> <span class='ocrx_word' id='word_1_141' title='bbox 645 1545 778 1585; x_wconf 89' lang='lat' dir='ltr'>super</span> <span class='ocrx_word' id='word_1_142' title='bbox 803 1543 959 1571; x_wconf 86' lang='lat' dir='ltr'>cruce:</span> 
     </span>
    </p>
   </div>
   <div class='ocr_carea' id='block_1_7' title="bbox 332 1624 1759 1713">
    <p class='ocr_par' dir='ltr' id='par_1_8' title="bbox 332 1624 1759 1713">
     <span class='ocr_line' id='line_1_20' title="bbox 332 1624 1759 1670; baseline 0 -11"><span class='ocrx_word' id='word_1_143' title='bbox 332 1627 456 1660; x_wconf 87' lang='lat' dir='ltr'>“Cum</span> <span class='ocrx_word' id='word_1_144' title='bbox 481 1627 586 1670; x_wconf 92' lang='lat' dir='ltr'>Jesus</span> <span class='ocrx_word' id='word_1_145' title='bbox 610 1628 746 1659; x_wconf 86' lang='lat' dir='ltr'>sciebat</span> <span class='ocrx_word' id='word_1_146' title='bbox 770 1627 865 1668; x_wconf 88' lang='lat' dir='ltr'>quod</span> <span class='ocrx_word' id='word_1_147' title='bbox 889 1626 1012 1658; x_wconf 84' lang='lat' dir='ltr'>omnia</span> <span class='ocrx_word' id='word_1_148' title='bbox 1030 1632 1153 1658; x_wconf 87' lang='lat' dir='ltr'>essent</span> <span class='ocrx_word' id='word_1_149' title='bbox 1176 1624 1332 1667; x_wconf 63' lang='lat' dir='ltr'>peraeta,</span> <span class='ocrx_word' id='word_1_150' title='bbox 1352 1632 1391 1658; x_wconf 91' lang='lat' dir='ltr'>ut</span> <span class='ocrx_word' id='word_1_151' title='bbox 1415 1626 1623 1667; x_wconf 86' lang='lat' dir='ltr'>impleretur</span> <span class='ocrx_word' id='word_1_152' title='bbox 1647 1626 1759 1668; x_wconf 86' lang='lat' dir='ltr'>Scrip-</span> 
     </span>
     <span class='ocr_line' id='line_1_21' title="bbox 438 1670 1086 1713; baseline -0.002 -10"><span class='ocrx_word' id='word_1_153' title='bbox 438 1678 528 1710; x_wconf 88' lang='lat' dir='ltr'>tura,</span> <span class='ocrx_word' id='word_1_154' title='bbox 548 1672 647 1710; x_wconf 85' lang='lat' dir='ltr'>dixit,</span> <span class='ocrx_word' id='word_1_155' title='bbox 669 1671 786 1703; x_wconf 84' lang='lat' dir='ltr'>Sitio”</span> <span class='ocrx_word' id='word_1_156' title='bbox 804 1670 904 1713; x_wconf 80' lang='lat' dir='ltr'>(Jolz.</span> <span class='ocrx_word' id='word_1_157' title='bbox 921 1671 993 1702; x_wconf 85' lang='lat' dir='ltr'>xix.</span> <span class='ocrx_word' id='word_1_158' title='bbox 1011 1671 1086 1710; x_wconf 88' lang='lat'><strong>28);</strong></span> 
     </span>
    </p>
   </div>
   <div class='ocr_carea' id='block_1_8' title="bbox 263 1764 1761 1822">
    <p class='ocr_par' dir='ltr' id='par_1_9' title="bbox 263 1764 1761 1822">
     <span class='ocr_line' id='line_1_22' title="bbox 263 1764 1761 1822; baseline -0.001 -14"><span class='ocrx_word' id='word_1_159' title='bbox 263 1767 385 1822; x_wconf 92' lang='lat' dir='ltr'>quod</span> <span class='ocrx_word' id='word_1_160' title='bbox 414 1766 581 1807; x_wconf 87' lang='lat' dir='ltr'>dixerit</span> <span class='ocrx_word' id='word_1_161' title='bbox 608 1772 716 1807; x_wconf 89' lang='lat' dir='ltr'>tunc</span> <span class='ocrx_word' id='word_1_162' title='bbox 746 1764 939 1815; x_wconf 79' lang='lat' dir='ltr'>“Sitio,”</span> <span class='ocrx_word' id='word_1_163' title='bbox 966 1771 1064 1806; x_wconf 89' lang='lat' dir='ltr'>erat</span> <span class='ocrx_word' id='word_1_164' title='bbox 1091 1765 1194 1819; x_wconf 92' lang='lat' dir='ltr'>quia</span> <span class='ocrx_word' id='word_1_165' title='bbox 1221 1778 1387 1806; x_wconf 88' lang='lat' dir='ltr'>novam</span> <span class='ocrx_word' id='word_1_166' title='bbox 1413 1764 1654 1807; x_wconf 88' lang='lat' dir='ltr'>ecclesiam</span> <span class='ocrx_word' id='word_1_167' title='bbox 1681 1765 1761 1807; x_wconf 91' lang='lat' dir='ltr'>de-</span> 
     </span>
    </p>
   </div>
   <div class='ocr_carea' id='block_1_9' title="bbox 264 1829 1764 1931">
    <p class='ocr_par' dir='ltr' id='par_1_10' title="bbox 264 1829 1764 1931">
     <span class='ocr_line' id='line_1_23' title="bbox 265 1829 1764 1884; baseline -0.003 -12"><span class='ocrx_word' id='word_1_168' title='bbox 265 1830 494 1879; x_wconf 87' lang='lat' dir='ltr'>sideravit,</span> <span class='ocrx_word' id='word_1_169' title='bbox 518 1843 632 1884; x_wconf 89' lang='lat' dir='ltr'>quae</span> <span class='ocrx_word' id='word_1_170' title='bbox 655 1829 809 1883; x_wconf 88' lang='lat' dir='ltr'>Ipsum</span> <span class='ocrx_word' id='word_1_171' title='bbox 831 1835 1118 1882; x_wconf 86' lang='lat' dir='ltr'>agnosceret.</span> <span class='ocrx_word' id='word_1_172' title='bbox 1175 1838 1288 1877; x_wconf 82' lang='lat' dir='ltr'>(Quod</span> <span class='ocrx_word' id='word_1_173' title='bbox 1303 1841 1320 1853; x_wconf 71' lang='lat'>⁸·</span> <span class='ocrx_word' id='word_1_174' title='bbox 1331 1839 1414 1868; x_wconf 80' lang='lat' dir='ltr'>sitire</span> <span class='ocrx_word' id='word_1_175' title='bbox 1424 1839 1441 1848; x_wconf 90' lang='grc'>··</span> <span class='ocrx_word' id='word_1_176' title='bbox 1457 1839 1490 1868; x_wconf 86' lang='lat' dir='ltr'>in</span> <span class='ocrx_word' id='word_1_177' title='bbox 1503 1839 1658 1877; x_wconf 72' lang='lat' dir='ltr'>spin&#39;tuan</span> <span class='ocrx_word' id='word_1_178' title='bbox 1667 1847 1764 1869; x_wconf 86' lang='lat' dir='ltr'>sensu</span> 
     </span>
     <span class='ocr_line' id='line_1_24' title="bbox 264 1891 1762 1931; baseline -0.001 -8"><span class='ocrx_word' id='word_1_179' title='bbox 264 1893 416 1931; x_wconf 89' lang='lat' dir='ltr'>significet</span> <span class='ocrx_word' id='word_1_180' title='bbox 431 1893 618 1928; x_wconf 85' lang='lat' dir='ltr'>desiderare,</span> <span class='ocrx_word' id='word_1_181' title='bbox 634 1897 666 1922; x_wconf 88' lang='lat' dir='ltr'>et</span> <span class='ocrx_word' id='word_1_182' title='bbox 679 1893 768 1930; x_wconf 91' lang='lat' dir='ltr'>quod</span> <span class='ocrx_word' id='word_1_183' title='bbox 782 1892 906 1921; x_wconf 85' lang='lat' dir='ltr'>dicatur</span> <span class='ocrx_word' id='word_1_184' title='bbox 919 1892 959 1921; x_wconf 90' lang='lat' dir='ltr'>de</span> <span class='ocrx_word' id='word_1_185' title='bbox 973 1891 1054 1920; x_wconf 87' lang='lat' dir='ltr'>veris</span> <span class='ocrx_word' id='word_1_186' title='bbox 1068 1891 1227 1926; x_wconf 83' lang='lat' dir='ltr'>ecclesiae,</span> <span class='ocrx_word' id='word_1_187' title='bbox 1243 1891 1388 1920; x_wconf 86' lang='lat' dir='ltr'>videatur</span> <span class='ocrx_word' id='word_1_188' title='bbox 1401 1899 1432 1920; x_wconf 90' lang='lat' dir='ltr'>n.</span> <span class='ocrx_word' id='word_1_189' title='bbox 1447 1893 1538 1929; x_wconf 88' lang='lat'>4958,</span> <span class='ocrx_word' id='word_1_190' title='bbox 1553 1891 1642 1929; x_wconf 85' lang='lat'>4976,</span> <span class='ocrx_word' id='word_1_191' title='bbox 1659 1892 1762 1929; x_wconf 85' lang='grc'>8568.)</span> 
     </span>
    </p>
   </div>
   <div class='ocr_carea' id='block_1_10' title="bbox 264 1937 1761 2046">
    <p class='ocr_par' dir='ltr' id='par_1_11' title="bbox 264 1937 1761 2046">
     <span class='ocr_line' id='line_1_25' title="bbox 267 1937 1761 1995; baseline -0.002 -13"><span class='ocrx_word' id='word_1_192' title='bbox 267 1941 394 1983; x_wconf 90' lang='lat' dir='ltr'>Haec</span> <span class='ocrx_word' id='word_1_193' title='bbox 421 1954 599 1995; x_wconf 91' lang='lat' dir='ltr'>quoque</span> <span class='ocrx_word' id='word_1_194' title='bbox 625 1947 730 1981; x_wconf 89' lang='lat' dir='ltr'>sunt</span> <span class='ocrx_word' id='word_1_195' title='bbox 763 1954 878 1994; x_wconf 91' lang='lat' dir='ltr'>quae</span> <span class='ocrx_word' id='word_1_196' title='bbox 904 1954 930 1980; x_wconf 95' lang='lat' dir='ltr'>a</span> <span class='ocrx_word' id='word_1_197' title='bbox 957 1939 1149 1980; x_wconf 82' lang='lat' dir='ltr'>Daniele</span> <span class='ocrx_word' id='word_1_198' title='bbox 1175 1937 1406 1993; x_wconf 67' lang='lat' dir='ltr'>praedicta</span> <span class='ocrx_word' id='word_1_199' title='bbox 1438 1945 1542 1980; x_wconf 87' lang='lat' dir='ltr'>sunt</span> <span class='ocrx_word' id='word_1_200' title='bbox 1575 1939 1631 1980; x_wconf 95' lang='lat' dir='ltr'>de</span> <span class='ocrx_word' id='word_1_201' title='bbox 1657 1954 1761 1980; x_wconf 86' lang='lat' dir='ltr'>vas-</span> 
     </span>
     <span class='ocr_line' id='line_1_26' title="bbox 264 2003 853 2046; baseline -0.003 0"><span class='ocrx_word' id='word_1_202' title='bbox 264 2005 442 2046; x_wconf 85' lang='lat' dir='ltr'>tatione</span> <span class='ocrx_word' id='word_1_203' title='bbox 467 2010 514 2045; x_wconf 91' lang='lat' dir='ltr'>et</span> <span class='ocrx_word' id='word_1_204' title='bbox 540 2003 853 2045; x_wconf 82' lang='lat' dir='ltr'>desolatione:</span> 
     </span>
    </p>
   </div>
   <div class='ocr_carea' id='block_1_11' title="bbox 334 2098 1764 2318">
    <p class='ocr_par' dir='ltr' id='par_1_12' title="bbox 334 2098 1764 2318">
     <span class='ocr_line' id='line_1_27' title="bbox 334 2098 1763 2142; baseline -0.002 -9"><span class='ocrx_word' id='word_1_205' title='bbox 334 2102 357 2116; x_wconf 80' lang='lat'>‘¹</span> <span class='ocrx_word' id='word_1_206' title='bbox 370 2101 457 2133; x_wconf 93' lang='lat' dir='ltr'>Post</span> <span class='ocrx_word' id='word_1_207' title='bbox 474 2100 695 2142; x_wconf 86' lang='lat' dir='ltr'>septimanas</span> <span class='ocrx_word' id='word_1_208' title='bbox 713 2100 900 2141; x_wconf 85' lang='lat' dir='ltr'>sexaginta</span> <span class='ocrx_word' id='word_1_209' title='bbox 923 2106 958 2132; x_wconf 90' lang='lat' dir='ltr'>et</span> <span class='ocrx_word' id='word_1_210' title='bbox 981 2100 1071 2132; x_wconf 82' lang='lat' dir='ltr'>duas</span> <span class='ocrx_word' id='word_1_211' title='bbox 1091 2099 1274 2131; x_wconf 88' lang='lat' dir='ltr'>excidetur</span> <span class='ocrx_word' id='word_1_212' title='bbox 1292 2098 1457 2137; x_wconf 87' lang='lat' dir='ltr'>Messias,</span> <span class='ocrx_word' id='word_1_213' title='bbox 1478 2098 1542 2131; x_wconf 90' lang='lat' dir='ltr'>sed</span> <span class='ocrx_word' id='word_1_214' title='bbox 1566 2109 1640 2130; x_wconf 92' lang='lat' dir='ltr'>non</span> <span class='ocrx_word' id='word_1_215' title='bbox 1665 2099 1763 2137; x_wconf 88' lang='lat' dir='ltr'>Sibi;</span> 
     </span>
     <span class='ocr_line' id='line_1_28' title="bbox 440 2142 1764 2184; baseline -0.001 -8"><span class='ocrx_word' id='word_1_216' title='bbox 440 2145 569 2176; x_wconf 91' lang='lat' dir='ltr'>deinde</span> <span class='ocrx_word' id='word_1_217' title='bbox 585 2146 709 2176; x_wconf 85' lang='lat' dir='ltr'>urbem</span> <span class='ocrx_word' id='word_1_218' title='bbox 727 2150 762 2176; x_wconf 90' lang='lat' dir='ltr'>et</span> <span class='ocrx_word' id='word_1_219' title='bbox 779 2142 1024 2176; x_wconf 66' lang='lat' dir='ltr'>sanctuarium</span> <span class='ocrx_word' id='word_1_220' title='bbox 1042 2144 1167 2184; x_wconf 87' lang='lat' dir='ltr'>perdet</span> <span class='ocrx_word' id='word_1_221' title='bbox 1183 2143 1338 2184; x_wconf 88' lang='lat' dir='ltr'>populus</span> <span class='ocrx_word' id='word_1_222' title='bbox 1355 2144 1526 2184; x_wconf 90' lang='lat' dir='ltr'>principis</span> <span class='ocrx_word' id='word_1_223' title='bbox 1543 2143 1702 2181; x_wconf 75' lang='lat' dir='ltr'>venturi,</span> <span class='ocrx_word' id='word_1_224' title='bbox 1714 2144 1764 2175; x_wconf 90' lang='lat' dir='ltr'>ita</span> 
     </span>
     <span class='ocr_line' id='line_1_29' title="bbox 438 2188 1763 2229; baseline -0.002 -9"><span class='ocrx_word' id='word_1_225' title='bbox 438 2195 478 2220; x_wconf 94' lang='lat' dir='ltr'>ut</span> <span class='ocrx_word' id='word_1_226' title='bbox 494 2189 575 2220; x_wconf 88' lang='lat' dir='ltr'>finis</span> <span class='ocrx_word' id='word_1_227' title='bbox 592 2188 670 2229; x_wconf 87' lang='lat' dir='ltr'>ejus</span> <span class='ocrx_word' id='word_1_228' title='bbox 684 2198 764 2220; x_wconf 90' lang='lat' dir='ltr'>cum</span> <span class='ocrx_word' id='word_1_229' title='bbox 782 2188 1016 2220; x_wconf 88' lang='lat' dir='ltr'>inundatione</span> <span class='ocrx_word' id='word_1_230' title='bbox 1030 2199 1055 2220; x_wconf 76' lang='lat' dir='ltr'>z.</span> <span class='ocrx_word' id='word_1_231' title='bbox 1069 2212 1077 2220; x_wconf 90' lang='lat'><strong>.</strong></span> <span class='ocrx_word' id='word_1_232' title='bbox 1091 2212 1099 2220; x_wconf 93' lang='lat'><strong>.</strong></span> <span class='ocrx_word' id='word_1_233' title='bbox 1114 2188 1274 2219; x_wconf 91' lang='lat' dir='ltr'>.tandem</span> <span class='ocrx_word' id='word_1_234' title='bbox 1288 2197 1395 2228; x_wconf 87' lang='lat' dir='ltr'>super</span> <span class='ocrx_word' id='word_1_235' title='bbox 1407 2197 1511 2219; x_wconf 90' lang='lat' dir='ltr'>avem</span> <span class='ocrx_word' id='word_1_236' title='bbox 1525 2188 1763 2219; x_wconf 88' lang='lat' dir='ltr'>abominatio-</span> 
     </span>
     <span class='ocr_line' id='line_1_30' title="bbox 441 2231 1764 2273; baseline -0.001 -9"><span class='ocrx_word' id='word_1_237' title='bbox 441 2243 526 2264; x_wconf 91' lang='lat' dir='ltr'>num</span> <span class='ocrx_word' id='word_1_238' title='bbox 544 2233 731 2270; x_wconf 89' lang='lat' dir='ltr'>desolatio,</span> <span class='ocrx_word' id='word_1_239' title='bbox 748 2238 783 2263; x_wconf 93' lang='lat' dir='ltr'>et</span> <span class='ocrx_word' id='word_1_240' title='bbox 798 2242 911 2273; x_wconf 91' lang='lat' dir='ltr'>usque</span> <span class='ocrx_word' id='word_1_241' title='bbox 935 2232 980 2263; x_wconf 90' lang='lat' dir='ltr'>ad</span> <span class='ocrx_word' id='word_1_242' title='bbox 1004 2232 1354 2263; x_wconf 84' lang='lat' dir='ltr'>consummationem</span> <span class='ocrx_word' id='word_1_243' title='bbox 1379 2237 1414 2263; x_wconf 92' lang='lat' dir='ltr'>et</span> <span class='ocrx_word' id='word_1_244' title='bbox 1437 2231 1597 2263; x_wconf 88' lang='lat' dir='ltr'>decisum</span> <span class='ocrx_word' id='word_1_245' title='bbox 1615 2231 1764 2263; x_wconf 89' lang='lat' dir='ltr'>stillabit</span> 
     </span>
     <span class='ocr_line' id='line_1_31' title="bbox 440 2273 1272 2318; baseline 0 -10"><span class='ocrx_word' id='word_1_246' title='bbox 440 2286 547 2317; x_wconf 90' lang='lat' dir='ltr'>super</span> <span class='ocrx_word' id='word_1_247' title='bbox 563 2276 850 2308; x_wconf 86' lang='lat' dir='ltr'>devastationem</span> <span class='ocrx_word' id='word_1_248' title='bbox 862 2275 880 2288; x_wconf 83' lang='grc'><em>”</em></span> <span class='ocrx_word' id='word_1_249' title='bbox 897 2273 1045 2318; x_wconf 89' lang='lat' dir='ltr'>([Dan.]</span> <span class='ocrx_word' id='word_1_250' title='bbox 1060 2276 1108 2308; x_wconf 86' lang='lat' dir='ltr'>ix.</span> <span class='ocrx_word' id='word_1_251' title='bbox 1126 2276 1178 2313; x_wconf 89' lang='lat'>26,</span> <span class='ocrx_word' id='word_1_252' title='bbox 1196 2275 1251 2316; x_wconf 91' lang='lat'>27)</span> <span class='ocrx_word' id='word_1_253' title='bbox 1265 2287 1272 2308; x_wconf 90' lang='lat'>:</span> 
     </span>
    </p>
   </div>
   <div class='ocr_carea' id='block_1_12' title="bbox 265 2370 1766 2665">
    <p class='ocr_par' dir='ltr' id='par_1_13' title="bbox 265 2370 1766 2665">
     <span class='ocr_line' id='line_1_32' title="bbox 268 2370 1762 2424; baseline -0.001 -11"><span class='ocrx_word' id='word_1_254' title='bbox 268 2371 562 2413; x_wconf 90' lang='lat' dir='ltr'>“desolatio&#39;’</span> <span class='ocrx_word' id='word_1_255' title='bbox 603 2377 650 2412; x_wconf 93' lang='lat' dir='ltr'>et</span> <span class='ocrx_word' id='word_1_256' title='bbox 694 2371 933 2412; x_wconf 88' lang='lat' dir='ltr'>“vastatio</span> <span class='ocrx_word' id='word_1_257' title='bbox 945 2370 964 2386; x_wconf 92' lang='lat'>”</span> <span class='ocrx_word' id='word_1_258' title='bbox 1006 2370 1264 2424; x_wconf 87' lang='lat' dir='ltr'>significant</span> <span class='ocrx_word' id='word_1_259' title='bbox 1305 2370 1673 2424; x_wconf 89' lang='lat' dir='ltr'>reprobationem</span> <span class='ocrx_word' id='word_1_260' title='bbox 1715 2376 1762 2411; x_wconf 93' lang='lat' dir='ltr'>et</span> 
     </span>
     <span class='ocr_line' id='line_1_33' title="bbox 265 2433 1766 2489; baseline -0.002 -12"><span class='ocrx_word' id='word_1_261' title='bbox 265 2434 555 2489; x_wconf 70' lang='lat' dir='ltr'>rejeffionem</span> <span class='ocrx_word' id='word_1_262' title='bbox 587 2434 739 2475; x_wconf 88' lang='lat' dir='ltr'>Divini</span> <span class='ocrx_word' id='word_1_263' title='bbox 766 2434 875 2475; x_wconf 90' lang='lat' dir='ltr'>Veri</span> <span class='ocrx_word' id='word_1_264' title='bbox 907 2434 1026 2488; x_wconf 90' lang='lat' dir='ltr'>apud</span> <span class='ocrx_word' id='word_1_265' title='bbox 1058 2433 1161 2475; x_wconf 88' lang='lat' dir='ltr'>illos</span> <span class='ocrx_word' id='word_1_266' title='bbox 1193 2435 1266 2488; x_wconf 92' lang='lat' dir='ltr'>qui</span> <span class='ocrx_word' id='word_1_267' title='bbox 1298 2434 1356 2474; x_wconf 94' lang='lat' dir='ltr'>ab</span> <span class='ocrx_word' id='word_1_268' title='bbox 1387 2433 1580 2474; x_wconf 88' lang='lat' dir='ltr'>ecclesia</span> <span class='ocrx_word' id='word_1_269' title='bbox 1608 2443 1766 2482; x_wconf 79' lang='lat' dir='ltr'>(videatur</span> 
     </span>
     <span class='ocr_line' id='line_1_34' title="bbox 265 2496 1763 2550; baseline -0.001 -12"><span class='ocrx_word' id='word_1_270' title='bbox 265 2518 296 2539; x_wconf 91' lang='lat' dir='ltr'>n.</span> <span class='ocrx_word' id='word_1_271' title='bbox 313 2509 402 2547; x_wconf 85' lang='lat'>5360,</span> <span class='ocrx_word' id='word_1_272' title='bbox 418 2507 524 2547; x_wconf 85' lang='lat'><strong>5376).</strong></span> <span class='ocrx_word' id='word_1_273' title='bbox 588 2496 723 2550; x_wconf 82' lang='lat' dir='ltr'>Quod</span> <span class='ocrx_word' id='word_1_274' title='bbox 750 2497 964 2538; x_wconf 89' lang='lat' dir='ltr'>Divinum</span> <span class='ocrx_word' id='word_1_275' title='bbox 991 2497 1177 2546; x_wconf 91' lang='lat' dir='ltr'>Verum,</span> <span class='ocrx_word' id='word_1_276' title='bbox 1206 2497 1326 2550; x_wconf 92' lang='lat' dir='ltr'>quod</span> <span class='ocrx_word' id='word_1_277' title='bbox 1353 2503 1424 2538; x_wconf 82' lang='lat' dir='ltr'>est</span> <span class='ocrx_word' id='word_1_278' title='bbox 1451 2496 1669 2546; x_wconf 87' lang='lat' dir='ltr'>Verbum,</span> <span class='ocrx_word' id='word_1_279' title='bbox 1697 2498 1763 2538; x_wconf 89' lang='lat' dir='ltr'>ita</span> 
     </span>
     <span class='ocr_line' id='line_1_35' title="bbox 265 2559 1761 2615; baseline -0.001 -12"><span class='ocrx_word' id='word_1_280' title='bbox 265 2561 558 2615; x_wconf 89' lang='lat' dir='ltr'>reprobatum</span> <span class='ocrx_word' id='word_1_281' title='bbox 583 2562 642 2601; x_wconf 86' lang='lat' dir='ltr'>sit</span> <span class='ocrx_word' id='word_1_282' title='bbox 668 2574 694 2601; x_wconf 90' lang='lat' dir='ltr'>a</span> <span class='ocrx_word' id='word_1_283' title='bbox 714 2560 910 2613; x_wconf 88' lang='lat' dir='ltr'>Judaeis,</span> <span class='ocrx_word' id='word_1_284' title='bbox 935 2561 1074 2601; x_wconf 90' lang='lat' dir='ltr'>etiam</span> <span class='ocrx_word' id='word_1_285' title='bbox 1100 2559 1372 2613; x_wconf 86' lang='lat' dir='ltr'>intelligitur</span> <span class='ocrx_word' id='word_1_286' title='bbox 1398 2573 1478 2614; x_wconf 92' lang='lat' dir='ltr'>per</span> <span class='ocrx_word' id='word_1_287' title='bbox 1502 2559 1615 2601; x_wconf 91' lang='lat' dir='ltr'>haec</span> <span class='ocrx_word' id='word_1_288' title='bbox 1642 2559 1761 2614; x_wconf 92' lang='lat' dir='ltr'>apud</span> 
     </span>
     <span class='ocr_line' id='line_1_36' title="bbox 265 2623 580 2665; baseline -0.006 0"><span class='ocrx_word' id='word_1_289' title='bbox 265 2623 549 2665; x_wconf 77' lang='lat' dir='ltr'>Matthaeum</span> <span class='ocrx_word' id='word_1_290' title='bbox 563 2637 580 2663; x_wconf 91' lang='lat'>.·</span> 
     </span>
    </p>
   </div>
   <div class='ocr_carea' id='block_1_13' title="bbox 336 2716 1766 2846">
    <p class='ocr_par' dir='ltr' id='par_1_14' title="bbox 336 2716 1766 2846">
     <span class='ocr_line' id='line_1_37' title="bbox 336 2716 1765 2759; baseline -0.001 -9"><span class='ocrx_word' id='word_1_291' title='bbox 336 2720 359 2733; x_wconf 82' lang='lat'>‘¹</span> <span class='ocrx_word' id='word_1_292' title='bbox 372 2718 461 2750; x_wconf 93' lang='lat' dir='ltr'>Dico</span> <span class='ocrx_word' id='word_1_293' title='bbox 485 2717 602 2756; x_wconf 87' lang='lat' dir='ltr'>vobis,</span> <span class='ocrx_word' id='word_1_294' title='bbox 623 2716 739 2749; x_wconf 89' lang='lat' dir='ltr'>Eliam</span> <span class='ocrx_word' id='word_1_295' title='bbox 763 2716 837 2758; x_wconf 84' lang='lat' dir='ltr'>jam</span> <span class='ocrx_word' id='word_1_296' title='bbox 862 2718 1017 2755; x_wconf 87' lang='lat' dir='ltr'>venisse,</span> <span class='ocrx_word' id='word_1_297' title='bbox 1037 2727 1143 2759; x_wconf 89' lang='lat' dir='ltr'>quem</span> <span class='ocrx_word' id='word_1_298' title='bbox 1166 2727 1239 2749; x_wconf 91' lang='lat' dir='ltr'>non</span> <span class='ocrx_word' id='word_1_299' title='bbox 1256 2723 1494 2758; x_wconf 87' lang='lat' dir='ltr'>agnoverunt,</span> <span class='ocrx_word' id='word_1_300' title='bbox 1514 2717 1578 2749; x_wconf 91' lang='lat' dir='ltr'>sed</span> <span class='ocrx_word' id='word_1_301' title='bbox 1602 2716 1765 2748; x_wconf 79' lang='lat' dir='ltr'>fecerunt</span> 
     </span>
     <span class='ocr_line' id='line_1_38' title="bbox 441 2761 1766 2802; baseline -0.001 -9"><span class='ocrx_word' id='word_1_302' title='bbox 441 2761 473 2793; x_wconf 92' lang='lat' dir='ltr'>ei</span> <span class='ocrx_word' id='word_1_303' title='bbox 490 2771 723 2802; x_wconf 87' lang='lat' dir='ltr'>quaecunque</span> <span class='ocrx_word' id='word_1_304' title='bbox 740 2761 955 2799; x_wconf 74' lang='lat' dir='ltr'>voluerunt:</span> <span class='ocrx_word' id='word_1_305' title='bbox 980 2762 1030 2793; x_wconf 91' lang='lat' dir='ltr'>ita</span> <span class='ocrx_word' id='word_1_306' title='bbox 1049 2761 1207 2793; x_wconf 78' lang='lat' dir='ltr'>futurum</span> <span class='ocrx_word' id='word_1_307' title='bbox 1232 2768 1287 2793; x_wconf 91' lang='lat' dir='ltr'>est</span> <span class='ocrx_word' id='word_1_308' title='bbox 1310 2767 1349 2793; x_wconf 93' lang='lat' dir='ltr'>ut</span> <span class='ocrx_word' id='word_1_309' title='bbox 1375 2761 1484 2793; x_wconf 89' lang='lat' dir='ltr'>Filius</span> <span class='ocrx_word' id='word_1_310' title='bbox 1509 2761 1668 2792; x_wconf 85' lang='lat' dir='ltr'>hominis</span> <span class='ocrx_word' id='word_1_311' title='bbox 1685 2770 1766 2802; x_wconf 86' lang='lat' dir='ltr'>pas-</span> 
     </span>
     <span class='ocr_line' id='line_1_39' title="bbox 441 2804 995 2846; baseline 0.004 -10"><span class='ocrx_word' id='word_1_312' title='bbox 441 2815 544 2837; x_wconf 90' lang='lat' dir='ltr'>surus</span> <span class='ocrx_word' id='word_1_313' title='bbox 563 2805 609 2837; x_wconf 88' lang='lat' dir='ltr'>sit</span> <span class='ocrx_word' id='word_1_314' title='bbox 625 2805 670 2836; x_wconf 89' lang='lat' dir='ltr'>ab</span> <span class='ocrx_word' id='word_1_315' title='bbox 686 2805 756 2837; x_wconf 90' lang='lat' dir='ltr'>illis</span> <span class='ocrx_word' id='word_1_316' title='bbox 767 2804 786 2817; x_wconf 84' lang='lat'>&#39;&#39;</span> <span class='ocrx_word' id='word_1_317' title='bbox 803 2805 901 2845; x_wconf 86' lang='lat' dir='ltr'>(xvii.</span> <span class='ocrx_word' id='word_1_318' title='bbox 920 2804 995 2846; x_wconf 87' lang='lat'>12):</span> 
     </span>
    </p>
   </div>
   <div class='ocr_carea' id='block_1_14' title="bbox 267 2897 1764 3010">
    <p class='ocr_par' dir='ltr' id='par_1_15' title="bbox 267 2897 1764 3010">
     <span class='ocr_line' id='line_1_40' title="bbox 267 2897 1764 2955; baseline -0.003 -14"><span class='ocrx_word' id='word_1_319' title='bbox 267 2914 346 2955; x_wconf 81' lang='lat' dir='ltr'>pel·</span> <span class='ocrx_word' id='word_1_320' title='bbox 379 2898 598 2940; x_wconf 88' lang='lat' dir='ltr'>“Eliam&#39;’</span> <span class='ocrx_word' id='word_1_321' title='bbox 629 2897 909 2952; x_wconf 74' lang='lat' dir='ltr'>significatur</span> <span class='ocrx_word' id='word_1_322' title='bbox 939 2898 1143 2940; x_wconf 82' lang='lat' dir='ltr'>Verbum</span> <span class='ocrx_word' id='word_1_323' title='bbox 1176 2909 1498 2948; x_wconf 80' lang='lat' dir='ltr'>(videaturpraefatio</span> <span class='ocrx_word' id='word_1_324' title='bbox 1511 2910 1552 2939; x_wconf 91' lang='lat' dir='ltr'>ad</span> <span class='ocrx_word' id='word_1_325' title='bbox 1570 2913 1666 2947; x_wconf 87' lang='lat' dir='ltr'>caput</span> <span class='ocrx_word' id='word_1_326' title='bbox 1680 2908 1764 2941; x_wconf 82' lang='lat' dir='ltr'>xviii,</span> 
     </span>
     <span class='ocr_line' id='line_1_41' title="bbox 272 2954 1763 3010; baseline -0.001 -13"><span class='ocrx_word' id='word_1_327' title='bbox 272 2968 389 3003; x_wconf 80' lang='lat' dir='ltr'>Genes..</span> <span class='ocrx_word' id='word_1_328' title='bbox 405 2971 436 2996; x_wconf 85' lang='lat' dir='ltr'>et</span> <span class='ocrx_word' id='word_1_329' title='bbox 449 2976 480 2997; x_wconf 88' lang='lat' dir='ltr'>n.</span> <span class='ocrx_word' id='word_1_330' title='bbox 497 2967 586 3003; x_wconf 85' lang='lat'>2762,</span> <span class='ocrx_word' id='word_1_331' title='bbox 602 2967 722 3006; x_wconf 84' lang='lat'><strong>5247);</strong></span> <span class='ocrx_word' id='word_1_332' title='bbox 755 2961 802 2996; x_wconf 92' lang='lat' dir='ltr'>et</span> <span class='ocrx_word' id='word_1_333' title='bbox 828 2969 1006 3010; x_wconf 91' lang='lat' dir='ltr'>quoque</span> <span class='ocrx_word' id='word_1_334' title='bbox 1032 2969 1111 3010; x_wconf 89' lang='lat' dir='ltr'>per</span> <span class='ocrx_word' id='word_1_335' title='bbox 1135 2955 1427 3009; x_wconf 89' lang='lat' dir='ltr'>“Johannem</span> <span class='ocrx_word' id='word_1_336' title='bbox 1450 2955 1708 3008; x_wconf 88' lang='lat' dir='ltr'>Baptistam</span> <span class='ocrx_word' id='word_1_337' title='bbox 1727 2954 1763 3005; x_wconf 89' lang='grc'>;”</span> 
     </span>
    </p>
   </div>
   <div class='ocr_carea' id='block_1_15' title="bbox 267 3017 1760 3074">
    <p class='ocr_par' dir='ltr' id='par_1_16' title="bbox 267 3017 1760 3074">
     <span class='ocr_line' id='line_1_42' title="bbox 267 3017 1760 3074; baseline -0.002 -14"><span class='ocrx_word' id='word_1_338' title='bbox 267 3033 402 3074; x_wconf 88' lang='lat' dir='ltr'>quare</span> <span class='ocrx_word' id='word_1_339' title='bbox 428 3019 464 3060; x_wconf 88' lang='lat' dir='ltr'>is</span> <span class='ocrx_word' id='word_1_340' title='bbox 490 3017 635 3060; x_wconf 61' lang='lat' dir='ltr'>dietus</span> <span class='ocrx_word' id='word_1_341' title='bbox 661 3024 732 3060; x_wconf 90' lang='lat' dir='ltr'>est</span> <span class='ocrx_word' id='word_1_342' title='bbox 761 3017 925 3060; x_wconf 86' lang='lat' dir='ltr'>“Elias</span> <span class='ocrx_word' id='word_1_343' title='bbox 937 3018 957 3034; x_wconf 92' lang='lat'>’&#39;</span> <span class='ocrx_word' id='word_1_344' title='bbox 984 3028 1028 3069; x_wconf 88' lang='lat' dir='ltr'>(n.</span> <span class='ocrx_word' id='word_1_345' title='bbox 1045 3029 1134 3067; x_wconf 84' lang='lat'>7643,</span> <span class='ocrx_word' id='word_1_346' title='bbox 1151 3027 1292 3068; x_wconf 78' lang='lat'>[²19372).</span> <span class='ocrx_word' id='word_1_347' title='bbox 1355 3018 1467 3059; x_wconf 91' lang='lat' dir='ltr'>Inde</span> <span class='ocrx_word' id='word_1_348' title='bbox 1499 3023 1628 3072; x_wconf 90' lang='lat' dir='ltr'>patet</span> <span class='ocrx_word' id='word_1_349' title='bbox 1655 3017 1760 3071; x_wconf 92' lang='lat' dir='ltr'>quid</span> 
     </span>
    </p>
   </div>
  </div>
 </body>
</html>
