2060 3476
655 362 762 396 CAP.
786 363 850 403 11.,
874 362 1012 394 VERs.
1042 363 1211 395 12.—N.
1240 353 1403 408 13o[a].
1699 356 1773 398 161

283 476 475 518 ecclesia
490 477 532 517 in
551 475 750 530 Epheso,
766 475 810 516 in
829 474 1035 528 Smyrna,
1053 475 1096 516 in
1115 475 1350 528 Pergamo,
1367 475 1603 528 Thyatira,
1621 475 1776 525 Sarde,

284 539 598 593 Philadelphia
623 545 669 580 et
702 538 944 587 Laodicea,
973 538 1053 579 sed
1085 552 1243 579 omnes
1269 539 1343 592 qui
1375 538 1432 578 ab
1458 537 1651 579 ecclesia
1682 538 1778 579 Do-

284 603 391 643 mini
414 609 518 643 sunt
537 616 545 653 ;
573 608 620 643 et
638 616 716 656 per
733 602 1075 655 unamquamvis
1093 601 1259 655 aliquid
1277 601 1397 655 quod
1415 601 1521 642 facit
1540 601 1779 643 ecclesiam

283 666 402 719 apud
428 665 671 706 hominem.
734 665 795 705 Et
818 666 921 718 quia
947 665 1089 718 prima
1114 664 1334 705 ecclesiae
1361 671 1466 705 sunt
1490 666 1779 718 cognitiones

283 730 375 769 veri
398 735 444 770 et
467 729 586 778 boni,
611 735 657 769 et
680 726 856 769 affectio
877 729 970 768 veri
992 727 1249 781 spiritualis,
1274 727 1375 768 ideo
1398 728 1455 768 de
1477 727 1564 768 illis
1587 730 1778 782 primum

284 790 434 833 a&um
466 799 550 841 est,
585 806 748 845 nempe
784 793 828 832 in
865 792 1043 845 scriptis
1075 791 1131 832 ad
1169 791 1403 844 Angelum
1440 791 1700 845 Ephesinae
1732 800 1779 834 et

285 854 571 907 Smyrnensis
608 855 856 903 Ecclesiae,
895 855 951 895 de
988 854 1324 907 cognitionibus
1361 855 1454 895 veri
1491 861 1537 895 et
1578 855 1685 896 boni
1722 857 1779 896 ad

208 915 223 918 “
285 917 519 971 Angelum
548 918 807 972 Ephesinae
834 917 1083 965 Ecclesiae,
1111 923 1158 958 et
1185 918 1240 958 de
1267 915 1504 958 affectione
1530 919 1623 959 veri
1650 920 1778 972 spiri-

285 981 396 1022 tuali
432 981 489 1022 ad
527 981 759 1035 Angelum
798 980 1083 1033 Smyrnensis
1122 980 1382 1021 Ecclesiae:
1426 987 1472 1021 et
1505 982 1609 1034 quia
1646 995 1781 1022 nemo

285 1050 440 1097 potest
472 1044 609 1085 imbui
643 1044 978 1097 cognitionibus
1009 1044 1102 1084 veri
1138 1050 1184 1084 et
1221 1043 1327 1084 boni
1364 1044 1512 1097 quoad
1544 1045 1686 1085 vitam
1728 1058 1779 1085 ac

285 1108 525 1160 persistere
551 1109 595 1148 in
621 1106 857 1148 affectione
882 1108 975 1148 veri
1002 1106 1235 1160 spirituali,
1260 1108 1343 1147 nisi
1370 1107 1530 1148 subeat
1558 1109 1780 1149 tentatio—

285 1183 378 1219 neS,
421 1171 523 1212 ideo
563 1184 679 1212 nunc
721 1171 777 1211 de
822 1170 908 1211 illis
949 1171 1099 1223 agitur
1138 1171 1182 1210 in
1223 1171 1402 1223 scriptis
1443 1171 1501 1211 ad
1547 1170 1781 1225 Angelum

285 1233 519 1275 Ecclesiae
541 1235 585 1275 in
609 1235 842 1288 Pergamo.
906 1234 1018 1274 Inde
1041 1239 1229 1287 apparet
1248 1247 1336 1287 quo
1354 1234 1511 1275 ordine
1534 1243 1782 1288 sequuntur

283 1297 362 1338 illa
406 1312 520 1352 quae
566 1298 648 1338 sub
693 1297 948 1338 nominibus
989 1304 1167 1350 septem
1212 1296 1505 1338 ecclesiarum
1546 1298 1779 1340 docentur.

286 1359 420 1414 Quod
446 1362 623 1402 dicatur
649 1361 763 1402 “Ad
790 1360 1025 1414 Angelum
1050 1360 1284 1401 Ecclesiae
1311 1361 1495 1410 scribe‚”
1517 1367 1563 1402 et
1591 1375 1681 1402 non
1704 1363 1790 1403 Ad

283 1424 539 1474 Ecclesiam,
573 1431 643 1466 est
676 1426 779 1479 quia
810 1439 888 1479 per
923 1424 1195 1478 “Angelum
1208 1424 1227 1439 ''
1259 1424 1537 1477 significatur
1569 1425 1781 1466 Divinum
1834 1467 1838 1471 ,

284 1487 470 1538 Verum,
495 1489 615 1543 quod
641 1489 747 1530 facit
770 1488 1037 1539 ecclesiam;
1072 1488 1284 1528 Divinum
1308 1489 1426 1528 enim
1450 1488 1622 1529 Verum
1645 1489 1781 1530 docet

284 1553 513 1607 quomodo
550 1553 688 1594 homo
719 1551 916 1594 victurus
953 1559 1024 1593 est
1062 1558 1110 1592 ut
1148 1551 1225 1592 fiat
1264 1551 1469 1592 ecclesia.
1533 1551 1667 1605 Quod
1704 1567 1783 1606 per

288 1616 538 1670 “angelum
551 1617 569 1631 ’'
592 1618 635 1657 in
659 1617 814 1658 Verbo
840 1618 883 1657 in
911 1630 1044 1657 sensu
1071 1616 1163 1669 ejus
1187 1615 1406 1668 spirituali
1434 1629 1524 1656 non
1550 1615 1781 1669 intelliga-

285 1686 358 1721 tur
382 1679 541 1734 aliquis
568 1679 771 1733 angelus,
796 1680 876 1720 sed
902 1682 946 1721 in
973 1692 1183 1733 supremo
1210 1692 1343 1720 sensu
1371 1679 1585 1719 Divinum
1609 1679 1781 1720 Verum

285 1743 536 1797 procedens
568 1758 594 1784 a
626 1744 837 1792 Domino,
867 1750 912 1784 et
946 1744 989 1783 in
1016 1756 1149 1783 sensu
1176 1741 1429 1796 respectivo
1461 1744 1496 1783 is
1523 1743 1597 1796 qui
1623 1744 1780 1796 recipit

285 1806 409 1854 illud,
437 1814 649 1848 constare
681 1813 836 1860 potest
865 1821 925 1847 ex
951 1820 1005 1847 eo
1032 1806 1151 1859 quod
1184 1819 1341 1846 omnes
1368 1805 1520 1859 angeli
1553 1807 1642 1847 sint
1670 1808 1781 1848 reci-

285 1870 462 1923 pientes
490 1870 640 1911 Divini
666 1870 774 1910 Veri
800 1884 826 1910 a
853 1869 1077 1920 Domino;
1111 1875 1157 1910 et
1184 1869 1304 1923 quod
1331 1869 1480 1909 nullus
1507 1869 1696 1923 angelus
1723 1871 1781 1911 sit

285 1947 344 1974 ex
371 1947 418 1974 se
445 1933 648 1986 angelus,
677 1940 723 1974 et
751 1933 870 1986 quod
903 1939 1084 1974 tantum
1116 1932 1306 1986 angelus
1335 1933 1393 1973 sit
1421 1939 1640 1986 quantum
1672 1932 1781 1973 illud

284 1998 468 2050 recipit:
513 2010 617 2038 nam
649 1996 800 2049 angeli
837 2011 943 2050 prae
979 1995 1236 2037 hominibus
1269 1996 1416 2036 sciunt
1450 2002 1496 2036 et
1530 1997 1781 2049 percipiunt

284 2060 404 2114 quod
436 2073 570 2100 omne
601 2060 770 2100 bonum
796 2061 960 2100 amoris
987 2066 1033 2100 et
1060 2072 1215 2100 verum
1247 2057 1350 2099 fidei
1383 2072 1473 2099 non
1501 2059 1559 2099 sit
1586 2059 1644 2099 ab
1675 2060 1782 2112 ipsis

285 2123 364 2164 sed
390 2137 416 2164 a
443 2123 666 2174 Domino;
699 2129 746 2164 et
773 2124 875 2176 quia
900 2123 1069 2163 bonum
1095 2123 1259 2163 amoris
1286 2128 1332 2162 et
1359 2135 1513 2162 verum
1540 2121 1643 2163 fidei
1674 2122 1781 2162 faci-

286 2193 367 2228 unt
394 2188 663 2241 sapientiam
690 2193 736 2228 et
763 2186 1116 2239 intelligentiam
1143 2199 1311 2233 eorum,
1337 2192 1383 2226 et
1411 2185 1496 2226 hae
1523 2191 1674 2226 totum
1700 2199 1781 2226 an—

285 2250 452 2304 gelum,
491 2251 795 2291 ideo‘norunt
833 2257 879 2291 et
917 2250 1072 2290 dicunt
1111 2264 1158 2290 se
1200 2250 1337 2290 modo
1374 2263 1474 2290 esse
1511 2250 1782 2302 recipientes

287 2314 435 2354 Divini
467 2314 756 2367 procedentis
782 2328 808 2354 a
835 2313 1047 2362 Domino,
1076 2319 1122 2354 et
1149 2314 1210 2353 sic
1244 2314 1287 2353 in
1320 2327 1374 2353 eo
1405 2312 1550 2365 gradu
1576 2326 1674 2352 esse
1701 2325 1781 2352 an-

285 2376 414 2429 gelos
436 2378 480 2417 in
502 2391 590 2430 quo
612 2377 656 2417 id
678 2377 898 2430 recipiunt
918 2391 926 2427 ;
959 2376 1063 2417 inde
1087 2382 1157 2417 est
1180 2376 1300 2429 quod
1323 2375 1465 2416 velint
1489 2382 1538 2416 ut
1560 2374 1781 2428 “angeli’‘

285 2439 601 2492 intelligantur
632 2439 938 2493 spiritualiter,
973 2439 1092 2493 quod
1130 2446 1199 2480 est
1233 2437 1463 2480 abstracte
1500 2453 1526 2479 a
1562 2439 1779 2492 personis,

286 2516 449 2556 nempe
495 2502 660 2543 Divina
704 2517 822 2543 vera.
910 2502 992 2543 Per
1037 2502 1250 2542 Divinum
1296 2502 1467 2542 Verum
1512 2501 1785 2554 intelligitur

286 2565 417 2607 simul
441 2559 653 2606 Divinum
672 2565 862 2614 Bonum,
882 2566 1094 2619 quoniam
1113 2566 1237 2606 unita
1257 2565 1510 2618 procedunt
1534 2579 1559 2605 a
1582 2565 1781 2605 Domino

287 2639 446 2674 (videatur
464 2638 496 2667 in
511 2647 607 2675 opere
623 2639 674 2666 De
691 2638 781 2667 Caelo
795 2641 825 2666 et
842 2638 978 2676 Inferna,
994 2647 1024 2666 n.
1043 2646 1090 2675 13,
1108 2638 1192 2675 140).
1266 2626 1398 2667 Nunc
1431 2627 1534 2680 quia
1565 2626 1779 2666 Divinum

289 2689 457 2730 Verum
476 2688 725 2742 procedens
743 2702 769 2729 a
789 2688 986 2729 Domino
1008 2689 1113 2729 facit
1131 2688 1359 2741 angelum,
1379 2689 1481 2729 ideo
1504 2689 1547 2729 in
1571 2701 1780 2741 supremo

286 2751 420 2791 s'ensu
437 2752 481 2791 in
497 2750 651 2790 Verbo
666 2764 743 2802 per
760 2749 1022 2802 “Angelum
1035 2749 1054 2764 ''
1069 2749 1338 2802 intelligitur
1354 2749 1456 2803 Ipse
1472 2749 1694 2790 Dominus
1711 2762 1776 2788 :—

287 2813 354 2855 Ut
380 2813 498 2867 apud
525 2812 727 2861 Esaiam,

355 2913 543 2955 “Angelus
560 2914 730 2945 facierum
743 2913 902 2955 Jehovae
915 2914 1080 2945 liberavit
1096 2924 1170 2952 eos,
1187 2915 1234 2945 ob
1247 2923 1406 2945 amorem
1421 2923 1523 2945 suum
1542 2919 1577 2944 et
1594 2912 1780 2952 indulgen-

461 2958 548 2989 tiam
565 2967 667 2989 suam
687 2957 756 2989 Hic
769 2957 919 2989 redemit
931 2967 994 2989 eos
1011 2963 1046 2989 et
1062 2958 1256 2999 assumpsit
1272 2967 1346 2995 eos,
1362 2963 1397 2989 et
1414 2957 1569 2998 portavit
1586 2966 1648 2987 eos
1666 2955 1776 2987 omni-

461 3002 527 3033 bus
543 3001 668 3033 diebus
686 3000 936 3033 aeternitatis''
952 3001 1053 3042 (lxiii.
1068 3001 1122 3041 9);
