2060 3476
325 361 404 409 532
736 360 1067 414 APOCALYPSIS
1099 362 1400 395 EXPLICATA.

493 474 609 506 olivae
634 473 714 512 olei,
731 473 846 506 mellis
861 483 868 511 ;
897 479 1027 506 terram
1044 474 1104 506 ubi
1122 484 1195 506 non
1212 484 1291 506 cum
1309 473 1450 507 defectu
1467 474 1551 507 edes
1568 484 1707 516 panem,
1725 474 1811 506 nihil

492 517 630 549 deficiet
644 526 651 555 ;
668 523 798 549 terram
809 518 867 549 ubi
878 517 1013 558 lapides
1023 518 1167 556 ferrum,
1180 524 1216 550 et
1224 528 1268 550 ex
1276 519 1457 550 montibus
1467 518 1633 550 effoditur
1641 527 1788 559 cuprum
1803 528 1810 555 ;

492 567 527 592 et
542 561 709 593 comedes
726 566 762 593 et
777 562 962 593 satiaberis
981 562 1017 593 in
1034 567 1128 593 terra
1143 563 1208 594 hac
1225 563 1322 594 bona
1335 562 1352 573 ''
1369 563 1487 602 (Deut.
1502 562 1575 594 viii.
1592 570 1620 600 1,
1636 563 1754 603 7—10);

317 650 396 691 per
416 636 529 678 haec
553 636 867 678 describuntur
888 638 1039 678 omnia
1061 637 1293 686 ecclesiae,
1318 644 1414 678 tam
1438 638 1652 678 interiora
1673 650 1816 691 quam·

316 701 545 741 exteriora
568 699 687 753 ejus;
721 700 799 742 sed
826 714 1056 754 exponere
1078 701 1183 754 quid
1206 700 1383 754 singula
1405 700 1677 754 significant,
1702 714 1807 754 pro-

316 763 458 804 lixum
485 763 614 812 foret,
643 776 725 804 nec
751 763 879 816 hujus
906 763 992 804 loci
1019 770 1102 804 est.
1165 762 1282 816 Quia
1306 763 1494 805 “terra''
1520 763 1805 817 significabat

315 825 568 875 ecclesiam,
596 826 698 867 ideo
729 827 846 867 inter
871 825 1210 867 benedictiones
1235 826 1316 867 fuit
1342 826 1462 880 quod

379 913 415 945 Si
433 914 595 946 viverent
612 915 805 946 secundum
823 920 1021 955 praecepta,
1042 920 1135 946 terra
1151 914 1251 946 daret
1268 921 1493 955 proventum,
1513 920 1694 946 cessarent
1709 914 1806 946 ferae

488 958 604 989 malae
617 967 637 990 e
650 964 754 996 terra,
768 968 833 989 nec
846 958 985 999 gladius
999 958 1231 998 pertransiret
1244 964 1374 990 terram
1385 957 1508 999 (Levit.
1520 959 1614 991 xxvi.
1629 956 1693 998 1¹13,
1706 967 1737 997 4,
1750 959 1784 998 6)
1799 968 1805 996 ;

313 1040 434 1095 quod
459 1044 616 1082 “terra
639 1041 767 1082 daret
791 1047 1061 1095 proventum
1074 1040 1094 1056 ‘'
1117 1038 1376 1094 1²¹significat
1403 1041 1521 1094 quod
1548 1041 1591 1081 in
1614 1041 1806 1082 ecclesia

313 1110 433 1144 esset
452 1103 619 1144 bonum
639 1110 684 1144 et
703 1117 857 1145 verum
876 1118 884 1154 ;
913 1103 1032 1158 quod
1052 1106 1319 1145 “cessarent
1337 1104 1455 1145 serae
1473 1103 1650 1144 malae'’
1665 1104 1804 1156 signi-

311 1164 417 1207 ficat
440 1167 559 1220 quod
586 1165 845 1208 affectiones
868 1166 1014 1208 malae
1036 1173 1083 1207 et
1109 1167 1520 1220 concupiscentiae,
1544 1180 1659 1220 quae
1680 1166 1804 1207 illam

311 1228 566 1277 destruunt,
606 1242 695 1269 non
734 1236 913 1279 essent;
961 1229 1081 1284 quod
1122 1229 1337 1283 “gladius
1378 1242 1469 1269 non
1509 1229 1803 1282 pertransiret

290 1290 517 1332 -terram’'‘
537 1291 762 1345 significat
789 1292 907 1346 quod
940 1305 1030 1333 non
1061 1291 1222 1332 falsum
1248 1291 1429 1344 ejiceret
1456 1304 1624 1333 verum.
1687 1290 1804 1344 Quia

313 1357 472 1395 “terra
483 1354 504 1370 ''
525 1354 811 1408 significabat
834 1354 1089 1404 ecclesiam,
1114 1355 1253 1396 etiam
1276 1361 1500 1396 statutum
1523 1361 1619 1396 erat
1645 1354 1765 1408 quod

375 1443 554 1485 Septimus
578 1454 694 1528 angus
718 1450 814 1477 esset
837 1445 1023 1476 sabbatum
1049 1450 1174 1482 terrae,
1194 1450 1229 1475 et
1253 1453 1326 1475 non
1351 1443 1452 1475 labor
1468 1452 1575 1484 super
1593 1442 1653 1474 illa
1676 1423 1800 1483 (Levi't.

483 1497 565 1520 xxv.
583 1496 623 1519 1-
670 1497 678 1526 ;

309 1569 355 1605 et
382 1577 558 1618 quoque
585 1564 687 1605 ideo
715 1564 878 1605 dicitur

372 1640 485 1672 Terra
507 1640 644 1681 polluta
667 1645 812 1681 propter
834 1639 940 1677 mala,
960 1645 995 1672 et
1014 1639 1109 1681 quod
1133 1645 1278 1681 propter
1301 1639 1588 1672 abominationes
1612 1644 1801 1680 exspueret

482 1684 562 1716 illos
579 1683 701 1724 (Levit.
717 1684 812 1716 xviii.
828 1681 974 1723 [³]1—28).

308 1759 370 1802 Et
396 1760 499 1814 quia
527 1759 716 1803 ‘,‘terra”
743 1759 1029 1813 significabat
1055 1759 1311 1808 ecclesiam,

373 1836 459 1868 Ideo
474 1835 651 1868 Dominus
664 1835 805 1876 exspuit
819 1835 854 1867 in
868 1841 1011 1873 terram,
1027 1841 1062 1867 et
1078 1834 1162 1867 fecit
1175 1835 1287 1867 lutum
1302 1845 1346 1866 ex
1358 1840 1475 1876 sput0‚
1492 1841 1527 1867 et
1540 1834 1680 1867 inunxit
1692 1844 1799 1876 super

480 1880 603 1912 oculos
620 1880 726 1917 caeci,
745 1886 781 1912 et
797 1879 897 1917 dixit,
921 1879 1036 1918 “Abi,
1055 1879 1137 1911 lava
1160 1885 1194 1911 te
1219 1879 1255 1911 in
1279 1879 1356 1911 lacu
1378 1878 1526 1911 Siloah”
1543 1878 1644 1921 (Joh.
1659 1878 1704 1911 ix.
1718 1878 1750 1916 6,
1766 1885 1795 1917 7,

372 1966 416 1999 Et
433 1932 519 1999 ἰιῑὶεῙοΙ
526 1923 715 2005 ficamus,
732 1976 811 1998 cum
827 1966 967 1998 Scribae
980 1972 1015 1998 et
1030 1966 1211 1998 Pharisaei
1225 1966 1442 2007 quaerebant
1457 1965 1578 2006 Ipsum
1591 1965 1635 1997 de
1649 1964 1799 1997 muliere

479 2011 515 2042 in
533 2011 707 2042 adulterio
724 2011 957 2051 deprehensa,
978 2010 1146 2042 deorsum
1171 2010 1216 2042 Se
1240 2010 1432 2042 incurvans
1448 2009 1624 2042 scribebat
1647 2009 1683 2040 in
1704 2014 1798 2041 terra

480 2054 534 2086 bis
551 2054 651 2096 (Joh.
666 2055 738 2087 viii.
754 2055 785 2092 6,
801 2054 853 2094 8);

304 2151 384 2191 per
409 2137 529 2191 quod
560 2136 839 2190 significatur
864 2136 984 2191 quod
1016 2135 1208 2177 ecclesia
1238 2135 1373 2189 plena
1400 2141 1522 2176 esset
1547 2134 1794 2183 adulteriis,

304 2200 391 2241 hoc
428 2206 513 2247 est,
553 2199 687 2253 plena
723 2199 1057 2257 adulteratione
1098 2199 1203 2239 boni
1241 2205 1287 2240 et
1324 2197 1637 2239 falsificatione
1673 2198 1794 2239 veri:

304 2276 441 2317 quare
466 2263 606 2303 etiam
633 2262 855 2303 Dominus
881 2261 999 2303 dixit
1025 2261 1128 2309 illis,

372 2353 394 2367 ‘⁴
406 2351 475 2393 Qui
488 2357 645 2383 vestrum
660 2351 828 2382 immunis
846 2357 900 2382 est
917 2361 937 2382 a
954 2356 1099 2391 peccato
1117 2350 1252 2390 primus
1270 2350 1398 2381 ineam
1415 2349 1521 2391 jaciat
1534 2350 1688 2390 lapidem
1702 2361 1727 2382 ε.
1741 2374 1748 2382 .
1762 2375 1769 2382 .
1784 2374 1792 2382 .

478 2395 541 2427 sed
565 2405 656 2427 unus
681 2395 894 2435 post·alium
919 2394 1075 2432 exibant,
1103 2394 1205 2426 initio
1230 2392 1326 2426 facio
1350 2404 1372 2425 a
1395 2394 1594 2427 senioribus
1617 2403 1728 2435 usque
1752 2393 1798 2425 ad

477 2439 622 2470 ultimos
633 2438 651 2450 '¹
668 2438 773 2479 (vers.
791 2445 821 2477 7,
836 2438 879 2479 9).

304 2520 531 2574 Quoniam
546 2520 759 2574 pleraque
773 2520 976 2561 inVerbo
991 2520 1129 2561 etiam
1145 2532 1325 2561 sensum
1337 2520 1596 2573 oppositum
1608 2518 1794 2568 habent,

302 2584 367 2625 ita
394 2598 571 2638 quoque
600 2583 797 2632 “terra,'’
823 2597 937 2637 quae
969 2583 1014 2623 in
1045 2597 1100 2623 eo
1131 2596 1265 2623 sensu
1297 2582 1522 2636 significat
1554 2581 1795 2623 ecclesiam

302 2653 558 2698 vastatam;
592 2661 705 2700 quae
731 2653 802 2687 est
825 2646 1007 2700 quando
1033 2659 1123 2686 non
1145 2645 1337 2698 amplius
1363 2645 1530 2686 bonum
1557 2645 1722 2686 amoris
1748 2650 1796 2686 et

302 2723 457 2751 verum
482 2709 598 2758 fidei,
626 2710 706 2750 sed
734 2709 836 2750 loco
861 2708 1039 2749 illorum
1066 2708 1234 2749 malum
1260 2715 1307 2749 et
1333 2707 1520 2759 falsum3
1553 2707 1665 2748 haec
1693 2707 1797 2761 quia

302 2774 523 2814 damnant
549 2773 793 2821 hominem,
819 2786 897 2825 per
922 2771 1159 2813 “terram”
1181 2772 1225 2812 in
1251 2785 1306 2812 eo
1331 2784 1466 2812 sensu
1488 2771 1627 2812 etiam
1654 2771 1794 2830 signi7

302 2836 461 2878 ficatur
486 2837 735 2884 damnatio,
759 2842 807 2876 ut
835 2837 878 2875 in
903 2834 1196 2889 sequentibus
1221 2834 1290 2875 his
1317 2833 1427 2875 locis
1446 2847 1516 2874 :—

366 2926 568 2967 Esai.,cap.
580 2925 651 2957 xiv.
666 2933 725 2963 12;
750 2934 825 2965 cap.
837 2925 909 2957 xxi.
922 2934 963 2965 93
987 2934 1063 2964 cap.
1076 2934 1157 2956 xxm
1172 2932 1232 2961 12:
1257 2933 1332 2964 cap.
1345 2923 1440 2956 xxvi.
1455 2932 1506 2964 19,
1519 2932 1558 2956 21
1575 2933 1582 2961 ;
1607 2933 1683 2965 cap.
1695 2924 1792 2955 xxix.

474 2978 515 3008 4:
550 2978 627 3009 cap.
642 2969 740 3000 xlvii.
759 2977 774 2999 1
793 2978 800 3005 ς
836 2978 912 3008 cap.
929 2968 1014 3000 lxiii.
1032 2968 1072 2999 6:
1117 2967 1256 3005 Thren„
1270 2977 1347 3007 cap.
1364 2967 1399 2999 ii.
1417 2975 1446 3004 2,
1465 2975 1525 3000 10:
1562 2966 1699 3004 Ezech„
1715 2976 1791 3007 cap.

475 3013 571 3045 xxvi.·
584 3021 646 3051 20;
670 3022 746 3052 cap.
760 3012 867 3043 xxxii.
884 3020 944 3050 24:
971 3012 1082 3044 Num.
1097 3011 1166 3044 xvi.
1182 3019 1288 3052 29—33
1303 3020 1310 3049 ;
1335 3021 1410 3052 cap.
1425 3011 1519 3043 xxvi.
1538 3019 1596 3043 10:
1622 3016 1657 3042 et
1673 3010 1768 3042 alibi.
