2060 3476
289 341 344 393 98
705 349 1038 384 APOCALYPSIS
1069 350 1370 396 EXPLICATA.

289 461 567 516 significatur
592 477 671 517 per
693 463 813 517 quod
838 463 1002 505 “Elias
1027 463 1241 514 venerit,''
1264 470 1310 505 et
1337 463 1458 518 quod
1483 463 1708 506 “fecerint
1740 465 1780 506 ei

289 519 580 580 quaecunque
594 525 874 576 voluerunt,”
888 533 934 568 et
953 527 1072 581 quod
1090 530 1115 548 “
1127 527 1322 568 futurum
1340 528 1398 568 sit
1413 533 1462 568 ut
1481 526 1620 568 Filius
1634 526 1780 568 homi-

289 589 356 628 nis
393 602 602 642 passurus
639 590 696 630 sit
728 589 786 630 ab
815 589 942 630 illis.''
1003 589 1245 643 Quomodo
1275 589 1432 643 Judaei
1464 589 1780 643 explicuerunt

289 649 505 700 Verbum,
539 658 585 692 et
627 653 688 692 sic
730 651 981 705 rejecerunt
1022 652 1146 702 illud,
1180 658 1309 706 patet
1350 666 1377 693 a
1425 652 1626 706 plurimis
1669 652 1781 694 locis

288 714 407 767 apud
439 714 777 768 Evangelistas‚
812 715 885 756 ubi
923 715 1144 756 Dominus
1180 716 1224 756 id
1261 715 1536 756 manifestat.
1599 714 1674 756 Ex
1711 714 1781 756 his

288 789 405 818 nunc
439 783 650 818 constare
681 784 851 831 potest,
880 778 1000 832 quod
1033 792 1111 833 per
1139 779 1281 832 “Ego
1312 792 1410 819 sum
1429 811 1438 819 .
1458 810 1467 819 .
1488 810 1496 819 .
1517 810 1525 819 .
1544 784 1748 820 mortuus
1760 777 1780 794 ’'

290 839 566 893 significetur
592 841 711 894 qUOd
740 839 943 893 rejetstus.
1006 851 1118 890 (Quod
1133 852 1227 881 etiam
1243 852 1401 881 Dominus
1415 861 1472 890 per
1485 852 1665 889 passionem
1680 852 1781 882 crucis

287 902 506 939 glorificaverit
524 903 713 932 Humanum
728 911 831 938 suurn,
846 903 908 932 hoc
923 907 978 938 est,
993 903 1027 932 id
1042 903 1194 933 Divinum
1209 903 1324 939 feeerit,
1339 903 1484 932 videatur
1496 903 1529 932 in
1544 903 1704 933 Doctrina
1717 903 1782 933 No-

287 958 346 978 vae
360 949 607 986 Hierosolymae,
622 958 653 979 n.
670 959 738 987 294,
755 956 823 987 295,
839 959 908 988 302,
924 950 1008 988 305.)

366 1001 461 1056 84.
501 1003 588 1043 “ft
611 1016 714 1043 ecce
740 1003 872 1044 vivens
899 1016 988 1044 sum
1016 1003 1056 1043 in
1079 1004 1253 1045 saecula
1276 1002 1779 1057 saeculorum.''—Quod

286 1063 510 1116 significet
547 1065 602 1106 ab
638 1065 744 1117 Ipso
779 1065 875 1106 vita
910 1071 1103 1115 aeterna,
1137 1071 1321 1106 constat
1355 1079 1415 1106 ex
1449 1064 1780 1119 significatione

289 1127 482 1167 “vivens
501 1127 639 1176 esse‚”
654 1127 774 1181 quod
797 1129 855 1168 sit
878 1141 978 1168 esse
1000 1128 1058 1168 ab
1079 1134 1282 1177 aeterno,
1307 1134 1352 1169 et
1375 1128 1419 1168 in
1443 1127 1548 1181 Ipso
1570 1127 1668 1169 solo
1685 1129 1781 1170 vita

286 1203 311 1229 a
339 1188 396 1230 Se
423 1190 528 1243 Ipso
558 1189 633 1243 (de
659 1205 746 1244 qua
772 1205 918 1244 supra,
943 1188 1018 1231 mn.
1043 1190 1145 1245 82);
1178 1190 1249 1232 hic
1276 1197 1428 1232 autem
1455 1191 1574 1245 quod
1601 1192 1658 1232 sit
1680 1192 1776 1233 vita

286 1253 330 1292 in
353 1252 465 1302 aliis,
489 1259 536 1294 et
558 1254 652 1294 vita
675 1254 820 1307 Ipsius
845 1254 891 1295 in
917 1253 1014 1295 aliis
1037 1260 1107 1295 est
1129 1255 1224 1295 vita
1246 1259 1458 1305 aeterna3
1491 1267 1596 1294 nam
1618 1254 1781 1296 dicitur

287 1328 396 1357 mox
430 1317 563 1370 prius,
599 1317 718 1370 quod
755 1317 887 1358 suerit
924 1317 1206 1367 “mortuus,''
1238 1331 1317 1371 per
1348 1317 1468 1370 quod
1501 1317 1781 1370 significatur

286 1379 407 1431 quod
429 1379 559 1420 fuerit
578 1378 783 1433 rejectus,
803 1381 905 1433 quia
928 1393 1018 1421 non
1036 1386 1244 1434 receptus
1262 1379 1349 1421 fide
1366 1386 1412 1421 et
1430 1393 1582 1421 amore
1599 1394 1609 1432 ;
1643 1395 1779 1435 quare

286 1441 357 1492 hic
390 1455 470 1495 per
498 1442 724 1483 “vivens’'
751 1456 850 1484 esse
882 1442 1161 1496 significatur
1187 1443 1307 1497 quod
1338 1443 1578 1496 recipiatur
1603 1444 1661 1484 ab
1691 1444 1780 1486 illis

286 1499 359 1559 qui
400 1507 443 1546 in
480 1507 574 1547 vita
609 1506 753 1559 Ipsius
790 1512 909 1555 sunt,
948 1520 1063 1560 quae
1099 1507 1194 1547 vita
1229 1512 1300 1548 est
1337 1507 1382 1547 in
1422 1505 1509 1547 fide
1546 1512 1592 1548 et
1626 1520 1779 1550 amore

286 1569 404 1622 apud
437 1569 681 1618 hominem,
715 1575 761 1610 et
793 1569 869 1610 illa
900 1570 994 1610 vita
1026 1575 1095 1610 est
1126 1570 1222 1610 vita
1252 1575 1438 1610 aeterna
1454 1578 1467 1610 τ’
1505 1570 1625 1623 quod
1660 1569 1776 1626 [per]

289 1634 370 1673 “in
407 1632 588 1674 saecula
625 1631 938 1673 saeculorum'’
970 1631 1248 1686 significatur
1284 1633 1328 1673 in
1365 1638 1614 1682 aeternum,
1650 1640 1778 1687 patet

286 1697 455 1750 absque
488 1695 807 1749 explicatione.
871 1694 1005 1748 Quod
1035 1696 1130 1736 vita
1165 1695 1347 1736 Domini
1381 1696 1439 1736 sit
1470 1697 1564 1736 vita
1597 1696 1699 1738 fidei
1732 1704 1778 1739 et

286 1760 450 1801 amoris
487 1759 531 1799 in
570 1758 736 1811 Ipsum,
775 1764 822 1799 et
859 1759 978 1812 quod
1016 1758 1093 1817 ilia
1129 1759 1223 1799 vita
1259 1759 1317 1799 sit
1354 1760 1448 1800 vita
1484 1765 1683 1808 aeterna,
1719 1774 1778 1801 ex

287 1822 485 1876 pluribus
519 1821 629 1862 locis
663 1822 706 1861 in
743 1818 898 1861 Verbo
920 1827 1118 1869 constat,
1139 1828 1186 1862 ut
1213 1836 1237 1862 a
1264 1822 1555 1876 sequentibus
1572 1819 1779 1874 z—Apud

289 1885 555 1934 Johannem,

355 1983 377 1996 ‘¹
389 1981 485 2013 Sicut
502 1980 625 2012 Moses
642 1979 811 2011 exaltavit
828 1985 1028 2019 serpentem
1047 1978 1082 2009 in
1100 1978 1251 2015 deserto,
1269 1978 1318 2009 ita
1333 1983 1472 2018 oportet
1485 1977 1632 2009 exaltari
1650 1977 1777 2010 Filium

462 2024 630 2061 hominis,
650 2029 688 2054 ut
705 2023 822 2054 omnis
847 2022 905 2063 qui
930 2022 1040 2053 credit
1065 2022 1100 2052 in
1120 2021 1241 2062 Ipsum
1259 2031 1331 2052 non
1349 2026 1480 2061 pereat,
1497 2021 1559 2052 sed
1582 2021 1712 2053 habeat
1728 2022 1780 2053 vi-

462 2074 535 2099 tam
549 2073 742 2099 aeternam.
797 2091 893 2098 .....
902 2065 971 2107 Qui
989 2065 1100 2096 credit
1117 2065 1153 2096 in
1173 2065 1311 2102 Filium,
1327 2065 1434 2096 habet
1447 2064 1557 2095 vitam
1573 2070 1755 2096 aeternam
1769 2074 1777 2104 ;

423 2111 425 2114 ⁴
462 2111 521 2153 qui
538 2120 624 2142 vero
642 2120 715 2142 non
733 2110 843 2141 credit
860 2109 896 2140 in
916 2108 1054 2144 Filium.
1068 2118 1141 2139 non
1158 2108 1292 2139 videbit
1307 2108 1418 2139 vitam
1429 2107 1446 2120 '¹
1463 2107 1525 2147 (iii.
1545 2108 1661 2147 14-16,
1678 2108 1754 2149 36);

287 2194 406 2250 apud
433 2194 642 2242 eundem,

354 2276 502 2317 “Aqua,
522 2285 628 2316 quam
647 2275 724 2315 Ego
741 2274 845 2312 dabo,
866 2273 926 2305 fiet
949 2273 985 2305 in
1002 2283 1045 2304 eo
1069 2272 1151 2304 fons
1168 2282 1279 2314 aquae
1303 2272 1464 2304 salientis
1488 2272 1524 2303 in
1541 2272 1650 2304 vitam
1667 2277 1779 2304 aeter-

461 2318 574 2350 nam”
591 2319 651 2359 (iv.
671 2327 722 2356 10,
741 2327 791 2355 11,
811 2319 884 2357 14);

289 2414 472 2469 “aqua”
495 2420 565 2455 est
591 2426 744 2454 verum
770 2412 873 2454 fidei
902 2410 1130 2466 (videatur
1156 2424 1303 2464 supra,
1327 2424 1369 2452 n.
1393 2410 1493 2465 71):
1527 2410 1645 2464 apud
1667 2423 1777 2452 eun-

287 2478 406 2527 dem,

310 2585 313 2590 .
354 2562 377 2576 ‘¹
388 2560 515 2593 Omnis
529 2559 587 2601 qui
605 2559 700 2591 videt
715 2559 853 2596 Filium,
868 2564 903 2590 et
920 2558 1031 2590 credit
1047 2557 1082 2589 in
1098 2557 1231 2598 Ipsum,
1245 2557 1353 2588 habet
1364 2557 1474 2588 vitam
1488 2562 1669 2588 aeternam
1682 2567 1707 2589 z.
1721 2581 1729 2589 .
1743 2581 1751 2590 .
1765 2582 1772 2590 .
1787 2556 1789 2558 ’

459 2604 579 2642 verba,
599 2613 689 2644 quae
708 2603 784 2642 Ego
802 2603 939 2643 loquor,
959 2601 1103 2642 spiritus
1120 2607 1203 2632 sunt
1219 2606 1255 2632 et
1271 2600 1344 2632 vita
1360 2605 1443 2632 sunt
1454 2599 1548 2641 ''(vi.
1563 2609 1619 2639 40,
1635 2599 1712 2640 63);

289 2700 464 2741 “verba
474 2698 494 2715 ’'
511 2712 624 2753 quae
643 2697 864 2738 Dominus
882 2696 1078 2751 loquitur
1095 2696 1233 2737 etiam
1251 2701 1356 2736 sunt
1373 2709 1479 2736 vera
1496 2694 1624 2736 fidei:
1657 2695 1776 2748 apud

286 2763 495 2811 eundem,

328 2829 333 2836 Ι
355 2846 377 2859 “
391 2844 474 2928 Ego(
483 2853 561 2894 sum
579 2841 790 2927 resgrretstio
812 2850 847 2874 et
863 2842 957 2882 vita;
981 2842 1040 2883 qui
1065 2841 1175 2873 credit
1199 2841 1234 2873 in
1260 2840 1332 2880 Me,
1359 2840 1425 2885 etsi
1449 2840 1631 2878 moriatur,
1650 2838 1748 2870 vivet
1757 2836 1776 2850 '⁸

475 2898 521 2919 xl.
543 2895 595 2926 25,
612 2895 630 2918 2
681 2896 688 2926 ;

287 2963 405 3025 apud
432 2970 642 3020 eundem,
