2060 3476
716 384 823 416 CAP.
846 384 905 424 v.,
929 383 1066 415 VERS.
1089 383 1236 427 9.—N.
1261 371 1426 427 328[b].
1734 381 1813 424 597

321 509 454 538 nemo
483 510 558 551 per
583 496 848 550 sanguinem
875 495 1173 549 conjungatur
1199 495 1378 543 Divino,
1407 494 1486 535 sed
1513 508 1591 548 per
1616 493 1813 546 recepti-

318 572 452 601 onem
484 559 635 601 Divini
660 559 769 601 Veri
797 565 844 601 et
869 559 1218 613 applicationem
1245 557 1336 611 ejus
1367 557 1424 599 ad
1450 558 1605 599 vitam.
1678 555 1813 609 Quod

322 622 544 665 Dominus
576 623 832 665 liberaverit
864 623 922 664 ab
952 622 1138 671 inferno,
1170 620 1336 663 factum
1369 627 1438 662 est
1475 634 1553 674 per
1584 620 1704 674 quod
1741 633 1813 660 as-

318 687 559 739 sumpserit
597 686 873 734 Humanum,
911 692 958 727 et
994 700 1073 740 per
1110 685 1162 726 Id
1199 684 1505 738 subjugaverit
1542 683 1727 732 inferna,
1766 690 1813 724 et

319 749 470 789 omnia
491 749 535 789 in
557 749 693 790 caelis
719 750 763 790 in
786 749 989 790 ordinem
1012 748 1252 801 redegerit,
1272 747 1392 801 quod
1414 746 1506 788 fieri
1529 759 1812 800 nequaquam

317 812 464 864 potuit
490 825 625 865 quam
648 826 708 853 ex
735 812 975 863 Humano;
1002 825 1107 853 narn
1135 811 1348 852 Divinum
1374 815 1584 863 operatur
1608 823 1634 850 a
1659 809 1812 862 primis

319 887 397 927 per
418 873 589 923 ultima,
612 875 676 916 ita
701 889 727 916 a
753 874 810 916 Se
832 889 910 929 per
931 874 1008 916 illa
1029 888 1143 928 quae
1165 888 1192 915 a
1213 873 1271 915 Se
1293 874 1337 914 in
1363 873 1532 914 ultimis
1554 878 1673 920 sunt,
1697 885 1811 925 quae

320 943 423 978 sunt
449 937 494 978 in
522 937 762 989 Humano;
799 938 911 980 haec
943 944 1013 979 est
1045 938 1248 992 operatio
1279 936 1471 989 Divinae
1502 935 1736 989 potentiae
1767 935 1811 976 in

318 997 450 1039 caelo
479 1004 526 1039 et
552 998 597 1039 in
623 1000 807 1040 mundo.
867 1010 945 1047 (Sed
961 1010 1001 1039 de
1015 1010 1077 1039 bac
1090 1018 1124 1038 re
1138 1009 1307 1039 videantur
1317 1009 1425 1045 aliqua
1435 1017 1542 1045 supra,
1554 1017 1585 1037 n.
1600 1008 1651 1048 41
1669 1017 1675 1037 :
1696 1012 1764 1036 tum
1781 1008 1812 1036 in

315 1068 412 1096 opere
434 1060 486 1088 De
511 1060 602 1089 Caelo
623 1064 655 1089 et
674 1061 813 1099 lnsemo,
829 1070 861 1090 n.
877 1067 954 1099 315:
977 1063 1010 1088 et
1030 1060 1063 1089 in
1083 1059 1224 1089 Arcanis
1249 1060 1446 1093 Caelestibus,
1463 1068 1494 1088 11.
1510 1060 1600 1096 5897,
1616 1059 1705 1095 6239,
1721 1058 1811 1095 6451,

313 1103 402 1141 6465.
427 1104 516 1141 8603,
533 1103 655 1142 [¹19215‚
679 1105 769 1142 9216,
792 1107 882 1143 9824,
907 1106 998 1143 9828,
1023 1106 1114 1144 9836,
1141 1114 1249 1142 10044,
1277 1113 1385 1142 10099,
1413 1112 1521 1141 10329,
1549 1110 1658 1140 10335,
1687 1103 1810 1142 10548.)

313 1146 450 1200 Quod
486 1148 711 1189 Dominus
746 1148 1010 1190 liberaverit
1045 1149 1104 1190 ab
1138 1148 1328 1197 inferno,
1360 1148 1501 1188 etiam
1535 1146 1706 1188 sactum
1738 1154 1810 1188 est

317 1222 394 1262 per
418 1210 539 1263 quod
572 1209 833 1251 Humanum
858 1223 985 1251 suum
1011 1209 1344 1263 glorificaverit,
1371 1210 1456 1251 hoc
1484 1215 1568 1258 est,
1597 1209 1809 1250 Divinum

315 1271 494 1323 fecerit;
538 1273 600 1314 sic
625 1273 759 1320 enim,
787 1285 878 1312 non
911 1272 1055 1319 aliter,
1083 1278 1237 1324 potest
1284 1274 1455 1314 inferna
1494 1274 1538 1313 in
1574 1279 1809 1314 aeternum

315 1333 553 1388 subjugata
578 1341 759 1377 tenere:
793 1342 839 1377 et
861 1336 964 1390 quia
988 1336 1244 1389 subjugatio
1270 1336 1542 1377 infernorum
1568 1341 1615 1377 et
1641 1335 1809 1389 glorifi-

316 1398 436 1439 catio
459 1398 659 1439 Humani
681 1399 824 1452 Ipsius
846 1397 964 1440 fa&a
985 1405 1054 1440 est
1077 1413 1155 1452 per
1176 1400 1456 1440 tentationes
1477 1399 1522 1440 in
1546 1399 1808 1440 Humanum

312 1473 439 1500 suum
465 1460 698 1510 admissas,
727 1461 880 1502 Passio
895 1462 1047 1502 erucis
1078 1462 1222 1515 Ipsius
1246 1461 1327 1503 fuit
1354 1461 1514 1503 ultima
1538 1463 1735 1503 tentatio
1761 1469 1809 1503 et

311 1521 511 1574 plenaria
535 1521 734 1565 victoria.
797 1524 881 1565 Per
901 1524 1021 1577 quod
1046 1525 1332 1578 “portaverit
1354 1525 1553 1565 omnium
1577 1524 1808 1578 peccata,”

311 1585 589 1639 significatur
609 1587 730 1640 quod
753 1587 984 1628 admiserit
1009 1587 1053 1628 in
1081 1587 1138 1629 Se
1160 1588 1312 1629 omnia
1333 1588 1505 1629 inferna
1529 1601 1631 1629 cum
1653 1595 1806 1630 tenta—

311 1654 410 1699 tus;
453 1649 558 1690 inde
594 1650 713 1690 enim
750 1650 900 1690 omnia
937 1656 1129 1703 peccata
1168 1664 1246 1691 seu
1284 1650 1405 1691 mala
1444 1651 1712 1699 ascendunt,
1754 1665 1807 1692 ac

312 1712 483 1752 intrant
514 1717 561 1753 et
592 1718 697 1753 sunt
729 1713 846 1766 apud
883 1713 1139 1764 hominem;
1182 1727 1318 1767 quare
1350 1728 1429 1767 per
1459 1715 1581 1768 quod
1614 1718 1807 1768 “porta—

311 1774 456 1816 verit'’
485 1774 563 1815 illa
599 1774 878 1828 significatur
907 1776 1028 1829 quod
1064 1776 1294 1818 admiserit
1331 1777 1375 1817 in
1410 1776 1468 1818 Se
1503 1777 1675 1818 inferna
1706 1791 1806 1819 cum

310 1842 531 1886 tentatus,
550 1843 596 1878 et
618 1851 696 1891 per
718 1838 839 1891 quod
860 1838 1127 1880 “sustulerit
1149 1839 1370 1892 peccata”
1387 1839 1665 1892 significatur
1686 1841 1805 1894 quod

307 1898 612 1952 subjugaverit
654 1900 839 1949 inferna,
878 1907 926 1941 ut
967 1901 1071 1942 inde
1108 1901 1228 1942 mala
1269 1915 1360 1942 non
1398 1902 1589 1956 amplius
1630 1904 1804 1956 possint

309 1975 542 2015 assurgere
567 1962 686 2016 apud
712 1962 813 2004 illos
839 1964 913 2017 qui
939 1970 1195 2016 agnoscunt
1222 1964 1481 2014 Dominum,
1505 1979 1557 2006 ac
1584 1966 1804 2019 recipiunt

305 2025 473 2079 Ipsum,
496 2025 582 2066 hoc
609 2031 693 2073 est,
718 2025 930 2067 Divinum
954 2026 1123 2068 Verum
1146 2027 1396 2081 procedens
1422 2028 1480 2069 ab
1501 2028 1621 2082 Ipso,
1645 2028 1732 2070 fide
1758 2037 1804 2070 et

305 2088 412 2137 vita,
437 2094 484 2129 et
510 2089 572 2129 sic
600 2089 800 2130 Domino
824 2088 1052 2142 conjuncti
1077 2097 1197 2132 sunt.

392 2150 477 2206 [b.]
521 2152 696 2193 Dicitur
720 2153 840 2206 quod
867 2167 945 2207 per
971 2154 1263 2195 “Redemisti
1286 2155 1386 2196 Deo
1409 2169 1491 2196 nos
1516 2157 1560 2197 in
1586 2158 1804 2211 sanguine

305 2214 424 2263 tu0‚”
463 2215 740 2268 significetur
775 2215 1032 2270 conjunctio
1069 2231 1170 2258 cum
1208 2218 1374 2260 Divino
1411 2233 1490 2273 per
1521 2221 1802 2291 agnitionem

306 2277 449 2330 Ipsius
471 2283 518 2318 et
549 2279 859 2331 receptionem
886 2276 1039 2320 Divini
1064 2279 1175 2321 Veri
1205 2281 1263 2322 ab
1295 2281 1426 2334 Ipso;
1458 2288 1505 2323 et
1536 2284 1639 2336 quia
1670 2298 1803 2337 super

303 2339 389 2380 hoc
415 2339 624 2381 fundatur
650 2341 855 2391 ecclesia,
878 2342 984 2383 volo
1010 2344 1162 2396 paucis
1187 2344 1336 2385 dicere
1362 2346 1591 2398 quomodo
1616 2346 1665 2387 fit
1692 2360 1801 2388 con·

297 2399 469 2454 junctio
491 2416 569 2456 per
590 2394 679 2444 illa
726 2404 987 2445 Primarium
1012 2412 1082 2447 est
1105 2419 1353 2460 agnoscere
1377 2407 1635 2459 Dominum,
1657 2410 1802 2463 Ipsius

303 2464 515 2506 Divinum
551 2465 596 2506 in
638 2465 867 2516 Humano,
905 2481 956 2509 ac
997 2469 1375 2522 omnipotentiam
1417 2471 1561 2525 Ipsius
1598 2472 1802 2514 salvandi

303 2540 447 2579 genus
468 2526 752 2579 ‚humanum;
794 2529 1017 2582 perillam
1049 2532 1168 2572 enim
1200 2533 1480 2585 agnitionem
1513 2534 1800 2589 conjungitur

307 2590 445 2631 homo
468 2590 647 2640 Divino,
671 2593 882 2645 quoniam
904 2593 1010 2634 alibi
1032 2594 1244 2636 Divinum
1267 2609 1357 2637 non
1380 2603 1477 2648 est;
1509 2598 1567 2639 ibi
1589 2599 1707 2639 enim
1729 2606 1800 2640 est

303 2652 449 2702 Pater,
473 2667 577 2694 nam
601 2654 734 2696 Pater
755 2662 825 2697 est
848 2656 892 2696 in
915 2656 1022 2710 Ipso
1048 2663 1094 2698 et
1121 2658 1224 2712 Ipse
1250 2659 1294 2699 in
1322 2659 1468 2710 Patre,
1496 2667 1545 2702 ut
1573 2662 1675 2715 Ipse
1703 2662 1800 2704 Do-

303 2715 447 2756 minus
480 2715 646 2757 docet·
636 2750 646 2768 ‚
688 2725 963 2772 quapropter
989 2720 1062 2773 qui
1093 2720 1212 2761 aliud
1245 2721 1455 2764 Divinum
1482 2723 1617 2776 juxta
1646 2725 1797 2778 Ipsum

303 2791 381 2818 seu
413 2791 439 2818 a
470 2777 611 2819 latere
643 2778 868 2833 spectant,
902 2787 950 2822 ut
982 2782 1132 2824 solent
1169 2783 1231 2824 illi
1268 2786 1341 2838 qui
1373 2793 1504 2827 orant
1537 2787 1715 2827 Patrem
1748 2795 1798 2829 ut

301 2840 567 2881 misereatur
592 2849 777 2895 propter
803 2843 979 2893 Filium,
1006 2845 1050 2885 hi
1082 2845 1327 2888 deflectunt
1359 2861 1386 2888 a
1412 2849 1497 2898 via,
1523 2855 1569 2890 et
1601 2850 1795 2891 adorant

303 2902 513 2944 Divinum
540 2904 645 2945 alibi
671 2919 804 2959 quam
830 2907 873 2947 in
902 2907 1032 2961 Ipso;
1065 2906 1116 2950 ac
1143 2917 1377 2963 praeterea
1403 2918 1510 2953 tunc
1538 2913 1646 2953 nihil
1669 2915 1795 2967 cogi—

300 2971 400 3007 tant
424 2966 480 3007 de
503 2966 668 3008 Divino
691 2968 886 3018 Domini,
906 2971 986 3011 sed
1009 2971 1154 3012 solum
1177 2973 1232 3014 de
1257 2973 1484 3023 Humano,
1503 2989 1616 3028 quae
1638 2982 1793 3017 tamen

300 3040 389 3068 non
416 3030 609 3082 separari
632 3037 835 3084 possunt,
859 3039 928 3073 est
956 3033 1073 3074 enirn
1101 3034 1312 3076 Divinum
1336 3043 1382 3077 et
1412 3036 1672 3079 Humanum
1699 3052 1789 3080 non
