2060 3476
271 339 356 381 260
684 349 1018 384 APOCALYPSIS
1049 352 1349 385 EXPLICATA.

358 461 443 517 [6.]
486 462 711 516 Quoniam
736 463 924 505 “mors’'
946 463 1170 517 significat
1193 464 1532 507 damnationem
1555 470 1602 506 et
1626 465 1759 507 infer-

272 539 394 575 num,
413 526 517 567 inde
535 527 730 567 vicissim
751 528 881 568 “vita
893 527 913 543 '⁹
935 528 1158 581 significat
1180 527 1479 568 salvationem
1501 533 1548 568 et
1571 527 1758 578 caelum,

275 595 325 630 ut
351 589 394 629 in
422 590 713 643 sequentibus
739 590 807 630 his
833 590 944 631 locis
962 590 1170 644 z—Apud
1194 590 1488 640 Matthaeum,

356 687 378 700 “
389 685 557 727 Angusta
575 683 709 729 [porta]
729 692 764 718 et
781 685 906 718 stricsta
922 693 977 719 est
994 687 1063 725 via,
1084 697 1174 728 quae
1191 687 1286 718 ducit
1302 686 1347 718 ad
1363 686 1474 719 vitam
1485 685 1504 699 '¹
1521 685 1594 727 (vii.
1610 686 1685 728 14);

271 763 390 816 apud
416 763 624 812 eundem,

340 843 362 856 “
376 842 517 874 Bonum
531 848 585 874 est
602 842 738 874 luscum
754 842 886 874 intrare
903 842 939 873 in
956 843 1081 880 vitam,
1098 851 1203 884 quam
1217 842 1307 874 duos
1319 842 1511 874 habentem
1528 842 1651 874 oeulos
1667 841 1760 875 mitti

445 886 480 917 in
498 886 702 926 gehennam
720 886 844 926 ignis''
861 886 971 926 (xviii.
986 885 1019 927 9)
1034 895 1040 924 ;

267 962 385 1015 apud
412 962 619 1010 eundem,

510 1042 531 1054 ‘¹
546 1040 581 1072 Si
598 1041 652 1072 vis
670 1040 807 1081 ingredi
826 1041 949 1078 vitam,
970 1050 1075 1072 serva
1097 1040 1296 1072 mandata”
1313 1037 1430 1082 (1¹1xix.
1446 1039 1520 1081 17);

268 1116 387 1169 apud
412 1116 679 1165 Johannem,

410 1196 432 1209 ‘¹
445 1195 601 1227 Exibunt
617 1195 676 1236 qui
693 1196 789 1227 bona
805 1195 966 1227 fecerunt
983 1196 1018 1226 in
1037 1193 1334 1228 resurred‘tionem
1351 1195 1445 1236 vitae
1454 1194 1473 1208 ”
1489 1194 1536 1236 (ν.
1551 1194 1617 1238 29).

267 1281 380 1324 Inde
406 1289 475 1323 est
501 1283 621 1337 quod
647 1282 840 1323 salvatio
866 1283 1040 1324 dicatur
1064 1283 1196 1324 “vita
1222 1282 1436 1324 aeterna”

331 1371 396 1413 (Ut
419 1372 550 1405 Matth.
570 1372 642 1405 xix.
659 1370 747 1411 1³116,
768 1380 830 1414 293
862 1382 937 1413 cap.
957 1382 1040 1405 xxv.
1057 1370 1156 1412 1⁸]46:
1188 1373 1302 1405 Marc.
1321 1382 1355 1405 x.
1376 1381 1429 1412 30,
1449 1380 1511 1412 31:
1545 1372 1630 1405 Luc.
1644 1382 1678 1404 x.
1695 1379 1757 1413 251

463 1426 540 1457 cap.
557 1416 654 1448 xviii.
674 1417 723 1454 18,
739 1425 799 1455 30:
828 1417 910 1459 Joh.
928 1417 976 1448 iii.
993 1425 1043 1456 14,
1060 1424 1110 1455 15,
1130 1416 1180 1455 16,
1195 1416 1257 1456 36;
1283 1426 1358 1457 cap.
1372 1417 1456 1448 xvii.
1472 1424 1502 1455 2,
1517 1424 1556 1455 3:
1589 1422 1624 1447 et
1640 1416 1757 1457 alibi„

268 1510 314 1546 et
345 1504 467 1559 quod
499 1504 673 1546 caelum
710 1505 885 1546 dicatur
918 1507 1076 1546 “terra
1106 1505 1352 1545 viventium
1369 1503 1403 1555 ;''
1434 1510 1483 1546 ut
1514 1503 1632 1558 apud
1664 1503 1756 1544 Da-

264 1568 429 1617 videm,

337 1652 359 1666 ‘¹
370 1650 546 1737 Jehgvffyi,
559 1651 615 1726 ΞΠ
633 1650 760 1736 {duda
777 1660 867 1687 mea.
888 1660 970 1691 pars
992 1660 1073 1682 mea
1095 1649 1131 1681 in
1149 1656 1244 1682 terra
1259 1649 1454 1682 viventium
1467 1648 1486 1662 '⁹
1502 1649 1648 1689 (Psalm.
1661 1648 1755 1684 cxlii.

535 1719 543 1727 ·
597 1719 605 1727 ·
621 1702 638 1734 5
686 1704 693 1733 ἶ
1641 1707 1651 1719 ·

265 1770 383 1824 apud
408 1771 616 1820 eundem,

346 1847 396 1880 Ut
412 1847 534 1879 videas
555 1848 578 1862 ‘⁴
589 1848 723 1879 bonum
741 1847 901 1889 Jehovae
918 1846 954 1879 in
973 1852 1068 1879 terra
1083 1846 1281 1879 viventium
1293 1845 1312 1859 '¹
1329 1845 1475 1887 (Psalm.
1490 1845 1599 1879 xxvii.
1617 1845 1670 1887 13)
1684 1855 1693 1885 ;

264 1918 383 1978 ap'ud
409 1925 617 1974 eundem,

333 2004 572 2036 “Benedicite
599 2003 722 2044 populi
755 2003 832 2035 Deo
858 1998 982 2035 nostro
986 2027 1078 2041 .....
1086 2002 1145 2044 qui
1169 2002 1271 2043 ponit
1294 2002 1452 2033 animam
1477 2007 1638 2033 nostram
1662 2001 1756 2034 inter

438 2048 600 2079 viventes
610 2047 628 2059 ''
645 2047 789 2088 (Psalm.
804 2047 888 2079 lxvi.
902 2047 932 2085 8,
947 2046 991 2087 9).

265 2142 399 2197 Quod
436 2143 657 2184 Dominus
689 2142 810 2183 solus
841 2142 981 2183 vitam
1013 2141 1179 2182 habeat
1211 2142 1255 2181 in
1286 2139 1345 2182 Se
1377 2140 1496 2194 Ipso,
1529 2147 1575 2182 et
1606 2142 1754 2182 omnis

262 2207 400 2249 homo
431 2207 570 2247 vitam
602 2205 768 2246 habeat
799 2205 856 2245 ab
893 2205 1012 2258 Ipso,
1047 2204 1150 2258 Ipse
1182 2203 1402 2245 Dominus
1434 2204 1569 2245 docet
1605 2204 1651 2245 in
1681 2217 1753 2246 se-

262 2269 503 2325 quentibus
528 2269 596 2310 his
622 2268 731 2309 locis
751 2267 961 2322 t—Apud
986 2268 1254 2316 Jolzannem,

331 2368 353 2382 ⁴‘
365 2366 462 2398 Sicut
475 2365 581 2398 Pater
594 2365 740 2397 suscitat
754 2370 915 2396 mortuos
928 2370 964 2396 et
976 2364 1140 2402 vivificat,
1158 2364 1207 2395 ita
1219 2370 1255 2395 et
1269 2363 1379 2395 Filius
1393 2373 1482 2405 quos
1495 2363 1571 2395 vult
1583 2363 1751 2397 vivificat.

238 2434 245 2460 l
442 2434 537 2442 .....
547 2409 857 2451 Quemadmodum
877 2408 983 2439 Pater
998 2408 1106 2439 habet
1122 2408 1231 2439 vitam
1249 2408 1285 2439 in
1303 2407 1348 2439 Se
1367 2407 1462 2448 Ipso,
1483 2407 1533 2439 ita
1547 2407 1645 2439 dedit
1663 2407 1754 2439 Filio

436 2454 547 2485 vitam
564 2453 694 2484 habere
711 2453 747 2484 in
765 2452 810 2484 Se
828 2452 912 2493 Ipso
923 2451 941 2464 ”
958 2451 1006 2492 (ν.
1020 2459 1072 2489 21,
1088 2451 1142 2492 26)
1156 2460 1164 2491 ;

261 2530 379 2584 apud
405 2529 614 2577 eundem,

330 2607 467 2650 “Jesus
484 2607 583 2645 dixit,
606 2607 682 2648 Ego
699 2617 777 2638 sum
797 2604 1025 2638 Resurred’cio
1049 2613 1085 2638 et
1100 2605 1204 2646 Vita;
1228 2605 1288 2647 qui
1304 2606 1415 2638 credit
1439 2605 1475 2637 in
1501 2604 1572 2644 Me,
1592 2604 1659 2637 etsi
1675 2613 1752 2637 mo-

434 2651 554 2689 riatur,
574 2650 698 2682 vivet”
716 2650 775 2691 (xi.
793 2658 845 2689 25,
861 2650 937 2691 26);

260 2728 378 2783 apud
404 2727 613 2777 eundem,

589 2807 611 2820 “
623 2805 699 2846 Ego
717 2816 794 2838 sum
812 2805 890 2844 Via,
910 2805 1062 2844 Veritas,
1083 2812 1119 2838 et
1134 2805 1246 2838 Vita”
1263 2804 1348 2847 (xiv.
1367 2805 1422 2846 6);

259 2883 377 2938 apud
403 2882 612 2931 eundem,

328 2963 350 2977 ‘⁴
362 2961 439 3003 Ego
455 2971 534 2993 sum
554 2961 661 2993 Panis
677 2961 782 2999 vitae,
794 2986 801 2994 .
817 2986 825 2994 .
837 2986 845 2994 .
860 2961 1096 2994 .deseendens
1120 2972 1139 2994 e
1163 2961 1274 3000 caelo,
1293 2966 1329 2994 et
1344 2961 1453 2993 vitam
1478 2960 1568 2992 dans
1585 2958 1720 2993 mundo
1733 2958 1753 2973 ''

432 3005 493 3047 (vi-
507 3013 561 3045 33,
575 3012 628 3045 35,
642 3011 696 3044 47,
709 3004 778 3046 48)-
