2060 3476
300 335 355 389 76
714 344 1047 379 APOCALYPSIS
1077 346 1377 380 EXPLmATA.

301 458 438 499 modo
469 458 618 512 quoad
644 439 811 509 uestes,
839 459 919 499 sed
951 459 1090 500 etiam
1118 460 1267 514 quoad
1299 466 1450 514 caput,
1475 466 1521 501 et
1548 458 1719 515 pediu&
1746 468 1793 503 et

301 519 454 573 pedes.
512 530 625 568 (Quod
639 527 759 560 “Filius
777 531 916 560 hominis
927 530 944 541 '’
961 531 1000 560 sit
1013 531 1175 561 Dominus
1193 533 1303 569 quoad
1322 532 1476 562 Divinum
1493 533 1694 567 Humanum,
1709 533 1796 562 vide-

299 587 371 612 atur
382 592 488 621 supra,
501 592 532 613 n.
545 572 598 624 63
613 593 619 618 ;
640 588 671 612 et
683 584 772 621 quod
785 580 1000 613 “candelabra
1009 583 1027 594 '⁵
1040 584 1102 613 sint
1116 584 1250 619 caelum,
1264 584 1357 614 etiam
1370 594 1476 623 supra,
1489 594 1520 615 n.
1530 574 1597 616 62.
1639 586 1704 615 Sed
1715 586 1795 615 haee

299 631 376 668 quia
389 640 506 660 arcana
519 636 601 666 sunt,
610 631 765 660 hatstenus
780 631 813 660 in
827 633 950 661 mundo
964 632 1082 669 ignota,
1095 637 1125 662 et
1139 637 1246 662 tamen
1261 637 1334 662 sunt
1348 642 1431 670 quae
1442 633 1646 671 intelligenda
1658 637 1694 663 ut
1708 642 1796 663 com-

299 678 516 716 prehendatur
528 686 638 707 sensus
657 678 799 708 internus
819 678 945 714 horum,
961 683 992 708 et
1005 680 1204 716 sequentium
1219 680 1251 708 in
1266 680 1346 709 libro
1359 680 1422 709 hoc
1435 680 1631 718 prophetico,
1647 680 1719 710 ideo
1734 680 1797 709 sin-

298 725 375 762 gula
389 725 546 763 descripta
559 729 634 754 sunt
648 725 680 754 in
695 725 801 763 specie
814 725 847 755 in
868 734 965 764 opere
980 725 1032 756 De
1050 726 1142 756 Caelo
1156 729 1189 756 et
1200 726 1350 766 Infem0:
1373 730 1419 762 ut,
1435 726 1533 763 Quod
1555 726 1707 756 Divinum
1724 727 1797 756 Hu-

298 778 430 799 manum
446 770 577 799 Domini
592 770 683 799 faciat
694 769 838 805 Caelum,
851 779 882 800 n.
900 779 990 807 7-12‚
1003 771 1115 808 78-86,
1127 780 1193 808 seq.
1236 771 1334 807 Quod
1348 771 1422 800 inde
1434 771 1568 801 Caelum
1583 771 1615 800 in
1630 775 1698 800 toto
1709 780 1797 800 com-

297 814 395 853 plexu
409 814 521 844 reserat
535 823 636 844 unum
660 814 848 850 Hominem,
864 824 895 845 n.
911 822 1021 853 59-77.
1064 815 1162 853 Quod
1177 820 1238 845 tres
1254 815 1342 846 Caeli
1363 816 1434 850 sint,
1450 820 1481 845 et
1501 817 1590 853 quod
1610 825 1795 854 supremum
1822 828 1827 836 ·

298 864 411 893 reserat
430 868 535 902 caput,
556 864 699 893 medium
721 873 849 903 corpus,
865 869 897 894 et
915 865 1063 894 ultimum
1077 866 1186 903 pedes,
1202 874 1232 895 n.
1250 865 1374 904 29-40.)
1405 854 1481 895 EX
1503 854 1573 896 hiS
1598 855 1702 896 inde
1724 855 1793 896 in-

300 914 499 957 tellectis
522 922 738 958 constare
760 923 916 970 potest
934 916 1040 971 quid
1063 916 1341 970 significatur
1358 931 1437 971 per
1458 917 1634 971 “pedes
1654 916 1792 970 Jeho·

299 978 416 1030 vae”
433 972 511 1019 seu
531 982 557 999 “
574 978 790 1020 Domini’'
806 979 851 1020 in
874 978 1044 1029 Verbo,
1068 979 1187 1033 quod
1211 992 1373 1034 nempe
1395 979 1603 1020 ultimum
1626 980 1793 1020 ordinis

300 1040 451 1083 Divini
477 1055 557 1082 seu
581 1041 814 1093 naturale;
847 1048 894 1082 et
920 1043 1023 1096 quia
1049 1048 1292 1083 externum
1318 1041 1550 1092 ecclesiae,
1574 1042 1723 1083 cultus
1745 1048 1792 1084 et

299 1103 440 1153 Verbi
466 1110 537 1145 est
564 1104 774 1145 ultimum
799 1105 967 1146 ordinis
991 1105 1141 1146 Divini
1171 1105 1215 1145 in
1248 1105 1453 1154 ecclesia,
1478 1111 1524 1146 et
1556 1111 1626 1146 est
1659 1111 1791 1146 natu-

298 1167 406 1216 rale,
425 1167 528 1208 ideo
549 1167 635 1209 hoc
659 1182 738 1222 per
761 1169 938 1222 “pedes
958 1168 1160 1222 Jehovae
1176 1168 1195 1183 ’‘
1213 1182 1290 1210 seu
1307 1168 1528 1209 “Domini
1541 1167 1559 1184 '’
1576 1169 1620 1209 in
1643 1169 1792 1222 specie

299 1229 589 1283 significatur.
652 1229 769 1284 Quia
795 1231 843 1272 id
871 1245 950 1285 per
978 1232 1154 1286 “pedes
1178 1231 1412 1285 Jehovae'’
1434 1245 1512 1273 seu
1540 1230 1792 1272 “Domini”

298 1292 590 1346 significatur,
610 1293 713 1335 ideo
732 1307 834 1335 cum
853 1293 1075 1335 Dominus
1097 1295 1213 1335 sicut
1232 1293 1440 1347 Angelus
1458 1295 1578 1335 visus
1595 1293 1791 1348 prophe-

300 1356 359 1396 tis
385 1355 507 1406 alibi,
535 1357 674 1398 etiam
701 1356 908 1398 similiter
932 1357 1052 1398 visus
1075 1363 1145 1399 est
1162 1371 1172 1409 ;
1206 1363 1254 1398 ut
1281 1356 1460 1398 Danieli
1478 1370 1486 1398 z

368 1451 530 1488 “Sustuli
547 1453 670 1484 oculos
687 1463 788 1484 meos
805 1459 840 1484 et
853 1453 926 1486 vidi
940 1463 947 1491 ;
967 1463 1047 1485 ecce
1060 1453 1124 1486 Vir
1136 1453 1280 1485 indutus
1297 1453 1426 1492 linteis,
1443 1452 1543 1493 cujus
1560 1453 1670 1484 lumbi
1687 1450 1793 1484 cincii

475 1505 563 1527 auro
582 1495 730 1537 Uphasi,
751 1506 877 1537 corpus
897 1497 984 1538 Ejus
1001 1498 1093 1529 sicut
1109 1497 1346 1529 Tharschisch
1362 1506 1386 1535 ;.
1399 1521 1407 1529 .
1422 1502 1473 1528 ,et
1489 1497 1580 1528 oculi
1599 1496 1686 1537 Ejus
1702 1497 1793 1528 sicut

474 1539 571 1571 faces
589 1539 706 1580 ignis;
731 1540 876 1586 brachia
897 1540 983 1582 Ejus
1007 1547 1042 1572 et
1059 1541 1167 1582 pedes
1189 1539 1275 1582 Ejus
1300 1541 1389 1572 sicut
1412 1540 1582 1581 splendor
1598 1540 1690 1572 aeris
1707 1540 1794 1571 levi-

462 1583 546 1623 ,gati
558 1582 576 1595 '’
593 1581 735 1626 ([Dan.]
757 1593 789 1616 x.
808 1591 836 1623 5,
854 1584 899 1625 ὑ).

300 1670 517 1714 Similiter
561 1672 759 1723 cherubi,
797 1687 877 1727 per
919 1687 1031 1727 quos
1070 1673 1340 1726 intelligitur
1381 1672 1602 1714 Dominus
1643 1672 1792 1727 quoad

300 1733 640 1787 providentiam
667 1740 714 1775 et
739 1734 997 1776 custodiam
1024 1745 1069 1783 (n.
1085 1754 1175 1783 9277,
1190 1752 1280 1783 9509·
1300 1744 1409 1784 9673),
1434 1733 1518 1775 visi
1541 1739 1646 1774 sunt
1671 1732 1791 1774 Eze-

300 1795 463 1837 chieli:

369 1886 388 1900 ‘¹
400 1884 514 1935 Pedes
530 1895 654 1969 §orum
674 1891 791 1917 erant.
807 1910 813 1917 .
828 1885 1016 1917 .micantes
1036 1884 1126 1916 sicut
1142 1884 1311 1925 splendor
1326 1883 1418 1916 aeris
1434 1883 1578 1924 levigati
1588 1882 1606 1896 ’'
1622 1879 1791 1925 ([Ezech.]

474 1938 495 1960 ι.
515 1936 532 1967 7
548 1953 555 1960 .

305 2015 520 2057 Similiter
546 2016 766 2057 Dominus
788 2017 908 2057 visus
931 2022 979 2057 ut
1006 2015 1214 2069 Angelus
1241 2022 1402 2070 postea
1426 2016 1470 2057 in
1487 2016 1791 2070 Apocahtpsi:

372 2110 486 2142 “Vidi
506 2109 682 2150 Angelum
707 2110 982 2141 descendentem
1008 2109 1052 2141 de
1076 2109 1185 2146 caelo,
1205 2107 1373 2141 amietum
1398 2110 1502 2147 nube,
1523 2115 1558 2141 et
1575 2110 1635 2142 iris
1659 2110 1789 2142 circum

477 2160 592 2194 caput.
609 2160 644 2185 et
658 2153 765 2185 facies
781 2153 866 2194 Ejus
879 2159 917 2185 ut
931 2154 995 2191 sol,
1012 2159 1047 2184 et
1060 2153 1167 2193 pedes
1183 2152 1268 2193 Ejus
1285 2159 1453 2194 tanquam
1468 2153 1654 2185 columnae
1667 2154 1760 2195 ignis
1771 2153 1790 2166 ”

477 2198 525 2237 (x.
545 2197 586 2237 1).

306 2283 423 2338 Quia
445 2285 549 2326 talis
567 2286 686 2325 visus
708 2292 777 2326 est
797 2285 1017 2325 Dominus
1035 2285 1183 2338 quoad
1205 2284 1358 2338 pedes,
1378 2284 1479 2326 ideo
1497 2285 1579 2325 sub
1601 2284 1789 2339 pedibus

303 2349 425 2389 visus
450 2355 520 2389 est
547 2348 812 2401 quibusdam
839 2362 898 2388 ex
925 2347 1023 2388 filiis
1050 2346 1242 2396 Israelis,

336 2474 338 2477 ,
373 2445 395 2459 ‘¹
407 2444 606 2527 SimztEopzs
623 2444 751 2494 lapidis
769 2444 938 2527 3apphiri,
954 2450 990 2476 et
1006 2444 1106 2485 quasi
1121 2443 1321 2475 substantia
1334 2443 1422 2475 caeli
1436 2444 1552 2485 quoad
1569 2444 1758 2485 puritatem
1770 2443 1789 2457 ''

525 2498 568 2518 xo
593 2497 711 2519 .xxiv.
731 2496 772 2518 10
797 2497 804 2526 ;

303 2576 423 2630 quod
459 2576 679 2617 Dominus
715 2575 801 2616 illis
834 2589 923 2616 non
954 2577 1075 2616 visus
1111 2576 1168 2616 sit
1205 2575 1353 2629 quoad
1385 2575 1523 2628 pedes
1560 2576 1639 2616 sed
1668 2575 1788 2616 “sub

303 2638 529 2693 pedibus‚’'
555 2645 651 2679 erat
678 2652 812 2679 causa
843 2640 944 2692 quia
971 2652 1060 2679 non
1091 2639 1135 2679 in
1161 2644 1354 2679 externo
1380 2638 1611 2687 ecclesiae,
1639 2637 1787 2679 cultus

303 2708 349 2742 et
372 2701 512 2742 Verbi
538 2707 681 2749 erant,
709 2701 788 2742 Sed
815 2702 897 2742 Sub
922 2701 1000 2742 illo
1027 2711 1184 2749 (videatur
1197 2712 1229 2740 in
1245 2712 1404 2741 Doctrina
1418 2713 1528 2741 Novae
1541 2712 1787 2750 Hierosolymae,

302 2781 333 2802 n.
350 2771 435 2809 248).
505 2761 730 2814 Quoniam
765 2762 940 2814 “pedes
970 2760 1201 2814 Jehovae'’
1228 2774 1304 2801 seu
1340 2761 1591 2802 “Domini’'
1617 2760 1785 2814 signifi-

302 2830 408 2865 cant
431 2823 638 2865 ultimum
660 2824 826 2864 ordinis
849 2824 1012 2872 Divini,
1037 2829 1082 2864 et
1106 2823 1190 2864 hoc
1217 2824 1260 2863 in
1283 2824 1431 2876 specie
1453 2829 1523 2864 est
1545 2817 1787 2864 externum'

303 2886 533 2934 ecclesiae,
575 2885 722 2927 cultus
767 2892 812 2927 et
854 2886 1007 2933 Verbi,
1049 2886 1151 2927 ideo
1195 2885 1281 2926 hoc
1321 2887 1365 2926 in
1405 2886 1560 2926 Verbo
1598 2890 1786 2926 vocatur

304 2948 588 2990 “scabellum
616 2949 779 3002 pedum
807 2948 1122 3002 Ipsius':''—Ut
1147 2948 1265 3002 apud
1290 2947 1495 2998 Esaiam,
