2060 3476
621 345 728 379 CAP.
751 344 837 386 111.‚
861 345 999 378 VERS.
1029 336 1199 378 18.—N.
1223 335 1393 391 242[a].
1675 338 1752 390 381

259 465 380 502 stare
412 465 568 514 potest
600 458 706 513 quid
737 459 983 512 genuinum
1014 457 1183 499 bonum
1215 458 1336 513 quod
1368 458 1648 512 significatur
1679 473 1758 513 per

262 526 455 564 “aurum
487 522 778 576 exploratum
809 521 956 575 igne,‘’
987 521 1107 575 quod
1143 535 1308 575 nempe
1344 536 1371 563 a
1402 521 1512 563 Solo
1544 522 1756 563 Domino.

260 585 488 639 Quoniam
510 587 554 627 in
577 586 756 639 scriptis
778 585 835 626 ad
858 584 1093 638 Angelum
1115 584 1245 638 hujus
1268 584 1507 626 Ecclesiae
1529 586 1679 639 agitur
1700 586 1757 627 de

259 649 346 690 illis
372 650 446 703 qui
471 650 630 690 vivunt
663 648 911 690 secundum
943 646 1196 689 d0&rinam
1229 648 1286 689 de
1317 648 1416 689 sola
1446 648 1547 698 fide,
1576 655 1623 690 et
1654 650 1758 702 quia

258 712 323 753 illi
353 713 428 766 qui
459 726 508 753 se
534 711 916 753 confirmaverunt
942 711 986 752 in
1012 710 1103 760 illa,
1132 712 1205 765 qui
1236 712 1280 752 in
1307 712 1478 752 mundo
1503 712 1608 753 inde
1635 710 1756 753 docti

198 816 202 820 ,
258 776 411 817 vocati
443 782 562 824 sunt,
590 781 835 829 potuerunt
868 773 1140 816 connectere
1171 774 1284 815 salsa
1305 776 1436 824 veris,
1464 789 1517 816 ac
1544 776 1757 816 inducere

258 840 574 893 apparentiam
615 839 730 880 sicut
768 852 875 879 vera
915 845 1036 879 esset
1080 837 1300 887 doctrina,
1339 839 1442 880 ideo
1484 839 1642 880 datum
1685 845 1756 880 est

258 916 361 944 cum
392 902 660 956 quibusdam
692 916 751 942 ex
781 901 867 942 illis
899 902 943 942 in
974 901 1120 943 altera
1147 902 1243 943 vita
1271 902 1419 956 loqui;
1463 909 1510 943 et
1543 903 1646 956 quia
1679 901 1756 942 illa

258 979 374 1019 quae
397 972 506 1006 tunc
529 971 688 1006 mutuo
711 963 831 1006 dieta
857 971 976 1013 sunt,
997 972 1186 1018 possunt
1209 966 1425 1006 inservire
1447 965 1754 1012 illustrationi,

257 1028 394 1070 velim
420 1043 474 1070 ea
499 1029 668 1070 afferre.
729 1026 865 1069 Docti
890 1028 954 1068 illi
979 1043 1038 1069 ex
1059 1029 1273 1082 opinione
1298 1029 1343 1069 in
1370 1029 1539 1070 mundo
1565 1035 1756 1083 putave-

258 1099 361 1133 runt
402 1092 523 1146 quod
560 1092 670 1133 fides
707 1098 829 1132 esset
863 1091 1024 1133 dabilis
1063 1093 1232 1146 absque
1270 1091 1510 1141 charitate,
1551 1099 1598 1134 et
1635 1092 1757 1146 quod

257 1155 397 1196 homo
418 1155 688 1208 justificetur
713 1169 793 1208 per
817 1154 942 1195 illam
969 1154 1128 1195 solam.
1191 1154 1350 1196 Sermo
1372 1169 1527 1196 eorum
1554 1162 1651 1196 erat
1674 1155 1754 1196 ad-

258 1219 443 1260 modum
474 1219 752 1272 ingeniosus,
785 1217 981 1258 dicendo
1022 1217 1144 1271 quod
1176 1217 1288 1258 fides
1325 1218 1496 1271 absque
1528 1218 1756 1259 charitate

257 1282 421 1323 dabilis
453 1283 525 1331 sit,
554 1296 614 1323 ex
645 1295 783 1323 causa
813 1282 916 1335 quia
948 1282 1067 1334 prior
1094 1287 1179 1329 est,
1208 1287 1254 1322 et
1288 1295 1367 1335 per
1397 1281 1522 1322 illam
1547 1282 1686 1323 homo
1712 1283 1756 1322 in

257 1346 380 1387 bono
411 1351 496 1386 est.
572 1344 764 1398 “Quis,’'
795 1345 1026 1391 dixerunt,
1063 1348 1193 1385 “non
1226 1345 1410 1385 credere
1447 1351 1603 1398 potest
1635 1345 1756 1399 quod

258 1409 382 1450 Deus
407 1409 496 1450 sit?
527 1409 648 1463 quod
671 1407 874 1449 Verbum
901 1408 960 1449 sit
983 1407 1227 1448 Divinum?
1260 1414 1306 1448 et
1332 1407 1508 1456 similia,
1532 1422 1647 1462 quae
1674 1410 1757 1450 nisi

257 1473 550 1514 crederentur
586 1485 677 1513 non
718 1477 906 1525 possent
943 1472 1082 1525 recipi
1122 1478 1169 1512 et
1207 1473 1399 1525 cogitari
1436 1472 1494 1512 ab
1534 1472 1757 1529 hpmine.”

258 1535 591 1578 Concluserunt
622 1535 728 1576 inde
754 1535 875 1589 quod
907 1534 1018 1575 fides
1050 1534 1212 1575 dabilis
1239 1535 1297 1576 sit
1328 1535 1499 1588 absque
1531 1535 1757 1577 charitate

257 1600 360 1653 quia
382 1599 615 1653 praecedit
638 1612 716 1639 seu
738 1599 858 1652 prior
879 1604 976 1648 est;
1009 1604 1056 1639 et
1079 1598 1115 1638 si
1132 1598 1308 1646 dabilis,
1330 1598 1451 1651 quod
1471 1598 1654 1639 salvans
1681 1600 1754 1645 sit,

257 1662 361 1715 quia
386 1661 525 1703 homo
552 1675 643 1702 non
670 1667 824 1715 potest
857 1661 1028 1702 bonum
1054 1661 1202 1702 facere
1230 1675 1256 1702 a
1287 1675 1362 1711 se;
1395 1675 1533 1715 quare
1565 1663 1649 1702 nisi
1680 1661 1757 1703 illa

257 1724 456 1765 salvaret
475 1738 634 1765 omnes
657 1725 881 1777 perirent:
915 1724 1087 1778 absque
1113 1723 1202 1765 fide
1229 1738 1312 1765 nec
1337 1725 1521 1765 daretur
1543 1738 1756 1778 praesen-

257 1789 322 1828 tia
358 1788 444 1828 Dei
481 1787 599 1841 apud
636 1787 789 1838 illum;
833 1793 880 1828 et
917 1788 953 1828 si
986 1800 1078 1828 non
1116 1787 1376 1840 praesentia
1414 1787 1514 1836 Dei,
1542 1794 1755 1841 regnaret

237 1850 427 1892 ⁷malum
459 1857 506 1891 et
538 1864 630 1891 non
661 1850 794 1891 alicui
820 1856 942 1891 esset
974 1850 1156 1891 bonum.
1219 1850 1348 1891 Haec
1381 1850 1595 1890 dixerunt
1621 1849 1756 1891 intel-

257 1913 337 1967 ligi
384 1927 463 1967 per
489 1913 863 1966 justificationem
900 1927 979 1967 per
1010 1912 1157 1954 solam
1189 1912 1338 1954 fidem.
1400 1912 1490 1954 Sed
1523 1919 1756 1954 ostensum

256 1976 344 2017 illis
370 1983 442 2018 est
471 1977 592 2031 quod
619 1990 711 2018 non
737 1976 848 2017 fides
875 1982 998 2017 esset
1025 1977 1109 2016 nisi
1135 1976 1267 2017 simul
1294 1975 1522 2026 charitas;
1556 1982 1602 2017 et
1634 1976 1754 2029 quod

257 2041 474 2082 dixerunt
506 2054 608 2082 esse
634 2040 784 2089 fidem,
809 2054 908 2081 esse
935 2039 1081 2080 solum
1108 2040 1411 2093 cognitiones,
1440 2040 1755 2093 quae.primae

257 2111 364 2145 sunt
391 2105 530 2146 cuivis
556 2104 743 2154 homini,
772 2110 821 2145 ut
847 2104 968 2158 quod
995 2104 1120 2145 Deus
1146 2105 1219 2153 sit,
1244 2110 1290 2145 et
1323 2103 1443 2157 quod
1467 2102 1670 2144 Verbum
1698 2103 1756 2143 sit

258 2168 485 2217 Divinum,
510 2182 562 2209 ac
590 2168 779 2219 similia;
813 2174 859 2209 et
882 2167 1004 2222 quod
1030 2167 1135 2208 illae
1162 2168 1452 2220 cognitiones
1476 2180 1567 2207 non
1594 2167 1684 2207 sint
1712 2166 1755 2206 in

256 2230 456 2280 homine,
485 2231 565 2272 sed
598 2232 642 2272 in
684 2232 872 2272 introitu
905 2231 962 2271 ad
1002 2230 1143 2279 illum,
1177 2232 1251 2284 qui
1282 2236 1353 2271 est
1392 2229 1484 2283 ejus
1523 2230 1754 2277 memoria,

199 2309 205 2317 ¹
257 2294 515 2348 priusquam
541 2301 646 2336 sunt
672 2295 716 2335 in
743 2293 835 2347 ejus
862 2293 1129 2349 voluntatej
1163 2300 1209 2335 et
1235 2300 1455 2348 quantum
1482 2294 1526 2334 in
1554 2292 1647 2345 ejus
1674 2307 1755 2333 vo·

257 2356 436 2398 luntate
474 2363 594 2412 sunt,
628 2364 808 2398 tantum
846 2358 890 2398 in
922 2359 1020 2411 ipso
1057 2357 1255 2406 homine,
1290 2370 1395 2397 nam
1432 2356 1645 2397 voluntas
1683 2363 1755 2397 est

257 2420 353 2473 ipse
380 2419 545 2471 homo;
578 2427 625 2462 et
651 2427 870 2474 quantum
896 2421 940 2461 in
967 2420 1207 2461 voluntate
1234 2426 1354 2469 sunt,
1384 2426 1564 2461 tantum
1590 2420 1634 2460 in
1661 2419 1756 2472 ejus

260 2484 357 2523 visu
388 2489 508 2531 sunt,
538 2484 612 2537 qui
643 2490 712 2524 est
744 2483 868 2524 fides.
931 2483 1062 2537 Ipsae
1094 2483 1381 2536 cognitiones
1413 2497 1528 2536 quae
1560 2496 1744 2536 praece-

261 2545 389 2593 dunt,
406 2559 457 2586 ac
476 2546 520 2586 in
538 2546 634 2586 visu
651 2545 845 2587 naturali
862 2552 1082 2600 apparent
1102 2546 1216 2586 sicut
1235 2546 1368 2592 credi.
1386 2559 1476 2586 non
1496 2546 1614 2598 prius
1631 2544 1745 2585 fiunt

257 2607 386 2658 fidei;
424 2608 528 2649 inde
561 2614 631 2649 est
662 2608 782 2661 quod
813 2609 934 2648 visus
967 2608 1296 2660 cognitionum,
1325 2607 1404 2660 *qui
1436 2612 1620 2660 putatur
1651 2619 1752 2646 esse

257 2670 376 2720 fidei,
402 2671 589 2712 recedat
621 2671 678 2711 ab
703 2671 887 2712 homine
919 2671 1175 2711 successive
1207 2676 1341 2723 prout
1373 2670 1408 2710 is
1440 2670 1597 2723 incipit
1630 2668 1749 2710 male

255 2736 460 2788 cogitare
482 2748 542 2775 ex
565 2734 682 2775 male
705 2733 836 2783 velle,
862 2740 908 2775 et
931 2747 1108 2788 quoque
1129 2734 1301 2774 recedit
1324 2733 1382 2774 ab
1403 2733 1481 2774 illo
1504 2739 1608 2786 post
1632 2746 1753 2773 mor-

255 2806 351 2841 tem
380 2811 484 2840 cum
515 2797 655 2838 homo
680 2796 730 2838 fit
756 2797 952 2851 spiritus,
981 2798 1016 2837 si
1048 2810 1140 2838 non
1166 2797 1453 2850 cognitiones
1484 2796 1752 2837 irradicatae

255 2868 360 2902 sunt
386 2862 508 2902 vitae
541 2860 649 2913 erS‚
683 2860 770 2901 hoc
798 2866 882 2910 est,
909 2860 1139 2901 voluntati
1170 2866 1247 2900 aut
1279 2860 1420 2900 amori
1451 2859 1557 2912 ejus.
1619 2858 1753 2899 Illus-

254 2932 401 2966 tretur
432 2924 519 2965 hoc
557 2937 636 2978 per
667 2923 1058 2977 comparationem
1091 2936 1193 2963 cum
1225 2922 1489 2963 ventriculis
1526 2922 1599 2975 qui
1631 2921 1752 2975 apud

255 3002 362 3030 aves
379 2994 426 3029 et
452 2987 571 3041 apud
598 2986 812 3028 animalia
829 2991 992 3035 terrae,
1012 2986 1086 3039 qui
1103 2991 1327 3026 vocantur
1349 2984 1587 3026 ventriculi
1614 2983 1750 3025 rumi-
