<?xml version="1.0" encoding="UTF-8"?>
<!DOCTYPE html PUBLIC "-//W3C//DTD XHTML 1.0 Transitional//EN"
    "http://www.w3.org/TR/xhtml1/DTD/xhtml1-transitional.dtd">
<html xmlns="http://www.w3.org/1999/xhtml" xml:lang="en" lang="en">
 <head>
  <title>
</title>
<meta http-equiv="Content-Type" content="text/html;charset=utf-8" />
  <meta name='ocr-system' content='tesseract 3.04.00' />
  <meta name='ocr-capabilities' content='ocr_page ocr_carea ocr_par ocr_line ocrx_word'/>
</head>
<body>
  <div class='ocr_page' id='page_1' title='image "apocalypsisexpli01sweduoft_0643.png"; bbox 0 0 2060 3476; ppageno 0'>
   <div class='ocr_carea' id='block_1_1' title="bbox 667 371 1779 428">
    <p class='ocr_par' dir='ltr' id='par_1_1' title="bbox 667 371 1779 428">
     <span class='ocr_line' id='line_1_1' title="bbox 667 371 1779 428; baseline -0.004 -10"><span class='ocrx_word' id='word_1_1' title='bbox 667 385 774 418; x_wconf 88' lang='lat' dir='ltr'><strong>CAP.</strong></span> <span class='ocrx_word' id='word_1_2' title='bbox 796 384 856 426; x_wconf 89' lang='lat' dir='ltr'>v.,</span> <span class='ocrx_word' id='word_1_3' title='bbox 879 383 1018 417; x_wconf 81' lang='lat' dir='ltr'>VERs.</span> <span class='ocrx_word' id='word_1_4' title='bbox 1046 383 1215 416; x_wconf 90' lang='lat' dir='ltr'>12.—N.</span> <span class='ocrx_word' id='word_1_5' title='bbox 1241 372 1406 428; x_wconf 86' lang='lat' dir='ltr'>340[a].</span> <span class='ocrx_word' id='word_1_6' title='bbox 1697 371 1779 425; x_wconf 86' lang='lat'>637</span> 
     </span>
    </p>
   </div>
   <div class='ocr_carea' id='block_1_2' title="bbox 291 493 1782 554">
    <p class='ocr_par' dir='ltr' id='par_1_2' title="bbox 291 493 1782 554">
     <span class='ocr_line' id='line_1_2' title="bbox 291 493 1782 554; baseline -0.005 -12"><span class='ocrx_word' id='word_1_7' title='bbox 291 499 402 542; x_wconf 90' lang='lat' dir='ltr'>tatis</span> <span class='ocrx_word' id='word_1_8' title='bbox 433 513 542 553; x_wconf 89' lang='lat' dir='ltr'>erga</span> <span class='ocrx_word' id='word_1_9' title='bbox 571 499 841 554; x_wconf 86' lang='lat' dir='ltr'>proximum,</span> <span class='ocrx_word' id='word_1_10' title='bbox 869 503 916 540; x_wconf 93' lang='lat' dir='ltr'>et</span> <span class='ocrx_word' id='word_1_11' title='bbox 947 510 1102 539; x_wconf 88' lang='lat' dir='ltr'>verum</span> <span class='ocrx_word' id='word_1_12' title='bbox 1133 495 1365 550; x_wconf 86' lang='lat' dir='ltr'>spirituale</span> <span class='ocrx_word' id='word_1_13' title='bbox 1397 500 1467 536; x_wconf 92' lang='lat' dir='ltr'>est</span> <span class='ocrx_word' id='word_1_14' title='bbox 1493 507 1648 536; x_wconf 89' lang='lat' dir='ltr'>verum</span> <span class='ocrx_word' id='word_1_15' title='bbox 1679 493 1782 534; x_wconf 89' lang='lat' dir='ltr'>fidei</span> 
     </span>
    </p>
   </div>
   <div class='ocr_carea' id='block_1_3' title="bbox 290 561 1782 667">
    <p class='ocr_par' dir='ltr' id='par_1_3' title="bbox 290 561 1782 667">
     <span class='ocr_line' id='line_1_3' title="bbox 291 561 1782 610; baseline -0.006 -7"><span class='ocrx_word' id='word_1_16' title='bbox 291 575 351 602; x_wconf 76' lang='lat' dir='ltr'>CX</span> <span class='ocrx_word' id='word_1_17' title='bbox 368 561 448 603; x_wconf 80' lang='lat' dir='ltr'>illo</span> <span class='ocrx_word' id='word_1_18' title='bbox 464 562 587 603; x_wconf 85' lang='lat' dir='ltr'>bono</span> <span class='ocrx_word' id='word_1_19' title='bbox 606 574 615 602; x_wconf 88' lang='lat'>:</span> <span class='ocrx_word' id='word_1_20' title='bbox 639 571 743 610; x_wconf 88' lang='lat' dir='ltr'>(quod</span> <span class='ocrx_word' id='word_1_21' title='bbox 755 568 773 580; x_wconf 82' lang='lat'>‘¹</span> <span class='ocrx_word' id='word_1_22' title='bbox 784 570 1047 608; x_wconf 84' lang='lat' dir='ltr'><strong>congregationes</strong></span> <span class='ocrx_word' id='word_1_23' title='bbox 1058 569 1075 580; x_wconf 88' lang='lat'>’&#39;</span> <span class='ocrx_word' id='word_1_24' title='bbox 1088 570 1121 599; x_wconf 91' lang='lat' dir='ltr'>in</span> <span class='ocrx_word' id='word_1_25' title='bbox 1132 569 1242 599; x_wconf 90' lang='lat' dir='ltr'>Verbo</span> <span class='ocrx_word' id='word_1_26' title='bbox 1254 569 1401 598; x_wconf 89' lang='lat' dir='ltr'>dicantur</span> <span class='ocrx_word' id='word_1_27' title='bbox 1415 568 1455 596; x_wconf 86' lang='lat' dir='ltr'>de</span> <span class='ocrx_word' id='word_1_28' title='bbox 1466 567 1547 596; x_wconf 86' lang='lat' dir='ltr'>veris</span> <span class='ocrx_word' id='word_1_29' title='bbox 1559 566 1782 604; x_wconf 82' lang='lat' dir='ltr'>spiritualibus.</span> 
     </span>
     <span class='ocr_line' id='line_1_4' title="bbox 290 608 1781 667; baseline -0.004 -13"><span class='ocrx_word' id='word_1_30' title='bbox 290 626 435 655; x_wconf 82' lang='lat' dir='ltr'>videatur</span> <span class='ocrx_word' id='word_1_31' title='bbox 443 626 662 663; x_wconf 82' lang='lat'><strong>1¹·6355.7843</strong></span> <span class='ocrx_word' id='word_1_32' title='bbox 674 625 696 663; x_wconf 69' lang='grc' dir='ltr'>ε)</span> <span class='ocrx_word' id='word_1_33' title='bbox 711 614 814 667; x_wconf 92' lang='lat' dir='ltr'>quia</span> <span class='ocrx_word' id='word_1_34' title='bbox 829 627 909 666; x_wconf 89' lang='lat' dir='ltr'>per</span> <span class='ocrx_word' id='word_1_35' title='bbox 925 617 951 634; x_wconf 83' lang='lat'>‘⁴</span> <span class='ocrx_word' id='word_1_36' title='bbox 964 612 1236 653; x_wconf 88' lang='lat' dir='ltr'>benedicere</span> <span class='ocrx_word' id='word_1_37' title='bbox 1253 612 1297 651; x_wconf 90' lang='lat' dir='ltr'>in</span> <span class='ocrx_word' id='word_1_38' title='bbox 1313 609 1750 663; x_wconf 82' lang='lat' dir='ltr'>congregationibus</span> <span class='ocrx_word' id='word_1_39' title='bbox 1762 608 1781 622; x_wconf 87' lang='lat'>&#39;’</span> 
     </span>
    </p>
   </div>
   <div class='ocr_carea' id='block_1_4' title="bbox 286 670 1783 1297">
    <p class='ocr_par' dir='ltr' id='par_1_4' title="bbox 286 670 1783 1297">
     <span class='ocr_line' id='line_1_5' title="bbox 291 670 1781 730; baseline -0.005 -12"><span class='ocrx_word' id='word_1_40' title='bbox 291 676 570 730; x_wconf 90' lang='lat' dir='ltr'>significatur</span> <span class='ocrx_word' id='word_1_41' title='bbox 590 674 859 729; x_wconf 90' lang='lat' dir='ltr'>glorificatio</span> <span class='ocrx_word' id='word_1_42' title='bbox 879 688 940 715; x_wconf 85' lang='lat' dir='ltr'>ex</span> <span class='ocrx_word' id='word_1_43' title='bbox 961 674 1078 714; x_wconf 92' lang='lat' dir='ltr'>veris</span> <span class='ocrx_word' id='word_1_44' title='bbox 1101 671 1419 726; x_wconf 87' lang='lat' dir='ltr'>spiritualibus,</span> <span class='ocrx_word' id='word_1_45' title='bbox 1439 677 1486 712; x_wconf 92' lang='lat' dir='ltr'>et</span> <span class='ocrx_word' id='word_1_46' title='bbox 1509 684 1587 724; x_wconf 90' lang='lat' dir='ltr'>per</span> <span class='ocrx_word' id='word_1_47' title='bbox 1606 670 1781 711; x_wconf 86' lang='lat' dir='ltr'>“bene-</span> 
     </span>
     <span class='ocr_line' id='line_1_6' title="bbox 290 733 1782 791; baseline -0.005 -10"><span class='ocrx_word' id='word_1_48' title='bbox 290 740 440 781; x_wconf 88' lang='lat' dir='ltr'>dicere</span> <span class='ocrx_word' id='word_1_49' title='bbox 466 754 490 781; x_wconf 94' lang='lat' dir='ltr'>e</span> <span class='ocrx_word' id='word_1_50' title='bbox 515 740 641 780; x_wconf 90' lang='lat' dir='ltr'>fonte</span> <span class='ocrx_word' id='word_1_51' title='bbox 666 736 891 780; x_wconf 73' lang='lat' dir='ltr'>[¹¹salutis”</span> <span class='ocrx_word' id='word_1_52' title='bbox 916 736 1196 791; x_wconf 89' lang='lat' dir='ltr'>significatur</span> <span class='ocrx_word' id='word_1_53' title='bbox 1221 749 1245 776; x_wconf 94' lang='lat' dir='ltr'>e</span> <span class='ocrx_word' id='word_1_54' title='bbox 1271 735 1392 775; x_wconf 93' lang='lat' dir='ltr'>bono</span> <span class='ocrx_word' id='word_1_55' title='bbox 1418 733 1652 788; x_wconf 86' lang='lat' dir='ltr'>spirituali,</span> <span class='ocrx_word' id='word_1_56' title='bbox 1680 733 1782 774; x_wconf 91' lang='lat' dir='ltr'>ideo</span> 
     </span>
     <span class='ocr_line' id='line_1_7' title="bbox 289 795 1782 850; baseline -0.005 -6"><span class='ocrx_word' id='word_1_57' title='bbox 289 803 452 844; x_wconf 89' lang='lat' dir='ltr'>dicitur</span> <span class='ocrx_word' id='word_1_58' title='bbox 469 806 494 823; x_wconf 90' lang='lat'>“</span> <span class='ocrx_word' id='word_1_59' title='bbox 510 801 664 843; x_wconf 91' lang='lat' dir='ltr'>Deus&#39;&#39;</span> <span class='ocrx_word' id='word_1_60' title='bbox 681 802 737 843; x_wconf 91' lang='lat' dir='ltr'>de</span> <span class='ocrx_word' id='word_1_61' title='bbox 755 800 857 850; x_wconf 92' lang='lat' dir='ltr'>illis,</span> <span class='ocrx_word' id='word_1_62' title='bbox 872 806 919 841; x_wconf 93' lang='lat' dir='ltr'>et</span> <span class='ocrx_word' id='word_1_63' title='bbox 936 804 961 820; x_wconf 91' lang='lat'>“</span> <span class='ocrx_word' id='word_1_64' title='bbox 976 799 1195 840; x_wconf 91' lang='lat' dir='ltr'>Dominus</span> <span class='ocrx_word' id='word_1_65' title='bbox 1207 797 1226 813; x_wconf 92' lang='lat'>’&#39;</span> <span class='ocrx_word' id='word_1_66' title='bbox 1240 798 1296 839; x_wconf 90' lang='lat' dir='ltr'>de</span> <span class='ocrx_word' id='word_1_67' title='bbox 1314 797 1400 838; x_wconf 92' lang='lat' dir='ltr'>hoc</span> <span class='ocrx_word' id='word_1_68' title='bbox 1419 812 1428 847; x_wconf 92' lang='lat'>;</span> <span class='ocrx_word' id='word_1_69' title='bbox 1455 801 1480 817; x_wconf 92' lang='lat'><strong>“</strong></span> <span class='ocrx_word' id='word_1_70' title='bbox 1494 796 1617 837; x_wconf 90' lang='lat' dir='ltr'>Deus</span> <span class='ocrx_word' id='word_1_71' title='bbox 1629 795 1648 811; x_wconf 79' lang='lat'>’⁹</span> <span class='ocrx_word' id='word_1_72' title='bbox 1662 796 1782 837; x_wconf 90' lang='lat' dir='ltr'>enim</span> 
     </span>
     <span class='ocr_line' id='line_1_8' title="bbox 289 858 1781 916; baseline -0.005 -9"><span class='ocrx_word' id='word_1_73' title='bbox 289 867 334 907; x_wconf 91' lang='lat' dir='ltr'>in</span> <span class='ocrx_word' id='word_1_74' title='bbox 372 865 528 907; x_wconf 87' lang='lat' dir='ltr'>Verbo</span> <span class='ocrx_word' id='word_1_75' title='bbox 564 866 727 906; x_wconf 92' lang='lat' dir='ltr'>dicitur</span> <span class='ocrx_word' id='word_1_76' title='bbox 764 864 838 905; x_wconf 89' lang='lat' dir='ltr'>ubi</span> <span class='ocrx_word' id='word_1_77' title='bbox 878 864 1028 916; x_wconf 90' lang='lat' dir='ltr'>agitur</span> <span class='ocrx_word' id='word_1_78' title='bbox 1063 862 1120 903; x_wconf 89' lang='lat' dir='ltr'>de</span> <span class='ocrx_word' id='word_1_79' title='bbox 1156 862 1286 916; x_wconf 80' lang='lat' dir='ltr'>veris,</span> <span class='ocrx_word' id='word_1_80' title='bbox 1325 874 1377 902; x_wconf 90' lang='lat' dir='ltr'>ac</span> <span class='ocrx_word' id='word_1_81' title='bbox 1418 858 1698 913; x_wconf 87' lang='lat' dir='ltr'>“Jehovah’&#39;</span> <span class='ocrx_word' id='word_1_82' title='bbox 1735 865 1781 900; x_wconf 91' lang='lat' dir='ltr'>et</span> 
     </span>
     <span class='ocr_line' id='line_1_9' title="bbox 294 923 1781 981; baseline -0.005 -11"><span class='ocrx_word' id='word_1_83' title='bbox 294 928 586 969; x_wconf 88' lang='lat' dir='ltr'>“Dominus”</span> <span class='ocrx_word' id='word_1_84' title='bbox 609 928 682 969; x_wconf 89' lang='lat' dir='ltr'>ubi</span> <span class='ocrx_word' id='word_1_85' title='bbox 707 928 858 981; x_wconf 88' lang='lat' dir='ltr'>agitur</span> <span class='ocrx_word' id='word_1_86' title='bbox 882 927 938 968; x_wconf 92' lang='lat' dir='ltr'>de</span> <span class='ocrx_word' id='word_1_87' title='bbox 960 926 1106 967; x_wconf 87' lang='lat' dir='ltr'>bono:</span> <span class='ocrx_word' id='word_1_88' title='bbox 1140 924 1260 979; x_wconf 92' lang='lat' dir='ltr'>quod</span> <span class='ocrx_word' id='word_1_89' title='bbox 1286 923 1557 977; x_wconf 88' lang='lat' dir='ltr'>glorificatio</span> <span class='ocrx_word' id='word_1_90' title='bbox 1583 923 1641 963; x_wconf 89' lang='lat' dir='ltr'>sit</span> <span class='ocrx_word' id='word_1_91' title='bbox 1667 936 1781 976; x_wconf 91' lang='lat' dir='ltr'>quae</span> 
     </span>
     <span class='ocr_line' id='line_1_10' title="bbox 287 986 1780 1045; baseline -0.005 -12"><span class='ocrx_word' id='word_1_92' title='bbox 287 991 559 1044; x_wconf 86' lang='lat' dir='ltr'>intelligitur</span> <span class='ocrx_word' id='word_1_93' title='bbox 584 1005 662 1045; x_wconf 91' lang='lat' dir='ltr'>per</span> <span class='ocrx_word' id='word_1_94' title='bbox 686 988 1030 1038; x_wconf 90' lang='lat' dir='ltr'>“benedicere‚&#39;’</span> <span class='ocrx_word' id='word_1_95' title='bbox 1053 994 1238 1030; x_wconf 89' lang='lat' dir='ltr'>constat</span> <span class='ocrx_word' id='word_1_96' title='bbox 1265 1002 1324 1028; x_wconf 86' lang='lat' dir='ltr'>ex</span> <span class='ocrx_word' id='word_1_97' title='bbox 1349 1001 1418 1036; x_wconf 88' lang='lat' dir='ltr'>eo,</span> <span class='ocrx_word' id='word_1_98' title='bbox 1442 986 1562 1040; x_wconf 91' lang='lat' dir='ltr'>quod</span> <span class='ocrx_word' id='word_1_99' title='bbox 1589 986 1674 1027; x_wconf 92' lang='lat' dir='ltr'>hoc</span> <span class='ocrx_word' id='word_1_100' title='bbox 1698 987 1780 1026; x_wconf 92' lang='lat' dir='ltr'>im-</span> 
     </span>
     <span class='ocr_line' id='line_1_11' title="bbox 288 1044 1781 1108; baseline -0.005 -13"><span class='ocrx_word' id='word_1_101' title='bbox 288 1055 487 1095; x_wconf 85' lang='lat' dir='ltr'>mediate</span> <span class='ocrx_word' id='word_1_102' title='bbox 505 1060 719 1108; x_wconf 90' lang='lat' dir='ltr'>sequatur</span> <span class='ocrx_word' id='word_1_103' title='bbox 736 1059 840 1107; x_wconf 87' lang='lat' dir='ltr'>post</span> <span class='ocrx_word' id='word_1_104' title='bbox 858 1053 970 1093; x_wconf 91' lang='lat' dir='ltr'>haec</span> <span class='ocrx_word' id='word_1_105' title='bbox 985 1051 1124 1093; x_wconf 89' lang='lat' dir='ltr'>verba</span> <span class='ocrx_word' id='word_1_106' title='bbox 1143 1051 1520 1092; x_wconf 85' lang='lat' dir='ltr'>“Praecesserunt</span> <span class='ocrx_word' id='word_1_107' title='bbox 1539 1044 1781 1090; x_wconf 77' lang='lat' dir='ltr'>cantantes</span> 
     </span>
     <span class='ocr_line' id='line_1_12' title="bbox 287 1111 1783 1171; baseline -0.005 -12"><span class='ocrx_word' id='word_1_108' title='bbox 287 1124 392 1171; x_wconf 90' lang='lat' dir='ltr'>post</span> <span class='ocrx_word' id='word_1_109' title='bbox 427 1117 675 1171; x_wconf 91' lang='lat' dir='ltr'>pulsantes,</span> <span class='ocrx_word' id='word_1_110' title='bbox 710 1117 755 1157; x_wconf 91' lang='lat' dir='ltr'>in</span> <span class='ocrx_word' id='word_1_111' title='bbox 786 1116 936 1157; x_wconf 92' lang='lat' dir='ltr'>medio</span> <span class='ocrx_word' id='word_1_112' title='bbox 966 1115 1190 1168; x_wconf 90' lang='lat' dir='ltr'>virginum</span> <span class='ocrx_word' id='word_1_113' title='bbox 1222 1111 1672 1167; x_wconf 88' lang='lat' dir='ltr'>tympanizantium,”</span> <span class='ocrx_word' id='word_1_114' title='bbox 1703 1125 1783 1165; x_wconf 86' lang='lat' dir='ltr'>per</span> 
     </span>
     <span class='ocr_line' id='line_1_13' title="bbox 286 1175 1781 1235; baseline -0.005 -13"><span class='ocrx_word' id='word_1_115' title='bbox 286 1195 401 1235; x_wconf 90' lang='lat' dir='ltr'>quae</span> <span class='ocrx_word' id='word_1_116' title='bbox 427 1181 547 1235; x_wconf 90' lang='lat' dir='ltr'>quod</span> <span class='ocrx_word' id='word_1_117' title='bbox 579 1179 858 1234; x_wconf 89' lang='lat' dir='ltr'>significetur</span> <span class='ocrx_word' id='word_1_118' title='bbox 889 1177 1160 1232; x_wconf 87' lang='lat' dir='ltr'>glorificatio</span> <span class='ocrx_word' id='word_1_119' title='bbox 1191 1191 1251 1218; x_wconf 88' lang='lat' dir='ltr'>ex</span> <span class='ocrx_word' id='word_1_120' title='bbox 1276 1177 1393 1218; x_wconf 91' lang='lat' dir='ltr'>veris</span> <span class='ocrx_word' id='word_1_121' title='bbox 1419 1183 1466 1217; x_wconf 90' lang='lat' dir='ltr'>et</span> <span class='ocrx_word' id='word_1_122' title='bbox 1497 1177 1627 1217; x_wconf 92' lang='lat' dir='ltr'>bonis</span> <span class='ocrx_word' id='word_1_123' title='bbox 1653 1175 1781 1229; x_wconf 89' lang='lat' dir='ltr'>spiri—</span> 
     </span>
     <span class='ocr_line' id='line_1_14' title="bbox 286 1239 1675 1297; baseline -0.004 -12"><span class='ocrx_word' id='word_1_124' title='bbox 286 1243 498 1293; x_wconf 85' lang='lat' dir='ltr'>tualibus,</span> <span class='ocrx_word' id='word_1_125' title='bbox 521 1244 728 1285; x_wconf 89' lang='lat' dir='ltr'>videatur</span> <span class='ocrx_word' id='word_1_126' title='bbox 753 1256 887 1296; x_wconf 90' lang='lat' dir='ltr'>supra</span> <span class='ocrx_word' id='word_1_127' title='bbox 915 1240 977 1297; x_wconf 78' lang='lat' dir='ltr'>(n,</span> <span class='ocrx_word' id='word_1_128' title='bbox 1003 1252 1097 1294; x_wconf 82' lang='lat'>323,</span> <span class='ocrx_word' id='word_1_129' title='bbox 1123 1239 1239 1295; x_wconf 87' lang='lat'><strong>326).</strong></span> <span class='ocrx_word' id='word_1_130' title='bbox 1301 1240 1441 1294; x_wconf 91' lang='lat' dir='ltr'>Apud</span> <span class='ocrx_word' id='word_1_131' title='bbox 1467 1240 1675 1288; x_wconf 90' lang='lat' dir='ltr'>eundem,</span> 
     </span>
    </p>
   </div>
   <div class='ocr_carea' id='block_1_5' title="bbox 355 1329 1780 1461">
    <p class='ocr_par' dir='ltr' id='par_1_5' title="bbox 355 1329 1780 1461">
     <span class='ocr_line' id='line_1_15' title="bbox 355 1329 1777 1375; baseline -0.004 -9"><span class='ocrx_word' id='word_1_132' title='bbox 355 1335 378 1349; x_wconf 77' lang='lat'>‘⁴</span> <span class='ocrx_word' id='word_1_133' title='bbox 389 1333 542 1366; x_wconf 77' lang='lat' dir='ltr'>Caritate</span> <span class='ocrx_word' id='word_1_134' title='bbox 558 1333 717 1375; x_wconf 89' lang='lat' dir='ltr'>Jehovae</span> <span class='ocrx_word' id='word_1_135' title='bbox 740 1332 916 1364; x_wconf 89' lang='lat' dir='ltr'>canticum</span> <span class='ocrx_word' id='word_1_136' title='bbox 934 1341 1082 1369; x_wconf 88' lang='lat' dir='ltr'>novum,</span> <span class='ocrx_word' id='word_1_137' title='bbox 1105 1335 1247 1362; x_wconf 86' lang='lat' dir='ltr'>cantate</span> <span class='ocrx_word' id='word_1_138' title='bbox 1270 1329 1430 1372; x_wconf 89' lang='lat' dir='ltr'>Jehovae</span> <span class='ocrx_word' id='word_1_139' title='bbox 1450 1329 1569 1361; x_wconf 91' lang='lat' dir='ltr'>omnis</span> <span class='ocrx_word' id='word_1_140' title='bbox 1586 1335 1692 1366; x_wconf 88' lang='lat' dir='ltr'>terra,</span> <span class='ocrx_word' id='word_1_141' title='bbox 1703 1353 1711 1361; x_wconf 87' lang='lat'><strong>.</strong></span> <span class='ocrx_word' id='word_1_142' title='bbox 1726 1353 1734 1360; x_wconf 86' lang='lat'><strong>.</strong></span> <span class='ocrx_word' id='word_1_143' title='bbox 1747 1354 1754 1360; x_wconf 90' lang='lat'><em>.</em></span> <span class='ocrx_word' id='word_1_144' title='bbox 1770 1353 1777 1360; x_wconf 89' lang='lat'>.</span> 
     </span>
     <span class='ocr_line' id='line_1_16' title="bbox 463 1372 1780 1416; baseline -0.005 -7"><span class='ocrx_word' id='word_1_145' title='bbox 463 1377 666 1409; x_wconf 89' lang='lat' dir='ltr'>Benedicite</span> <span class='ocrx_word' id='word_1_146' title='bbox 677 1376 708 1407; x_wconf 94' lang='lat' dir='ltr'>N</span> <span class='ocrx_word' id='word_1_147' title='bbox 712 1376 825 1407; x_wconf 89' lang='lat' dir='ltr'>omini</span> <span class='ocrx_word' id='word_1_148' title='bbox 838 1375 966 1416; x_wconf 90' lang='lat' dir='ltr'>Ipsius,</span> <span class='ocrx_word' id='word_1_149' title='bbox 981 1375 1224 1415; x_wconf 88' lang='lat' dir='ltr'>evangelizate</span> <span class='ocrx_word' id='word_1_150' title='bbox 1235 1384 1254 1405; x_wconf 91' lang='lat' dir='ltr'>e</span> <span class='ocrx_word' id='word_1_151' title='bbox 1265 1374 1322 1405; x_wconf 89' lang='lat' dir='ltr'>die</span> <span class='ocrx_word' id='word_1_152' title='bbox 1333 1374 1369 1405; x_wconf 93' lang='lat' dir='ltr'>in</span> <span class='ocrx_word' id='word_1_153' title='bbox 1381 1373 1474 1405; x_wconf 89' lang='lat' dir='ltr'>diem</span> <span class='ocrx_word' id='word_1_154' title='bbox 1487 1373 1638 1405; x_wconf 89' lang='lat' dir='ltr'>salutem</span> <span class='ocrx_word' id='word_1_155' title='bbox 1652 1372 1780 1413; x_wconf 90' lang='lat' dir='ltr'>Ipsius,</span> 
     </span>
     <span class='ocr_line' id='line_1_17' title="bbox 460 1415 1622 1461; baseline -0.003 -9"><span class='ocrx_word' id='word_1_156' title='bbox 460 1426 667 1452; x_wconf 88' lang='lat' dir='ltr'>enumerate</span> <span class='ocrx_word' id='word_1_157' title='bbox 683 1420 720 1451; x_wconf 90' lang='lat' dir='ltr'>in</span> <span class='ocrx_word' id='word_1_158' title='bbox 736 1420 904 1461; x_wconf 87' lang='lat' dir='ltr'>gentibus</span> <span class='ocrx_word' id='word_1_159' title='bbox 920 1419 1071 1460; x_wconf 89' lang='lat' dir='ltr'>gloriam</span> <span class='ocrx_word' id='word_1_160' title='bbox 1092 1418 1209 1459; x_wconf 87' lang='lat' dir='ltr'>Ipsius</span> <span class='ocrx_word' id='word_1_161' title='bbox 1220 1417 1239 1430; x_wconf 87' lang='lat'>¹’</span> <span class='ocrx_word' id='word_1_162' title='bbox 1256 1417 1403 1458; x_wconf 83' lang='lat' dir='ltr'>(Psalm.</span> <span class='ocrx_word' id='word_1_163' title='bbox 1417 1418 1508 1449; x_wconf 85' lang='lat' dir='ltr'>xcvi.</span> <span class='ocrx_word' id='word_1_164' title='bbox 1526 1415 1600 1457; x_wconf 84' lang='lat'>1—3)</span> <span class='ocrx_word' id='word_1_165' title='bbox 1615 1426 1622 1454; x_wconf 87' lang='lat'>;</span> 
     </span>
    </p>
   </div>
   <div class='ocr_carea' id='block_1_6' title="bbox 283 1500 1784 1996">
    <p class='ocr_par' dir='ltr' id='par_1_6' title="bbox 283 1500 1784 1996">
     <span class='ocr_line' id='line_1_18' title="bbox 286 1500 1782 1560; baseline -0.005 -13"><span class='ocrx_word' id='word_1_166' title='bbox 286 1505 408 1560; x_wconf 91' lang='lat' dir='ltr'>quod</span> <span class='ocrx_word' id='word_1_167' title='bbox 442 1505 748 1546; x_wconf 90' lang='lat' dir='ltr'>“benedicere</span> <span class='ocrx_word' id='word_1_168' title='bbox 782 1501 1016 1557; x_wconf 87' lang='lat' dir='ltr'>Jehovae¹’</span> <span class='ocrx_word' id='word_1_169' title='bbox 1046 1502 1118 1543; x_wconf 93' lang='lat' dir='ltr'>hic</span> <span class='ocrx_word' id='word_1_170' title='bbox 1156 1502 1214 1543; x_wconf 92' lang='lat' dir='ltr'>sit</span> <span class='ocrx_word' id='word_1_171' title='bbox 1255 1500 1507 1555; x_wconf 87' lang='lat' dir='ltr'>glorificare</span> <span class='ocrx_word' id='word_1_172' title='bbox 1545 1501 1699 1554; x_wconf 91' lang='lat' dir='ltr'>Ipsum</span> <span class='ocrx_word' id='word_1_173' title='bbox 1736 1506 1782 1541; x_wconf 89' lang='lat' dir='ltr'>et</span> 
     </span>
     <span class='ocr_line' id='line_1_19' title="bbox 286 1563 1782 1622; baseline -0.004 -13"><span class='ocrx_word' id='word_1_174' title='bbox 286 1569 457 1622; x_wconf 85' lang='lat' dir='ltr'>gratias</span> <span class='ocrx_word' id='word_1_175' title='bbox 483 1581 618 1621; x_wconf 82' lang='lat' dir='ltr'>agere</span> <span class='ocrx_word' id='word_1_176' title='bbox 645 1567 749 1621; x_wconf 91' lang='lat' dir='ltr'>Ipsi,</span> <span class='ocrx_word' id='word_1_177' title='bbox 774 1572 932 1620; x_wconf 80' lang='lat' dir='ltr'>patet3</span> <span class='ocrx_word' id='word_1_178' title='bbox 966 1571 1013 1606; x_wconf 92' lang='lat' dir='ltr'>et</span> <span class='ocrx_word' id='word_1_179' title='bbox 1039 1565 1142 1619; x_wconf 89' lang='lat' dir='ltr'>quia</span> <span class='ocrx_word' id='word_1_180' title='bbox 1167 1565 1314 1605; x_wconf 91' lang='lat' dir='ltr'>omnis</span> <span class='ocrx_word' id='word_1_181' title='bbox 1340 1563 1611 1617; x_wconf 89' lang='lat' dir='ltr'>glorificatio</span> <span class='ocrx_word' id='word_1_182' title='bbox 1638 1563 1782 1616; x_wconf 90' lang='lat' dir='ltr'>Ipsius</span> 
     </span>
     <span class='ocr_line' id='line_1_20' title="bbox 286 1625 1784 1683; baseline -0.004 -12"><span class='ocrx_word' id='word_1_183' title='bbox 286 1637 356 1671; x_wconf 89' lang='lat' dir='ltr'>est</span> <span class='ocrx_word' id='word_1_184' title='bbox 383 1644 443 1671; x_wconf 87' lang='lat' dir='ltr'>ex</span> <span class='ocrx_word' id='word_1_185' title='bbox 465 1630 581 1671; x_wconf 89' lang='lat' dir='ltr'>veris</span> <span class='ocrx_word' id='word_1_186' title='bbox 603 1628 907 1683; x_wconf 88' lang='lat' dir='ltr'>spiritualibus</span> <span class='ocrx_word' id='word_1_187' title='bbox 934 1634 981 1669; x_wconf 88' lang='lat' dir='ltr'>et</span> <span class='ocrx_word' id='word_1_188' title='bbox 1007 1641 1067 1668; x_wconf 88' lang='lat' dir='ltr'>ex</span> <span class='ocrx_word' id='word_1_189' title='bbox 1093 1627 1215 1668; x_wconf 92' lang='lat' dir='ltr'>bono</span> <span class='ocrx_word' id='word_1_190' title='bbox 1237 1625 1471 1680; x_wconf 79' lang='lat' dir='ltr'>spirituali,</span> <span class='ocrx_word' id='word_1_191' title='bbox 1495 1626 1598 1666; x_wconf 91' lang='lat' dir='ltr'>ideo</span> <span class='ocrx_word' id='word_1_192' title='bbox 1621 1626 1784 1666; x_wconf 87' lang='lat' dir='ltr'>dicitur</span> 
     </span>
     <span class='ocr_line' id='line_1_21' title="bbox 288 1689 1782 1745; baseline -0.004 -11"><span class='ocrx_word' id='word_1_193' title='bbox 288 1693 592 1734; x_wconf 86' lang='lat' dir='ltr'>“Benedicite</span> <span class='ocrx_word' id='word_1_194' title='bbox 630 1692 813 1732; x_wconf 91' lang='lat' dir='ltr'>Nomini</span> <span class='ocrx_word' id='word_1_195' title='bbox 851 1691 1011 1745; x_wconf 88' lang='lat' dir='ltr'>Ipsius,</span> <span class='ocrx_word' id='word_1_196' title='bbox 1050 1689 1367 1743; x_wconf 90' lang='lat' dir='ltr'>evangelizate</span> <span class='ocrx_word' id='word_1_197' title='bbox 1407 1703 1431 1730; x_wconf 95' lang='lat' dir='ltr'>e</span> <span class='ocrx_word' id='word_1_198' title='bbox 1469 1689 1540 1729; x_wconf 93' lang='lat' dir='ltr'>die</span> <span class='ocrx_word' id='word_1_199' title='bbox 1581 1690 1625 1729; x_wconf 93' lang='lat' dir='ltr'>in</span> <span class='ocrx_word' id='word_1_200' title='bbox 1662 1689 1782 1729; x_wconf 91' lang='lat' dir='ltr'>diem</span> 
     </span>
     <span class='ocr_line' id='line_1_22' title="bbox 285 1751 1783 1809; baseline -0.003 -13"><span class='ocrx_word' id='word_1_201' title='bbox 285 1755 480 1796; x_wconf 90' lang='lat' dir='ltr'>salutem</span> <span class='ocrx_word' id='word_1_202' title='bbox 499 1755 643 1809; x_wconf 92' lang='lat' dir='ltr'>Ipsius</span> <span class='ocrx_word' id='word_1_203' title='bbox 661 1753 694 1805; x_wconf 86' lang='lat'>;’&#39;</span> <span class='ocrx_word' id='word_1_204' title='bbox 717 1754 855 1795; x_wconf 90' lang='lat' dir='ltr'>etiam</span> <span class='ocrx_word' id='word_1_205' title='bbox 876 1757 900 1773; x_wconf 92' lang='lat'>“</span> <span class='ocrx_word' id='word_1_206' title='bbox 914 1752 1111 1794; x_wconf 92' lang='lat' dir='ltr'>nomen”</span> <span class='ocrx_word' id='word_1_207' title='bbox 1129 1752 1292 1793; x_wconf 92' lang='lat' dir='ltr'>dicitur</span> <span class='ocrx_word' id='word_1_208' title='bbox 1309 1752 1365 1792; x_wconf 91' lang='lat' dir='ltr'>de</span> <span class='ocrx_word' id='word_1_209' title='bbox 1383 1752 1513 1799; x_wconf 86' lang='lat' dir='ltr'>veris,</span> <span class='ocrx_word' id='word_1_210' title='bbox 1531 1757 1577 1792; x_wconf 88' lang='lat' dir='ltr'>et</span> <span class='ocrx_word' id='word_1_211' title='bbox 1594 1755 1619 1771; x_wconf 87' lang='lat'><em>“</em></span> <span class='ocrx_word' id='word_1_212' title='bbox 1632 1751 1752 1791; x_wconf 89' lang='lat' dir='ltr'>salus</span> <span class='ocrx_word' id='word_1_213' title='bbox 1765 1751 1783 1766; x_wconf 91' lang='lat'>&#39;&#39;</span> 
     </span>
     <span class='ocr_line' id='line_1_23' title="bbox 284 1813 1781 1871; baseline -0.004 -12"><span class='ocrx_word' id='word_1_214' title='bbox 284 1818 342 1859; x_wconf 92' lang='lat' dir='ltr'>de</span> <span class='ocrx_word' id='word_1_215' title='bbox 363 1818 484 1859; x_wconf 91' lang='lat' dir='ltr'>bono</span> <span class='ocrx_word' id='word_1_216' title='bbox 501 1831 510 1858; x_wconf 90' lang='lat'><strong>:</strong></span> <span class='ocrx_word' id='word_1_217' title='bbox 543 1817 664 1871; x_wconf 92' lang='lat' dir='ltr'>quod</span> <span class='ocrx_word' id='word_1_218' title='bbox 685 1819 909 1857; x_wconf 87' lang='lat' dir='ltr'>“cantare</span> <span class='ocrx_word' id='word_1_219' title='bbox 926 1816 1156 1856; x_wconf 91' lang='lat' dir='ltr'>canticum</span> <span class='ocrx_word' id='word_1_220' title='bbox 1170 1814 1189 1829; x_wconf 93' lang='lat'>”</span> <span class='ocrx_word' id='word_1_221' title='bbox 1208 1813 1431 1867; x_wconf 88' lang='lat' dir='ltr'>significet</span> <span class='ocrx_word' id='word_1_222' title='bbox 1450 1813 1703 1867; x_wconf 90' lang='lat' dir='ltr'>glorificare</span> <span class='ocrx_word' id='word_1_223' title='bbox 1722 1827 1781 1854; x_wconf 88' lang='lat' dir='ltr'>ex</span> 
     </span>
     <span class='ocr_line' id='line_1_24' title="bbox 283 1875 1780 1931; baseline -0.004 -10"><span class='ocrx_word' id='word_1_224' title='bbox 283 1879 371 1921; x_wconf 91' lang='lat' dir='ltr'>illis</span> <span class='ocrx_word' id='word_1_225' title='bbox 385 1881 501 1921; x_wconf 93' lang='lat' dir='ltr'>veris</span> <span class='ocrx_word' id='word_1_226' title='bbox 518 1886 565 1921; x_wconf 90' lang='lat' dir='ltr'>et</span> <span class='ocrx_word' id='word_1_227' title='bbox 583 1893 643 1920; x_wconf 87' lang='lat' dir='ltr'>ex</span> <span class='ocrx_word' id='word_1_228' title='bbox 661 1878 740 1920; x_wconf 91' lang='lat' dir='ltr'>illo</span> <span class='ocrx_word' id='word_1_229' title='bbox 756 1878 891 1928; x_wconf 93' lang='lat' dir='ltr'>bono,</span> <span class='ocrx_word' id='word_1_230' title='bbox 904 1878 1112 1919; x_wconf 89' lang='lat' dir='ltr'>videatur</span> <span class='ocrx_word' id='word_1_231' title='bbox 1126 1890 1259 1931; x_wconf 90' lang='lat' dir='ltr'>supra</span> <span class='ocrx_word' id='word_1_232' title='bbox 1278 1875 1339 1931; x_wconf 89' lang='lat' dir='ltr'>(n.</span> <span class='ocrx_word' id='word_1_233' title='bbox 1356 1887 1406 1929; x_wconf 87' lang='lat'>32</span> <span class='ocrx_word' id='word_1_234' title='bbox 1413 1875 1565 1930; x_wconf 86' lang='lat' dir='ltr'>3[b‚c]‚</span> <span class='ocrx_word' id='word_1_235' title='bbox 1580 1875 1780 1930; x_wconf 88' lang='lat' dir='ltr'>326[d]).</span> 
     </span>
     <span class='ocr_line' id='line_1_25' title="bbox 283 1941 627 1996; baseline 0 -14"><span class='ocrx_word' id='word_1_236' title='bbox 283 1941 423 1996; x_wconf 78' lang='lat' dir='ltr'>Apud</span> <span class='ocrx_word' id='word_1_237' title='bbox 449 1941 627 1990; x_wconf 92' lang='lat' dir='ltr'>Mosen,</span> 
     </span>
    </p>
   </div>
   <div class='ocr_carea' id='block_1_7' title="bbox 355 2027 1782 2116">
    <p class='ocr_par' dir='ltr' id='par_1_7' title="bbox 355 2027 1782 2116">
     <span class='ocr_line' id='line_1_26' title="bbox 355 2027 1782 2074; baseline -0.003 -11"><span class='ocrx_word' id='word_1_238' title='bbox 355 2031 518 2074; x_wconf 89' lang='lat' dir='ltr'>Jehovah</span> <span class='ocrx_word' id='word_1_239' title='bbox 537 2030 645 2071; x_wconf 88' lang='lat' dir='ltr'>elegit</span> <span class='ocrx_word' id='word_1_240' title='bbox 663 2030 755 2062; x_wconf 90' lang='lat' dir='ltr'>filios</span> <span class='ocrx_word' id='word_1_241' title='bbox 776 2029 862 2061; x_wconf 91' lang='lat' dir='ltr'>Levi</span> <span class='ocrx_word' id='word_1_242' title='bbox 882 2029 960 2061; x_wconf 87' lang='lat' dir='ltr'>“ad</span> <span class='ocrx_word' id='word_1_243' title='bbox 979 2028 1257 2061; x_wconf 87' lang='lat' dir='ltr'>ministrandum</span> <span class='ocrx_word' id='word_1_244' title='bbox 1280 2028 1364 2069; x_wconf 93' lang='lat' dir='ltr'>Ipsi,</span> <span class='ocrx_word' id='word_1_245' title='bbox 1385 2033 1420 2060; x_wconf 86' lang='lat' dir='ltr'>et</span> <span class='ocrx_word' id='word_1_246' title='bbox 1436 2028 1481 2060; x_wconf 90' lang='lat' dir='ltr'>ad</span> <span class='ocrx_word' id='word_1_247' title='bbox 1500 2027 1782 2059; x_wconf 88' lang='lat' dir='ltr'>benedicendum</span> 
     </span>
     <span class='ocr_line' id='line_1_27' title="bbox 457 2072 1361 2116; baseline -0.002 -10"><span class='ocrx_word' id='word_1_248' title='bbox 457 2075 493 2107; x_wconf 92' lang='lat' dir='ltr'>in</span> <span class='ocrx_word' id='word_1_249' title='bbox 511 2075 658 2106; x_wconf 89' lang='lat' dir='ltr'>nomine</span> <span class='ocrx_word' id='word_1_250' title='bbox 674 2074 834 2116; x_wconf 88' lang='lat' dir='ltr'>Jehovae</span> <span class='ocrx_word' id='word_1_251' title='bbox 845 2073 864 2086; x_wconf 88' lang='lat'><strong>”</strong></span> <span class='ocrx_word' id='word_1_252' title='bbox 881 2073 1000 2114; x_wconf 85' lang='lat' dir='ltr'>(Deut.</span> <span class='ocrx_word' id='word_1_253' title='bbox 1014 2083 1048 2106; x_wconf 86' lang='lat' dir='ltr'>x.</span> <span class='ocrx_word' id='word_1_254' title='bbox 1064 2074 1082 2104; x_wconf 89' lang='lat'>8</span> <span class='ocrx_word' id='word_1_255' title='bbox 1097 2083 1104 2112; x_wconf 88' lang='lat'>;</span> <span class='ocrx_word' id='word_1_256' title='bbox 1129 2082 1205 2114; x_wconf 88' lang='lat' dir='ltr'>cap.</span> <span class='ocrx_word' id='word_1_257' title='bbox 1220 2073 1290 2104; x_wconf 88' lang='lat' dir='ltr'>xxi.</span> <span class='ocrx_word' id='word_1_258' title='bbox 1307 2072 1339 2112; x_wconf 88' lang='lat'>5)</span> <span class='ocrx_word' id='word_1_259' title='bbox 1353 2081 1361 2110; x_wconf 73' lang='grc' dir='ltr'>ς</span> 
     </span>
    </p>
   </div>
   <div class='ocr_carea' id='block_1_8' title="bbox 282 2154 1784 2667">
    <p class='ocr_par' dir='ltr' id='par_1_8' title="bbox 282 2154 1784 2667">
     <span class='ocr_line' id='line_1_28' title="bbox 283 2154 1782 2213; baseline -0.003 -14"><span class='ocrx_word' id='word_1_260' title='bbox 283 2159 386 2213; x_wconf 92' lang='lat' dir='ltr'>quia</span> <span class='ocrx_word' id='word_1_261' title='bbox 407 2157 483 2199; x_wconf 90' lang='lat' dir='ltr'>filii</span> <span class='ocrx_word' id='word_1_262' title='bbox 506 2155 855 2212; x_wconf 39' lang='lat' dir='ltr'>Levi-,praefecti</span> <span class='ocrx_word' id='word_1_263' title='bbox 877 2163 1006 2198; x_wconf 90' lang='lat' dir='ltr'>erant</span> <span class='ocrx_word' id='word_1_264' title='bbox 1030 2155 1170 2198; x_wconf 90' lang='lat' dir='ltr'>cultui</span> <span class='ocrx_word' id='word_1_265' title='bbox 1194 2156 1374 2205; x_wconf 89' lang='lat' dir='ltr'>Divino,</span> <span class='ocrx_word' id='word_1_266' title='bbox 1395 2162 1442 2197; x_wconf 93' lang='lat' dir='ltr'>et</span> <span class='ocrx_word' id='word_1_267' title='bbox 1465 2156 1611 2196; x_wconf 91' lang='lat' dir='ltr'>omnis</span> <span class='ocrx_word' id='word_1_268' title='bbox 1634 2154 1782 2196; x_wconf 90' lang='lat' dir='ltr'>cultus</span> 
     </span>
     <span class='ocr_line' id='line_1_29' title="bbox 284 2218 1783 2274; baseline -0.003 -12"><span class='ocrx_word' id='word_1_269' title='bbox 284 2221 474 2262; x_wconf 91' lang='lat' dir='ltr'>Divinus</span> <span class='ocrx_word' id='word_1_270' title='bbox 498 2221 549 2262; x_wconf 91' lang='lat' dir='ltr'>fit</span> <span class='ocrx_word' id='word_1_271' title='bbox 575 2235 634 2262; x_wconf 88' lang='lat' dir='ltr'>ex</span> <span class='ocrx_word' id='word_1_272' title='bbox 660 2221 782 2262; x_wconf 92' lang='lat' dir='ltr'>bono</span> <span class='ocrx_word' id='word_1_273' title='bbox 809 2219 1030 2274; x_wconf 86' lang='lat' dir='ltr'>spirituali</span> <span class='ocrx_word' id='word_1_274' title='bbox 1052 2226 1099 2261; x_wconf 89' lang='lat' dir='ltr'>et</span> <span class='ocrx_word' id='word_1_275' title='bbox 1126 2233 1185 2260; x_wconf 87' lang='lat' dir='ltr'>ex</span> <span class='ocrx_word' id='word_1_276' title='bbox 1212 2220 1327 2260; x_wconf 86' lang='lat' dir='ltr'>veris</span> <span class='ocrx_word' id='word_1_277' title='bbox 1353 2219 1472 2267; x_wconf 88' lang='lat' dir='ltr'>inde,</span> <span class='ocrx_word' id='word_1_278' title='bbox 1496 2219 1599 2259; x_wconf 93' lang='lat' dir='ltr'>ideo</span> <span class='ocrx_word' id='word_1_279' title='bbox 1622 2218 1783 2259; x_wconf 90' lang='lat' dir='ltr'>dicitur</span> 
     </span>
     <span class='ocr_line' id='line_1_30' title="bbox 284 2281 1782 2338; baseline -0.003 -13"><span class='ocrx_word' id='word_1_280' title='bbox 284 2285 404 2338; x_wconf 94' lang='lat' dir='ltr'>quod</span> <span class='ocrx_word' id='word_1_281' title='bbox 433 2283 674 2337; x_wconf 87' lang='lat' dir='ltr'>“Jehovah</span> <span class='ocrx_word' id='word_1_282' title='bbox 700 2283 892 2337; x_wconf 89' lang='lat' dir='ltr'>elegerit</span> <span class='ocrx_word' id='word_1_283' title='bbox 924 2283 1027 2325; x_wconf 90' lang='lat' dir='ltr'>illos</span> <span class='ocrx_word' id='word_1_284' title='bbox 1059 2282 1116 2323; x_wconf 91' lang='lat' dir='ltr'>ad</span> <span class='ocrx_word' id='word_1_285' title='bbox 1148 2282 1497 2323; x_wconf 90' lang='lat' dir='ltr'>ministrandum</span> <span class='ocrx_word' id='word_1_286' title='bbox 1532 2281 1623 2335; x_wconf 90' lang='lat' dir='ltr'>Ipsi</span> <span class='ocrx_word' id='word_1_287' title='bbox 1652 2287 1698 2322; x_wconf 90' lang='lat' dir='ltr'>et</span> <span class='ocrx_word' id='word_1_288' title='bbox 1726 2281 1782 2321; x_wconf 92' lang='lat' dir='ltr'>ad</span> 
     </span>
     <span class='ocr_line' id='line_1_31' title="bbox 283 2344 1781 2400; baseline -0.003 -11"><span class='ocrx_word' id='word_1_289' title='bbox 283 2347 643 2389; x_wconf 91' lang='lat' dir='ltr'>benedicendum</span> <span class='ocrx_word' id='word_1_290' title='bbox 661 2348 705 2387; x_wconf 92' lang='lat' dir='ltr'>in</span> <span class='ocrx_word' id='word_1_291' title='bbox 721 2347 903 2388; x_wconf 92' lang='lat' dir='ltr'>nomine</span> <span class='ocrx_word' id='word_1_292' title='bbox 922 2346 1066 2400; x_wconf 91' lang='lat' dir='ltr'>Ipsius</span> <span class='ocrx_word' id='word_1_293' title='bbox 1085 2345 1118 2397; x_wconf 90' lang='lat'>;&#39;’</span> <span class='ocrx_word' id='word_1_294' title='bbox 1141 2352 1187 2387; x_wconf 93' lang='lat' dir='ltr'>et</span> <span class='ocrx_word' id='word_1_295' title='bbox 1206 2359 1284 2399; x_wconf 92' lang='lat' dir='ltr'>per</span> <span class='ocrx_word' id='word_1_296' title='bbox 1300 2349 1326 2366; x_wconf 87' lang='lat'>“</span> <span class='ocrx_word' id='word_1_297' title='bbox 1339 2344 1626 2386; x_wconf 88' lang='lat' dir='ltr'>ministrare”</span> <span class='ocrx_word' id='word_1_298' title='bbox 1641 2344 1781 2397; x_wconf 90' lang='lat' dir='ltr'>signi-</span> 
     </span>
     <span class='ocr_line' id='line_1_32' title="bbox 282 2406 1781 2463; baseline -0.003 -12"><span class='ocrx_word' id='word_1_299' title='bbox 282 2410 442 2452; x_wconf 89' lang='lat' dir='ltr'>ficatur</span> <span class='ocrx_word' id='word_1_300' title='bbox 458 2410 606 2451; x_wconf 91' lang='lat' dir='ltr'>cultus</span> <span class='ocrx_word' id='word_1_301' title='bbox 624 2424 683 2451; x_wconf 87' lang='lat' dir='ltr'>ex</span> <span class='ocrx_word' id='word_1_302' title='bbox 701 2410 823 2451; x_wconf 96' lang='lat' dir='ltr'>bono</span> <span class='ocrx_word' id='word_1_303' title='bbox 845 2409 1079 2463; x_wconf 90' lang='lat' dir='ltr'>spirituali,</span> <span class='ocrx_word' id='word_1_304' title='bbox 1099 2415 1146 2450; x_wconf 92' lang='lat' dir='ltr'>et</span> <span class='ocrx_word' id='word_1_305' title='bbox 1165 2423 1243 2462; x_wconf 91' lang='lat' dir='ltr'>per</span> <span class='ocrx_word' id='word_1_306' title='bbox 1260 2408 1565 2449; x_wconf 87' lang='lat' dir='ltr'>“benedicere</span> <span class='ocrx_word' id='word_1_307' title='bbox 1579 2407 1597 2422; x_wconf 92' lang='lat'>”</span> <span class='ocrx_word' id='word_1_308' title='bbox 1612 2406 1781 2460; x_wconf 90' lang='lat' dir='ltr'>signifi-</span> 
     </span>
     <span class='ocr_line' id='line_1_33' title="bbox 283 2471 1784 2526; baseline -0.002 -12"><span class='ocrx_word' id='word_1_309' title='bbox 283 2479 413 2514; x_wconf 87' lang='lat' dir='ltr'>catur</span> <span class='ocrx_word' id='word_1_310' title='bbox 423 2472 571 2514; x_wconf 91' lang='lat' dir='ltr'>cultus</span> <span class='ocrx_word' id='word_1_311' title='bbox 582 2487 642 2513; x_wconf 85' lang='lat' dir='ltr'>ex</span> <span class='ocrx_word' id='word_1_312' title='bbox 653 2473 768 2513; x_wconf 91' lang='lat' dir='ltr'>veris</span> <span class='ocrx_word' id='word_1_313' title='bbox 786 2472 1093 2526; x_wconf 89' lang='lat' dir='ltr'>spiritualibus</span> <span class='ocrx_word' id='word_1_314' title='bbox 1111 2486 1120 2523; x_wconf 89' lang='lat'><strong>;</strong></span> <span class='ocrx_word' id='word_1_315' title='bbox 1145 2471 1264 2526; x_wconf 93' lang='lat' dir='ltr'>quod</span> <span class='ocrx_word' id='word_1_316' title='bbox 1280 2475 1304 2492; x_wconf 90' lang='lat'><em>“</em></span> <span class='ocrx_word' id='word_1_317' title='bbox 1318 2471 1595 2512; x_wconf 89' lang='lat' dir='ltr'>ministrare”</span> <span class='ocrx_word' id='word_1_318' title='bbox 1607 2471 1784 2512; x_wconf 89' lang='lat' dir='ltr'>dicatur</span> 
     </span>
     <span class='ocr_line' id='line_1_34' title="bbox 284 2534 1757 2589; baseline -0.002 -12"><span class='ocrx_word' id='word_1_319' title='bbox 284 2536 341 2577; x_wconf 89' lang='lat' dir='ltr'>de</span> <span class='ocrx_word' id='word_1_320' title='bbox 358 2535 483 2577; x_wconf 90' lang='lat' dir='ltr'>cultu</span> <span class='ocrx_word' id='word_1_321' title='bbox 501 2549 560 2577; x_wconf 88' lang='lat' dir='ltr'>ex</span> <span class='ocrx_word' id='word_1_322' title='bbox 577 2536 712 2585; x_wconf 93' lang='lat' dir='ltr'>bono,</span> <span class='ocrx_word' id='word_1_323' title='bbox 734 2536 941 2577; x_wconf 90' lang='lat' dir='ltr'>videatur</span> <span class='ocrx_word' id='word_1_324' title='bbox 959 2549 1092 2589; x_wconf 89' lang='lat' dir='ltr'>supra</span> <span class='ocrx_word' id='word_1_325' title='bbox 1112 2534 1173 2589; x_wconf 91' lang='lat' dir='ltr'>(n.</span> <span class='ocrx_word' id='word_1_326' title='bbox 1198 2534 1310 2589; x_wconf 86' lang='lat'><strong>155).</strong></span> <span class='ocrx_word' id='word_1_327' title='bbox 1361 2534 1500 2588; x_wconf 90' lang='lat' dir='ltr'>Apud</span> <span class='ocrx_word' id='word_1_328' title='bbox 1519 2534 1757 2582; x_wconf 89' lang='lat' dir='ltr'>Davidem,</span> 
     </span>
     <span class='ocr_line' id='line_1_35' title="bbox 354 2623 1784 2667; baseline -0.001 -11"><span class='ocrx_word' id='word_1_329' title='bbox 354 2624 564 2667; x_wconf 85' lang='lat' dir='ltr'>“Jehovah.</span> <span class='ocrx_word' id='word_1_330' title='bbox 579 2649 608 2657; x_wconf 90' lang='lat'>..</span> <span class='ocrx_word' id='word_1_331' title='bbox 623 2625 856 2665; x_wconf 79' lang='lat' dir='ltr'>‚praevenisti</span> <span class='ocrx_word' id='word_1_332' title='bbox 882 2624 1018 2666; x_wconf 89' lang='lat' dir='ltr'>Regem</span> <span class='ocrx_word' id='word_1_333' title='bbox 1044 2623 1354 2656; x_wconf 64' lang='lat' dir='ltr'>benedictionibus</span> <span class='ocrx_word' id='word_1_334' title='bbox 1377 2624 1474 2662; x_wconf 87' lang='lat' dir='ltr'>boni,</span> <span class='ocrx_word' id='word_1_335' title='bbox 1502 2623 1652 2664; x_wconf 91' lang='lat' dir='ltr'>posuisti</span> <span class='ocrx_word' id='word_1_336' title='bbox 1677 2632 1784 2663; x_wconf 88' lang='lat' dir='ltr'>super</span> 
     </span>
    </p>
   </div>
   <div class='ocr_carea' id='block_1_9' title="bbox 456 2667 1783 2753">
    <p class='ocr_par' dir='ltr' id='par_1_9' title="bbox 456 2667 1783 2753">
     <span class='ocr_line' id='line_1_36' title="bbox 460 2667 1782 2709; baseline -0.002 -9"><span class='ocrx_word' id='word_1_337' title='bbox 460 2675 565 2709; x_wconf 90' lang='lat' dir='ltr'>caput</span> <span class='ocrx_word' id='word_1_338' title='bbox 590 2668 690 2700; x_wconf 90' lang='lat' dir='ltr'>Illius</span> <span class='ocrx_word' id='word_1_339' title='bbox 713 2678 882 2700; x_wconf 89' lang='lat' dir='ltr'>coronam</span> <span class='ocrx_word' id='word_1_340' title='bbox 907 2669 983 2700; x_wconf 87' lang='lat' dir='ltr'>auri</span> <span class='ocrx_word' id='word_1_341' title='bbox 1007 2668 1133 2709; x_wconf 89' lang='lat' dir='ltr'>optimi</span> <span class='ocrx_word' id='word_1_342' title='bbox 1138 2693 1230 2706; x_wconf 91' lang='lat'><strong>.....</strong></span> <span class='ocrx_word' id='word_1_343' title='bbox 1238 2668 1412 2699; x_wconf 89' lang='lat' dir='ltr'>honorem</span> <span class='ocrx_word' id='word_1_344' title='bbox 1437 2674 1473 2699; x_wconf 90' lang='lat' dir='ltr'>et</span> <span class='ocrx_word' id='word_1_345' title='bbox 1498 2668 1649 2707; x_wconf 89' lang='lat' dir='ltr'>gloriam</span> <span class='ocrx_word' id='word_1_346' title='bbox 1678 2667 1782 2707; x_wconf 89' lang='lat' dir='ltr'>ponis</span> 
     </span>
     <span class='ocr_line' id='line_1_37' title="bbox 456 2709 1783 2753; baseline -0.001 -10"><span class='ocrx_word' id='word_1_347' title='bbox 456 2722 564 2752; x_wconf 89' lang='lat' dir='ltr'>super</span> <span class='ocrx_word' id='word_1_348' title='bbox 589 2712 706 2750; x_wconf 87' lang='lat' dir='ltr'>Illum,</span> <span class='ocrx_word' id='word_1_349' title='bbox 730 2713 901 2753; x_wconf 90' lang='lat' dir='ltr'>quoniam</span> <span class='ocrx_word' id='word_1_350' title='bbox 927 2712 1031 2753; x_wconf 90' lang='lat' dir='ltr'>ponis</span> <span class='ocrx_word' id='word_1_351' title='bbox 1057 2712 1161 2744; x_wconf 88' lang='lat' dir='ltr'>Illum</span> <span class='ocrx_word' id='word_1_352' title='bbox 1187 2710 1457 2743; x_wconf 71' lang='lat' dir='ltr'>benedictiones</span> <span class='ocrx_word' id='word_1_353' title='bbox 1482 2711 1519 2742; x_wconf 92' lang='lat' dir='ltr'>in</span> <span class='ocrx_word' id='word_1_354' title='bbox 1543 2709 1783 2752; x_wconf 86' lang='lat' dir='ltr'>perpetuum‘&#39;</span> 
     </span>
    </p>
   </div>
   <div class='ocr_carea' id='block_1_10' title="bbox 456 2753 1261 2798">
    <p class='ocr_par' dir='ltr' id='par_1_10' title="bbox 456 2753 1261 2798">
     <span class='ocr_line' id='line_1_38' title="bbox 456 2753 1261 2798; baseline 0.002 -12"><span class='ocrx_word' id='word_1_355' title='bbox 456 2755 600 2796; x_wconf 72' lang='lat' dir='ltr'>(psalm.</span> <span class='ocrx_word' id='word_1_356' title='bbox 614 2756 685 2788; x_wconf 83' lang='lat' dir='ltr'>xxi.</span> <span class='ocrx_word' id='word_1_357' title='bbox 701 2754 769 2798; x_wconf 87' lang='lat'>[2‚]</span> <span class='ocrx_word' id='word_1_358' title='bbox 787 2764 820 2795; x_wconf 88' lang='lat'>4,</span> <span class='ocrx_word' id='word_1_359' title='bbox 833 2756 865 2794; x_wconf 88' lang='lat'>6,</span> <span class='ocrx_word' id='word_1_360' title='bbox 881 2763 899 2795; x_wconf 94' lang='lat'><em>7</em></span> <span class='ocrx_word' id='word_1_361' title='bbox 918 2754 978 2798; x_wconf 91' lang='lat' dir='ltr'>[B.</span> <span class='ocrx_word' id='word_1_362' title='bbox 992 2757 1038 2788; x_wconf 88' lang='lat' dir='ltr'>A.</span> <span class='ocrx_word' id='word_1_363' title='bbox 1056 2764 1084 2794; x_wconf 94' lang='lat'>1,</span> <span class='ocrx_word' id='word_1_364' title='bbox 1099 2764 1130 2795; x_wconf 86' lang='lat'>3,</span> <span class='ocrx_word' id='word_1_365' title='bbox 1146 2763 1174 2795; x_wconf 87' lang='grc'>5,</span> <span class='ocrx_word' id='word_1_366' title='bbox 1189 2753 1261 2797; x_wconf 83' lang='grc'>6]);</span> 
     </span>
    </p>
   </div>
   <div class='ocr_carea' id='block_1_11' title="bbox 281 2837 1780 3081">
    <p class='ocr_par' dir='ltr' id='par_1_11' title="bbox 281 2837 1780 3081">
     <span class='ocr_line' id='line_1_39' title="bbox 282 2837 1780 2893; baseline -0.001 -14"><span class='ocrx_word' id='word_1_367' title='bbox 282 2853 362 2893; x_wconf 93' lang='lat' dir='ltr'>per</span> <span class='ocrx_word' id='word_1_368' title='bbox 385 2838 602 2891; x_wconf 89' lang='lat' dir='ltr'>“Regem</span> <span class='ocrx_word' id='word_1_369' title='bbox 613 2837 633 2853; x_wconf 86' lang='lat'>&#39;¹</span> <span class='ocrx_word' id='word_1_370' title='bbox 655 2838 714 2879; x_wconf 92' lang='lat' dir='ltr'>ibi</span> <span class='ocrx_word' id='word_1_371' title='bbox 740 2851 833 2879; x_wconf 92' lang='lat' dir='ltr'>non</span> <span class='ocrx_word' id='word_1_372' title='bbox 858 2838 1129 2892; x_wconf 87' lang='lat' dir='ltr'>intelligitur</span> <span class='ocrx_word' id='word_1_373' title='bbox 1151 2838 1315 2887; x_wconf 90' lang='lat' dir='ltr'>David,</span> <span class='ocrx_word' id='word_1_374' title='bbox 1340 2838 1420 2879; x_wconf 91' lang='lat' dir='ltr'>sed</span> <span class='ocrx_word' id='word_1_375' title='bbox 1447 2838 1682 2885; x_wconf 92' lang='lat' dir='ltr'>Dominus,</span> <span class='ocrx_word' id='word_1_376' title='bbox 1707 2838 1780 2891; x_wconf 91' lang='lat' dir='ltr'>qui</span> 
     </span>
     <span class='ocr_line' id='line_1_40' title="bbox 282 2900 1780 2955; baseline -0.001 -13"><span class='ocrx_word' id='word_1_377' title='bbox 282 2907 472 2942; x_wconf 91' lang='lat' dir='ltr'>vocatur</span> <span class='ocrx_word' id='word_1_378' title='bbox 490 2901 625 2942; x_wconf 86' lang='lat' dir='ltr'>“Rex</span> <span class='ocrx_word' id='word_1_379' title='bbox 637 2900 657 2916; x_wconf 92' lang='lat'><strong>”</strong></span> <span class='ocrx_word' id='word_1_380' title='bbox 671 2915 730 2942; x_wconf 87' lang='lat' dir='ltr'>ex</span> <span class='ocrx_word' id='word_1_381' title='bbox 750 2901 918 2942; x_wconf 92' lang='lat' dir='ltr'>Divino</span> <span class='ocrx_word' id='word_1_382' title='bbox 935 2901 1155 2955; x_wconf 89' lang='lat' dir='ltr'>spirituali</span> <span class='ocrx_word' id='word_1_383' title='bbox 1173 2901 1294 2955; x_wconf 90' lang='lat' dir='ltr'>quod</span> <span class='ocrx_word' id='word_1_384' title='bbox 1312 2901 1517 2955; x_wconf 89' lang='lat' dir='ltr'>procedit</span> <span class='ocrx_word' id='word_1_385' title='bbox 1536 2915 1595 2941; x_wconf 89' lang='lat' dir='ltr'>ex</span> <span class='ocrx_word' id='word_1_386' title='bbox 1615 2900 1780 2941; x_wconf 89' lang='lat' dir='ltr'>Divino</span> 
     </span>
     <span class='ocr_line' id='line_1_41' title="bbox 283 2963 1777 3019; baseline -0.001 -15"><span class='ocrx_word' id='word_1_387' title='bbox 283 2963 499 3005; x_wconf 92' lang='lat' dir='ltr'>Humano</span> <span class='ocrx_word' id='word_1_388' title='bbox 518 2963 663 3018; x_wconf 89' lang='lat' dir='ltr'>Ipsius</span> <span class='ocrx_word' id='word_1_389' title='bbox 680 2978 690 3015; x_wconf 94' lang='lat'>;</span> <span class='ocrx_word' id='word_1_390' title='bbox 717 2970 764 3006; x_wconf 85' lang='lat' dir='ltr'>et</span> <span class='ocrx_word' id='word_1_391' title='bbox 778 2965 881 3019; x_wconf 90' lang='lat' dir='ltr'>quia</span> <span class='ocrx_word' id='word_1_392' title='bbox 899 2968 924 2985; x_wconf 91' lang='lat'><strong>“</strong></span> <span class='ocrx_word' id='word_1_393' title='bbox 936 2963 1192 3006; x_wconf 69' lang='lat' dir='ltr'>benedictio</span> <span class='ocrx_word' id='word_1_394' title='bbox 1204 2964 1223 2980; x_wconf 84' lang='lat'>’¹</span> <span class='ocrx_word' id='word_1_395' title='bbox 1238 2963 1463 3018; x_wconf 91' lang='lat' dir='ltr'>significat</span> <span class='ocrx_word' id='word_1_396' title='bbox 1479 2964 1777 3017; x_wconf 89' lang='lat' dir='ltr'>agnitionem,</span> 
     </span>
     <span class='ocr_line' id='line_1_42' title="bbox 281 3025 1773 3081; baseline -0.001 -13"><span class='ocrx_word' id='word_1_397' title='bbox 281 3025 670 3080; x_wconf 88' lang='lat' dir='ltr'>glorificationem,</span> <span class='ocrx_word' id='word_1_398' title='bbox 695 3033 741 3069; x_wconf 91' lang='lat' dir='ltr'>et</span> <span class='ocrx_word' id='word_1_399' title='bbox 767 3028 1014 3081; x_wconf 89' lang='lat' dir='ltr'>gratiarum</span> <span class='ocrx_word' id='word_1_400' title='bbox 1037 3026 1277 3077; x_wconf 68' lang='lat' dir='ltr'>actionem,</span> <span class='ocrx_word' id='word_1_401' title='bbox 1302 3026 1421 3081; x_wconf 91' lang='lat' dir='ltr'>quod</span> <span class='ocrx_word' id='word_1_402' title='bbox 1445 3039 1579 3067; x_wconf 89' lang='lat' dir='ltr'>omne</span> <span class='ocrx_word' id='word_1_403' title='bbox 1606 3026 1773 3066; x_wconf 89' lang='lat' dir='ltr'>bonum</span> 
     </span>
    </p>
   </div>
  </div>
 </body>
</html>
