2060 3476
264 342 288 372 2
299 341 349 377 10
684 337 1016 372 APOCALYPSIS
1047 336 1347 370 EXPLICATA.

335 452 461 486 “Cum
478 453 615 485 videret
638 452 851 494 Jehoramus
875 451 978 493 Jehu,
997 451 1095 490 dixit,
1116 450 1210 483 Num
1234 460 1305 491 pax
1327 449 1442 492 Jehu?
1472 449 1531 490 qui
1547 449 1645 488 dixit,
1666 448 1759 491 Quid

441 507 521 538 pax,
544 506 656 537 usque
680 496 725 527 ad
749 495 985 527 scortationes
1012 495 1160 527 Isabelis
1185 494 1308 526 matris
1333 500 1414 525 tuae
1438 499 1473 525 et
1497 493 1759 525 incantationes

442 540 520 581 ejus
537 540 667 571 multas
677 539 710 572 ?''
727 539 788 579 (ix.
806 538 875 580 22.)

349 615 474 656 162.
515 624 697 663 [Vers.21.]
728 613 813 653 “Et
838 613 933 654 dedi
955 613 1017 653 illi
1041 617 1195 666 tempus
1226 616 1271 653 ιιιι
1295 611 1565 664 rompheam!
1590 624 1616 650 a
1644 616 1762 651 scor·

267 673 418 714 tatione
441 686 534 720 sua,
558 676 602 713 et
622 686 699 712 non
722 672 1124 725 reslpuit.¹'——Quod
1160 672 1383 726 significet
1409 670 1527 724 quod
1551 670 1630 723 qui
1657 669 1762 710 inde

266 734 312 775 in
326 734 471 786 falsis
496 740 611 779 sunt,
640 747 722 774 non
752 747 799 774 se
822 739 1079 774 convertant
1102 733 1167 774 ad
1191 747 1301 774 vera
1325 738 1367 773 et
1390 738 1475 785 per
1500 744 1621 779 vera,
1650 743 1759 770 con-

270 802 363 837 stat
390 810 449 837 ex
476 795 806 849 significatione
836 796 1135 848 “resipiscere
1159 809 1184 836 a
1207 792 1527 842 scortatione‚''
1554 791 1675 846 quod
1702 793 1760 833 sit

269 873 294 899 a
319 858 441 899 falsis
468 872 515 898 se
542 864 808 900 convertere
834 857 891 898 ad
918 871 1037 905 vera,
1068 856 1359 898 “scortatio'’
1386 856 1505 896 enim
1532 861 1602 896 est
1634 853 1757 895 falsi-

269 920 420 961 ficatio
461 921 567 969 veri,
602 933 653 960 ac
694 920 993 973 “resipiscere
1009 918 1028 934 '’
1064 925 1134 960 est
1172 933 1219 959 se
1257 923 1524 959 convertere
1561 917 1618 958 ab
1654 915 1756 964 illis,

270 996 374 1023 nam
406 983 716 1035 resipiscentia
747 988 817 1022 est
854 980 1041 1022 actualis
1074 981 1309 1022 conversio
1340 994 1367 1020 a
1397 979 1518 1020 falsis
1550 979 1607 1020 ad
1638 993 1758 1027 vera,

270 1058 321 1085 ac
355 1045 615 1085 dissociatio
647 1050 692 1085 et
725 1044 952 1096 separatio
983 1043 1040 1083 ab
1071 1043 1157 1083 illis
1192 1042 1260 1096 (ut
1293 1055 1439 1096 supra,
1474 1055 1515 1082 n.
1545 1040 1670 1094 143);
1714 1047 1761 1082 et

270 1121 329 1147 ex
355 1106 686 1159 significatione
716 1110 845 1145 “non
872 1105 1096 1159 resipuit‚''
1122 1105 1242 1159 quod
1269 1106 1326 1145 sit
1353 1104 1472 1158 quod
1505 1117 1595 1144 non
1623 1117 1648 1144 a
1678 1103 1761 1144 fal-

270 1168 328 1207 sis
360 1168 416 1207 ad
448 1181 554 1207 vera
586 1180 633 1207 se
665 1172 952 1207 convertant.
1016 1165 1143 1207 Haec
1182 1164 1301 1207 dicta
1333 1171 1438 1206 sunt
1475 1165 1530 1206 de
1569 1163 1759 1213 Isabele,

269 1229 348 1270 sed
387 1225 704 1281 intelliguntur
741 1229 814 1281 qui
853 1241 911 1268 ex
944 1227 1145 1280 jucundo
1180 1241 1382 1268 amorum
1421 1227 1486 1267 sui
1523 1233 1570 1267 et
1609 1226 1762 1267 mundi

268 1290 561 1331 falsificarunt
589 1304 695 1331 vera
721 1297 767 1331 et
794 1290 1106 1331 adulterarunt
1138 1290 1284 1340 bona;
1317 1303 1422 1330 nam
1454 1290 1498 1330 in
1529 1289 1762 1342 propheti-

270 1354 332 1394 cis
358 1352 499 1394 Verbi
526 1353 784 1393 nominatur
811 1366 898 1393 una
925 1365 1131 1406 persona,
1160 1358 1206 1393 et
1239 1366 1317 1405 per
1343 1351 1466 1392 illam
1498 1350 1762 1404 intelligun-

269 1423 341 1456 tur
367 1429 524 1456 omnes
551 1416 623 1468 qui
650 1414 779 1456 tales.
842 1415 998 1455 Paucis
1024 1414 1198 1455 dicetur
1220 1415 1276 1455 de
1302 1428 1370 1462 eo,
1396 1413 1515 1467 quod
1541 1414 1614 1467 qui
1641 1413 1760 1466 apud

270 1492 317 1518 se
349 1477 640 1518 falsificarunt
673 1491 779 1517 vera
810 1477 1082 1530 applicando
1119 1476 1175 1517 ad
1208 1476 1456 1529 jucundum
1487 1476 1651 1516 amoris
1683 1475 1761 1522 sui,

270 1546 431 1592 postea
463 1553 510 1580 se
549 1552 638 1579 non
671 1545 944 1580 convertant
976 1539 1032 1579 ad
1065 1553 1183 1579 vera.
1266 1538 1419 1579 Homo
1451 1552 1510 1579 ex
1543 1536 1788 1591 spirituali¹

270 1616 348 1642 seu
381 1602 560 1642 interno
598 1601 796 1650 homine,
830 1607 876 1642 et
913 1615 973 1642 ex
1011 1600 1103 1654 ejus
1140 1598 1450 1649 intelleE'tuali‚
1484 1599 1608 1640 videt
1640 1613 1761 1648 vera,

271 1677 384 1717 quae
423 1663 644 1704 ecclesiae
679 1669 797 1712 sunt,
834 1677 894 1704 ex
930 1663 1111 1714 Verbo;
1154 1663 1232 1703 sed
1265 1676 1355 1703 non
1392 1663 1550 1715 recipit
1582 1661 1659 1702 illa
1689 1661 1762 1710 ibi,

271 1726 352 1766 nisi
390 1732 610 1779 quantum
651 1732 775 1766 amat
813 1726 889 1766 illa
929 1739 1067 1779 usque
1105 1732 1154 1766 ut
1191 1725 1301 1766 velit
1338 1725 1484 1766 facere
1516 1724 1616 1765 illa:
1662 1736 1764 1765 cum

271 1788 408 1828 homo
435 1788 520 1828 hoc
549 1789 614 1828 ita
642 1788 754 1836 vult,
784 1794 891 1828 tunc
925 1788 1128 1828 internus
1156 1801 1234 1828 seu
1261 1787 1502 1840 spiritualis
1534 1786 1673 1827 homo
1705 1800 1764 1827 ex

272 1850 465 1890 naturali
498 1856 543 1890 et
576 1849 668 1902 ejus
702 1851 919 1890 memoria
950 1856 1113 1891 evocat
1146 1856 1193 1890 et
1230 1849 1381 1890 elevat
1413 1863 1519 1890 vera
1555 1862 1669 1902 quae
1706 1848 1765 1889 ibi

271 1913 327 1952 ad
360 1926 421 1961 se,
451 1926 502 1953 ac
531 1912 768 1965 conjungit
801 1912 879 1952 illa
905 1913 1045 1953 amori
1074 1913 1147 1966 qui
1180 1918 1248 1952 est
1275 1911 1525 1952 voluntatis
1551 1911 1669 1964 ejus;
1701 1911 1766 1951 ita

271 1975 468 2027 aperitur
502 1975 704 2015 internus
738 1974 981 2028 spiritualis
1015 1974 1168 2022 homo,
1202 1975 1274 2015 ubi
1308 1979 1377 2014 est
1411 1987 1538 2013 mens
1570 1973 1765 2013 hominis

271 2037 455 2077 interior
473 2043 519 2077 et
540 2038 752 2090 superior,
770 2043 815 2077 et
835 2037 1090 2077 successive
1109 2036 1320 2089 impletur
1338 2042 1383 2076 et
1402 2035 1641 2089 perficitur.
1697 2034 1765 2076 At

272 2099 308 2138 si
335 2098 474 2139 homo
503 2099 672 2151 patitur
696 2105 744 2139 ut
772 2099 977 2139 naturale
999 2098 1258 2151 jucundum,
1283 2098 1402 2151 quod
1429 2103 1498 2138 est
1521 2097 1765 2150 jucundum

273 2161 439 2200 amoris
463 2162 529 2201 sui
552 2167 598 2201 et
623 2161 789 2209 mundi,
815 2161 1194 2214 praedominetur,
1219 2167 1326 2200 tunc
1354 2160 1492 2200 homo
1515 2174 1573 2200 ex
1597 2159 1674 2200 illo
1696 2159 1765 2212 ju-

273 2222 424 2263 cundo
450 2223 575 2263 videt
601 2223 778 2273 omnia;
812 2230 857 2263 et
885 2223 919 2263 si
945 2237 1064 2271 vera,
1093 2223 1293 2276 applicat
1324 2222 1401 2262 illa
1429 2236 1510 2262 suo
1536 2222 1691 2270 amori,
1719 2228 1766 2263 et

272 2284 479 2325 falsificat
498 2298 506 2324 :
541 2285 660 2338 quod
679 2298 780 2325 cum
799 2284 863 2333 fit,
881 2285 1103 2325 clauditur
1121 2286 1322 2325 internus
1341 2284 1583 2337 spiritualis
1601 2284 1765 2334 homo;

275 2360 379 2387 nam
411 2347 498 2396 hic,
528 2348 630 2400 quia
661 2347 718 2387 ad
750 2348 1059 2407 receptionem
1092 2347 1249 2388 talium
1281 2361 1394 2400 quae
1425 2347 1469 2387 in
1502 2346 1630 2387 caelo
1661 2353 1767 2387 sunt

273 2410 650 2450 accommodatus
668 2415 752 2458 est,
773 2423 863 2449 non
886 2410 1080 2450 sustinet
1104 2409 1324 2450 falsificari
1342 2423 1448 2450 vera
1465 2423 1473 2459 ;
1491 2422 1642 2462 ,quare
1665 2422 1766 2449 cum

274 2471 579 2519 falsificantur,
615 2485 662 2512 se
700 2471 929 2512 contrahit
968 2478 1014 2512 et
1051 2471 1235 2520 claudit,
1275 2484 1418 2524 paene
1456 2472 1571 2511 sicut
1607 2470 1768 2511 fibrilla

275 2534 434 2574 aculeo
462 2532 612 2584 tacta3
645 2548 733 2587 quo
757 2534 896 2574 semel
929 2534 1081 2574 clauso
1107 2540 1269 2586 regnat
1295 2547 1422 2574 amor
1447 2534 1513 2574 sui
1539 2539 1615 2574 aut
1642 2546 1769 2574 amor

275 2596 444 2644 mundi,
470 2602 547 2636 aut
573 2602 760 2650 uterque
783 2595 928 2644 simul,
953 2610 1003 2637 ac
1031 2596 1194 2636 format
1221 2602 1462 2637 externum
1485 2609 1561 2636 seu
1584 2601 1783 2640 natura·.

276 2658 367 2699 lern
399 2658 629 2698 hominem
661 2672 841 2711 prorsus
873 2659 917 2698 in
950 2659 1209 2711 oppositum
1241 2659 1419 2698 interno
1445 2671 1523 2698 seu
1549 2657 1767 2710 spirituali

275 2721 462 2761 homini.
525 2720 636 2761 Inde
654 2734 770 2761 nunc
790 2727 874 2769 est,
894 2722 1014 2774 quod
1037 2722 1110 2774 qui
1132 2720 1482 2762 falsificaverunt
1499 2734 1605 2761 vera
1622 2719 1767 2773 appli-

278 2783 426 2823 cando
448 2783 505 2824 ad
526 2782 724 2835 jucunda
750 2785 913 2824 amoris
936 2785 1000 2824 sui
1028 2790 1074 2824 et
1098 2784 1264 2832 mundi,
1288 2789 1450 2836 postea
1476 2796 1566 2823 non
1593 2782 1768 2835 possint

278 2851 543 2886 convertere
566 2859 613 2886 se
637 2845 693 2885 ad
715 2860 832 2886 vera.
858 2893 863 2898 ,
895 2845 1022 2886 Haec
1047 2859 1162 2886 nunc
1187 2852 1292 2886 sunt
1315 2859 1429 2899 quae
1451 2844 1768 2897 intelliguntur

278 2922 355 2961 per
377 2922 431 2949 ea
452 2909 602 2956 verba,
631 2908 815 2949 “Dedi’'
839 2909 1009 2949 mulieri
1033 2909 1197 2949 Isabeli
1222 2913 1440 2962 “tempus
1462 2915 1510 2949 ut
1532 2908 1782 2961 resipisce-

277 2978 345 3012 ret
368 2985 393 3012 a
417 2972 694 3013 scortatione
721 2986 812 3022 sua,
837 2978 883 3013 et
907 2985 996 3012 non
1020 2972 1245 3024 resipuit.'⁸
