2060 3476
685 364 792 398 cAP.
815 364 882 405 11.,
905 364 1044 396 VERs.
1067 364 1215 408 7.—N.
1244 366 1335 408 109.
1687 366 1766 408 129

265 492 379 533 quae
405 483 510 519 sunt
535 477 656 519 vitae
687 476 780 530 ejus
806 475 1050 527 naturalis;
1083 482 1130 518 et
1162 476 1343 530 quando
1369 475 1445 517 illa
1470 476 1626 524 vincit,
1654 482 1763 518 tunc

263 541 385 582 bona
410 547 456 582 et
483 549 603 589 vera‚'
625 553 740 594 quae
764 546 868 580 sunt
891 540 1011 580 vitae
1038 538 1292 592 spiritualis,
1316 539 1476 592 recipit
1499 538 1659 580 corde:
1694 553 1763 580 re-

267 605 415 658 cipere
441 603 577 644 corde
603 610 673 644 est
698 602 938 644 voluntate
963 609 1010 643 et
1036 615 1205 651 amore,
1234 615 1339 643 nam
1367 602 1513 643 “cor'’
1538 603 1582 643 in
1607 602 1764 643 Verbo

265 665 494 719 Significat
520 665 600 706 illa.
625 675 784 714 (videatur
801 684 833 705 n.
846 684 936 713 2930,
951 683 1041 712 3313,
1056 682 1146 712 7542,
1163 677 1251 712 8910,
1267 681 1357 712 9050,
1372 683 1463 712 9113,
1481 675 1593 713 10336)
1611 677 1620 714 ;
1651 678 1763 718 qua-

227 749 231 753 -
268 733 453 780 propter
477 727 674 780 recipere
700 726 836 767 corde
868 733 938 767 est
970 740 1029 767 ex
1055 726 1295 767 voluntate
1327 740 1406 767 seu
1431 739 1585 767 amore
1616 726 1764 767 facere

264 790 366 841 illa;
399 790 484 831 hoc
517 789 787 843 intelligitur
818 803 897 843 per
930 789 1185 830 “vincere''
1227 783 1380 842 'Quod
1415 789 1584 830 “arbor
1614 790 1734 831 vitae
1747 789 1765 805 ''

264 852 487 908 significet
513 853 680 893 bonurn
704 853 867 893 amoris
890 858 936 893 et
963 852 1303 907 indevgaudium
1330 851 1543 901 caeleste,
1567 858 1637 893 est
1662 853 1766 906 quia

266 906 517 957 “arbores”
539 915 796 969 significant
818 915 927 956 talia
949 929 1063 969 quae
1086 921 1190 956 sunt
1213 915 1330 969 apud
1353 915 1583 956 hominem
1605 916 1649 956 in
1672 915 1764 968 ejus

264 979 561 1027 interioribus,
586 993 699 1032 quae
725 979 891 1019 mentis
917 992 995 1018 seu
1021 979 1155 1019 animi
1178 977 1270 1030 ejus
1297 984 1415 1027 sunt,
1442 978 1662 1019 “frondes
1677 978 1695 993 ''
1718 986 1765 1019 et

267 1042 440 1083 “folia”
455 1042 532 1082 illa
554 1056 668 1095 quae
691 1048 795 1082 sunt
814 1042 1126 1094 cognitionum
1144 1042 1236 1082 veri
1259 1047 1304 1082 et
1327 1042 1447 1090 boni,
1462 1055 1513 1082 ac
1531 1040 1766 1082 “fructus”

264 1106 361 1158 ipsa
384 1105 504 1145 bona
525 1106 659 1145 vitae.
722 1104 849 1145 Haec
877 1103 1149 1157 significatio
1173 1104 1419 1145 “arborum
1432 1104 1451 1119 ''
1473 1105 1612 1146 trahit
1638 1118 1764 1145 suam

265 1169 484 1222 originem
517 1182 576 1208 ex
608 1168 779 1209 mundo
811 1167 1043 1221 spirituali,
1077 1168 1136 1208 ibi
1168 1168 1286 1208 enim
1327 1175 1547 1222 apparent
1580 1168 1764 1209 arbores

267 1232 412 1272 omnis
444 1232 648 1284 generis:
682 1237 728 1272 et
760 1231 958 1280 arbores,
992 1245 1107 1284 quae
1139 1237 1373 1284 apparent,
1408 1232 1764 1286 correspondent

264 1295 548 1336 interioribus
577 1294 843 1348 angelorum
870 1301 916 1335 et
948 1295 1196 1347 spirituum,
1221 1309 1335 1348 quae
1362 1301 1465 1336 sunt
1498 1297 1662 1336 mentis
1687 1310 1764 1337 00-

264 1371 387 1408 rum;
430 1358 612 1398 arbores
644 1357 972 1411 pulcherrimae
1005 1363 1050 1397 et
1083 1355 1346 1406 fructiferae,
1370 1357 1548 1398 illorum
1579 1358 1764 1400 interio-

264 1421 383 1461 ribus
409 1421 481 1475 qui
507 1421 550 1460 in
577 1421 698 1462 bono
720 1421 884 1461 amoris
910 1427 956 1461 et
983 1420 1086 1460 inde
1109 1421 1152 1460 in
1176 1421 1397 1474 sapientia
1419 1427 1549 1472 sunt;
1583 1422 1765 1463 arbores

265 1484 409 1524 minus
436 1483 650 1537 pulchrae
673 1489 718 1524 et
745 1481 1009 1531 fructiferae,
1034 1482 1120 1523 illis
1143 1483 1215 1536 qui
1241 1484 1285 1523 in
1309 1483 1432 1524 bono
1458 1483 1587 1534 fidei;
1620 1491 1667 1525 at
1694 1499 1764 1525 ar-

265 1548 396 1588 bores
422 1547 567 1588 solum
589 1546 804 1588 foliaceae
831 1553 877 1587 et
904 1546 1074 1600 absque
1099 1545 1326 1595 frufflbus,
1354 1547 1440 1587 illis
1467 1548 1540 1601 qui
1562 1549 1698 1589 modo
1720 1550 1764 1590 in

265 1610 599 1663 cognitionibus
631 1610 724 1650 veri
757 1616 887 1660 sunt;
932 1622 983 1650 ac
1021 1609 1204 1658 arbores
1237 1615 1384 1650 tetrae
1417 1623 1518 1651 curn
1550 1609 1764 1652 frufflbus

265 1673 488 1726 malignis,
516 1673 602 1713 illis
635 1674 708 1726 qui
739 1673 784 1713 in
816 1673 1152 1726 cognitionibus
1177 1679 1282 1714 sunt
1315 1680 1360 1714 et
1393 1674 1436 1714 in
1468 1674 1590 1715 rnalo
1615 1676 1763 1726 vitae3

266 1736 352 1776 illis
378 1743 530 1777 autem
557 1737 630 1790 qui
657 1750 746 1776 non
774 1737 816 1776 in
844 1737 1177 1789 cognitionibus
1202 1742 1248 1777 et
1275 1737 1318 1777 in
1346 1737 1467 1778 malo
1493 1739 1616 1779 vitae
1642 1747 1762 1787 sunt,

266 1812 355 1839 non
393 1806 614 1852 apparent
651 1799 849 1847 arbores,
882 1799 962 1839 sed
1002 1799 1104 1839 loco
1141 1798 1316 1839 illarum
1354 1814 1468 1840 saxa
1503 1807 1550 1842 et
1587 1815 1763 1843 arenae.

268 1863 369 1903 Hae
401 1863 692 1916 apparentiae
729 1863 772 1902 in
805 1863 975 1903 mundo
1007 1862 1227 1916 spirituali
1266 1861 1504 1904 actualiter
1529 1864 1671 1906 fluunt
1704 1880 1764 1906 ex

265 1926 692 1980 correspondentia;
740 1939 844 1966 nam
875 1926 1089 1967 interiora
1125 1931 1241 1980 quae'
1273 1927 1438 1968 mentis
1471 1942 1625 1969 eorum
1658 1936 1763 1970 sunt

265 2005 344 2045 per
374 1990 490 2031 tales
523 1989 695 2043 effigies
727 1991 947 2030 sistuntur
971 1988 1210 2031 actualiter
1236 2004 1388 2031 coram
1420 1991 1561 2032 oculis
1594 2006 1762 2033 eorum.

265 2054 345 2093 (Sed
359 2054 438 2083 haec
453 2053 566 2082 melius
580 2052 680 2081 videri
695 2057 829 2090 possunt
844 2062 883 2081 ex
904 2052 987 2081 binis
1002 2053 1140 2082 articulis
1154 2053 1186 2082 in
1202 2062 1299 2091 opere
1321 2054 1373 2083 De
1398 2054 1488 2084 Caelo
1510 2058 1541 2083 et
1559 2055 1710 2094 lnfirno:
1732 2055 1765 2084 in

263 2101 378 2139 primo,
394 2101 448 2130 ubi
471 2101 575 2138 agitur
590 2100 640 2129 De
663 2100 956 2137 Correspondentia
977 2100 1064 2129 Caeli
1089 2110 1162 2130 cum
1179 2102 1328 2130 omnibus
1342 2101 1488 2136 Telluris,
1504 2111 1535 2131 n.
1554 2109 1710 2140 103—115;
1734 2107 1766 2132 et

264 2149 296 2178 in
311 2149 420 2182 altero,
436 2148 489 2177 ubi
506 2147 610 2185 agitur
626 2148 676 2176 De
700 2148 991 2184 Repraesentativis
1005 2152 1036 2177 et
1057 2148 1261 2186 Apparentiis
1283 2149 1315 2177 in
1331 2148 1441 2183 Caelo,
1457 2158 1488 2178 n.
1508 2150 1663 2186 170—176;
1686 2155 1717 2178 et
1732 2150 1765 2179 in

263 2198 469 2236 sequentibus
488 2198 540 2232 ibi,
561 2207 592 2228 n.
614 2197 777 2236 177-190.)
836 2187 950 2227 Inde
975 2200 1093 2227 nunc
1121 2193 1192 2228 est
1222 2187 1344 2241 quod
1374 2189 1419 2228 in
1442 2187 1600 2229 Verbo
1622 2190 1763 2230 toties

266 2250 554 2290 nominentur
582 2249 801 2289 “arbores
819 2248 852 2298 ;'’
884 2262 963 2302 per
988 2263 1097 2302 quas
1129 2249 1188 2289 ibi
1219 2248 1530 2303 significantur
1560 2264 1614 2291 ea
1644 2251 1763 2304 apud

265 2312 469 2353 homines
492 2326 606 2365 quae
629 2318 733 2352 sunt
757 2313 921 2352 mentis
946 2325 1125 2353 eorum:
1154 2319 1199 2354 et
1217 2313 1321 2353 inde
1344 2327 1522 2366 quoque
1544 2319 1614 2354 est
1641 2314 1763 2367 quod

266 2376 310 2416 in
346 2376 498 2429 primis
530 2375 752 2428 capitibus
787 2374 996 2416 Geneseos
1033 2376 1240 2416 dicantur
1273 2377 1441 2417 “binae
1473 2377 1654 2418 arbores
1667 2377 1686 2392 ”
1718 2378 1761 2417 in

266 2439 400 2479 horto
438 2438 608 2479 Edenis
645 2439 835 2492 positae,
869 2452 956 2479 una
992 2453 1106 2492 quae
1142 2446 1331 2480 vocatur
1363 2439 1554 2481 “Arbor
1585 2440 1763 2488 Vitae,''

210 2515 214 2525 ¹
266 2508 313 2543 et
345 2501 490 2542 altera
520 2515 634 2555 quae
668 2501 859 2542 “Arbor
891 2501 1153 2543 Scientiae.'’
1215 2503 1297 2543 Per
1330 2503 1577 2544 “arborem
1608 2504 1762 2544 vitae'’

265 2565 324 2606 ibi
342 2564 619 2618 significatur
634 2565 802 2606 bonurn
826 2566 990 2620 amoris
1012 2566 1055 2605 in
1073 2566 1332 2615 Dominum,
1352 2573 1398 2607 et
1421 2567 1525 2607 inde
1544 2568 1755 2620 gaudium

266 2626 480 2674 caeleste,
514 2640 627 2679 quae
664 2632 794 2676 erant
831 2626 918 2666 illis
955 2627 1028 2679 qui
1066 2633 1173 2667 tunc
1211 2627 1268 2667 ab
1305 2626 1512 2676 ecclesia,
1546 2634 1592 2668 et
1629 2629 1766 2669 intel·

265 2689 468 2743 liguntur
498 2702 578 2743 per
606 2688 891 2730 “Hominem
923 2695 969 2730 et
998 2689 1090 2743 ejus
1118 2690 1325 2731 Uxorem
1343 2690 1377 2741 ;’'
1409 2697 1455 2731 et
1487 2704 1566 2744 per
1595 2691 1764 2732 “arbo-

265 2765 359 2792 rem
391 2752 607 2792 scientiae
622 2751 641 2766 ‘'
668 2751 946 2804 significatur
972 2752 1215 2805 jucundum
1244 2754 1557 2807 cognitionum
1590 2755 1760 2808 absque

266 2815 354 2856 alio
376 2829 456 2855 usu
478 2828 611 2868 quam
635 2821 682 2855 ut
700 2816 884 2856 audiant
903 2814 1024 2857 doc‘ti
1042 2823 1088 2858 et
1111 2823 1298 2870 captent
1315 2817 1479 2858 famam
1498 2819 1760 2858 eruditionis

217 2908 225 2912 -
267 2878 410 2919 solum
438 2884 623 2932 propter
647 2878 866 2919 honorem
892 2885 969 2921 aut
1002 2879 1186 2921 lucrum.
1248 2879 1382 2933 Quod
1411 2881 1581 2922 “arbor
1606 2882 1726 2922 vitae
1741 2881 1760 2896 ”

267 2942 404 2981 etiam
427 2941 649 2995 significet
681 2942 892 2994 gaudium
925 2943 1136 2991 caeleste,
1164 2949 1234 2984 est
1266 2945 1368 2997 quia
1400 2944 1568 2985 bonum
1595 2946 1758 2985 amoris

267 3005 310 3045 in
334 3004 591 3055 Dominum,
616 3005 735 3059 quod
758 3006 800 3046 in
825 3007 972 3060 specie
994 3020 1073 3061 per
1094 3007 1216 3048 illam
1239 3008 1442 3048 arborem
1466 3007 1757 3061 significatur,
