2060 3476
249 333 274 363 2
285 321 335 363 16
666 329 998 363 APOCALYPSIS
1030 330 1329 363 EXPLICATA.

247 443 443 485 referunt
470 443 527 484 ad
552 443 672 484 bona
694 457 808 497 quae
835 443 1000 484 amoris
1026 449 1072 485 et
1094 457 1200 485 vera
1221 458 1335 497 quae
1362 442 1489 494 fide‘i;
1521 443 1626 485 inde
1652 449 1739 493 est,

247 507 367 560 quod
399 507 582 548 nomina
613 507 1062 559 consanguinitatum
1093 513 1141 548 et
1172 506 1460 555 affinitatum,
1488 512 1538 547 ut
1567 507 1739 558 “mari-

248 569 360 619 tus‚”
394 568 586 618 “uxor,”
621 567 811 618 “filius,”
845 568 1011 618 “filia,”
1044 569 1258 618 “fratem”
1291 568 1494 617 “soror,”
1528 564 1742 618 “nurus,’'

249 632 467 686 “gener,'’
493 638 539 672 et
571 631 712 685 plura,
741 631 997 685 significent
1029 632 1289 686 spiritualia,
1318 645 1432 685 quae
1464 645 1512 672 se
1543 631 1739 672 referunt

247 696 303 736 ad
345 696 633 736 nativitatem
675 694 952 748 spiritualem
989 709 1102 748 quae
1143 701 1213 736 est
1254 695 1554 747 regeneratio,
1594 700 1640 735 et
1681 696 1739 737 ad

247 758 503 811 conjugium
530 757 729 798 caeleste
755 758 874 811 quod
901 764 970 798 est
997 757 1253 811 conjugium
1279 757 1384 798 boni
1411 763 1457 798 et
1484 758 1589 798 veri.
1652 757 1738 798 Illa

246 836 360 876 quae
386 836 445 863 ex
471 821 557 862 hoc
582 820 790 874 conjugio
813 827 1072 870 nascuntur,
1098 827 1201 861 sunt
1225 821 1363 861 etiam
1388 820 1509 861 bona
1535 826 1581 861 et
1603 833 1735 862 vera:

246 886 349 926 inde
375 891 444 926 est
471 884 590 938 quod
622 898 700 937 per
724 883 874 924 “filias
887 883 905 899 ’'
931 884 974 924 in
1002 883 1158 924 Verbo
1189 882 1498 936 significentur
1529 883 1662 932 bona,
1690 889 1735 924 et

246 962 324 1002 per
341 952 366 969 ‘⁴
378 948 492 988 filios
504 947 522 963 '’
540 961 661 996 vera,
679 953 866 1000 utraque
884 947 1088 987 derivata
1105 961 1163 987 ex
1186 946 1307 987 bono
1325 946 1444 1000 quod
1460 945 1738 999 significatur

245 1023 324 1063 per
352 1009 605 1063 “patrem‚‘’
627 1016 674 1051 et
700 1023 759 1050 ex
785 1023 893 1050 vero
915 1009 1035 1063 quod
1061 1008 1339 1062 significatur
1364 1022 1442 1062 per
1469 1007 1737 1049 “matrem.”

246 1072 358 1109 (Quod
373 1072 481 1101 omnia
495 1081 570 1101 vera
583 1077 614 1101 et
627 1072 722 1106 bona,
738 1081 821 1108 quae
835 1072 922 1109 apud
937 1072 1098 1100 hominem
1114 1075 1333 1108 regeneratum
1349 1075 1431 1106 sunt,
1447 1071 1623 1100 secundum
1638 1070 1738 1100 affini-

244 1122 323 1146 tates
337 1118 512 1154 spirituales
527 1117 698 1154 conjundta
711 1117 783 1151 sint,
798 1122 829 1145 et
844 1121 1087 1153 consequantur.
1099 1116 1243 1145 videatur
1256 1125 1286 1145 n.
1301 1118 1388 1153 2508,
1404 1118 1493 1153 3815,
1509 1124 1597 1153 4121.
1641 1116 1738 1152 Quod

244 1162 337 1190 etiam
350 1171 462 1190 omnes
472 1162 503 1190 in
516 1162 604 1190 caelo
617 1162 786 1190 consociati
797 1161 858 1190 sint
869 1162 1045 1190 secundum
1057 1161 1223 1190 affinitates
1234 1161 1418 1198 spirituales,
1431 1161 1462 1189 in
1475 1169 1570 1198 opere
1583 1161 1634 1189 De
1646 1161 1739 1190 Caelo

243 1211 274 1237 et
289 1208 424 1246 lnferno,
441 1217 471 1237 n.
488 1215 555 1244 205.
610 1208 707 1244 Quod
723 1211 739 1221 ¹¹
750 1207 805 1236 filii
815 1207 831 1216 '¹
848 1207 1025 1245 significent
1040 1216 1114 1236 vera
1128 1211 1158 1236 et
1172 1207 1357 1236 affectiones
1372 1207 1446 1241 veri,
1462 1211 1622 1236 ostensum
1638 1210 1685 1235 est
1705 1206 1737 1236 in

244 1255 383 1283 Arcanis
402 1254 596 1288 Caelestibus,
612 1263 642 1283 n.
658 1256 727 1291 489,
743 1262 812 1291 491,
829 1261 898 1291 533,
914 1254 1003 1290 2623,
1018 1262 1108 1291 3373,
1123 1260 1213 1290 4257,
1230 1253 1317 1290 8649,
1334 1255 1423 1290 9807.
1466 1253 1563 1290 Quod
1580 1253 1661 1281 “filii
1679 1252 1738 1282 fili-

245 1301 362 1330 orum''
385 1301 561 1338 significent
582 1310 655 1330 vera
676 1301 707 1330 in
729 1301 840 1330 ordine
861 1301 1047 1335 successivo,
1070 1309 1100 1330 n.
1123 1300 1211 1338 6583,
1226 1300 1316 1337 6584.
1359 1300 1457 1336 Quod
1477 1309 1534 1337 per
1555 1298 1736 1337 “patrem‘’

244 1347 435 1382 ‘'matrem,'¹
454 1347 620 1382 “fratres‚''
637 1347 810 1381 “liberos‚''
826 1347 1042 1384 significentur
1061 1347 1148 1375 bona
1169 1351 1199 1375 et
1221 1355 1304 1380 vera,
1320 1350 1374 1375 aut
1395 1346 1480 1375 mala
1501 1350 1531 1375 et
1552 1345 1638 1380 falsa,
1654 1355 1737 1383 quae

243 1395 328 1431 apud
350 1394 523 1428 hominem,
539 1403 569 1423 n.
588 1402 695 1431 10490.
738 1393 836 1430 Quod
851 1396 867 1407 ‘¹
878 1398 1041 1431 percutere
1056 1397 1187 1422 matrem
1203 1401 1297 1430 super
1318 1392 1398 1421 filios
1408 1391 1425 1401 ''
1441 1392 1480 1421 sit
1495 1392 1654 1421 destruere
1669 1401 1737 1421 om-

243 1442 294 1471 nia
309 1442 467 1476 ecclesiae,
483 1450 513 1471 n.
529 1447 618 1478 4257.
662 1440 760 1477 Quod
782 1440 940 1469 Dominus
954 1440 995 1470 Se
1009 1439 1121 1468 dixerit
1136 1439 1278 1468 “Filium
1296 1439 1463 1474 hominis‚''
1480 1439 1555 1476 quia
1578 1439 1650 1476 Ipse
1671 1443 1737 1469 erat

245 1489 394 1518 Divinum
418 1489 547 1522 Verum,
570 1492 601 1516 et
622 1488 697 1525 quia
719 1496 814 1516 omne
835 1496 944 1516 verum
967 1487 1044 1516 caeli
1067 1491 1098 1516 et
1121 1487 1271 1516 ecclesiae
1293 1487 1334 1515 ab
1359 1486 1434 1524 Ipso
1456 1485 1608 1524 procedit,
1630 1494 1735 1523 supra,

243 1550 274 1571 ¹¹-
294 1531 447 1647 6537.
486 1594 564 1634 “ft
582 1596 833 1647 coynosoeni
851 1605 989 1634 omnes
1014 1591 1266 1644 [Ecclesiae]
1293 1592 1400 1645 quod
1418 1591 1502 1644 Ego
1520 1590 1596 1631 sim
1614 1603 1737 1631 soru-

243 1659 336 1695 rans
364 1667 488 1694 renes
516 1657 560 1694 et
590 1652 950 1706 corda.''—Quod
985 1652 1207 1705 significet
1237 1652 1511 1704 agnitionem
1539 1651 1734 1692 omnium

242 1716 321 1769 qui
347 1716 402 1756 ab
430 1715 604 1756 ecclesia
635 1721 752 1764 sunt,
786 1715 904 1768 quod
928 1714 1144 1754 Dominus
1175 1713 1294 1754 solus
1325 1713 1438 1754 sciat
1466 1719 1508 1753 et
1535 1712 1736 1765 exploret

241 1779 463 1820 exteriora
488 1785 530 1819 et
553 1778 781 1826 interiora,
809 1791 860 1818 ac
883 1791 994 1830 quae
1006 1776 1124 1830 fidei
1143 1782 1186 1816 et
1209 1775 1375 1817 amoris
1401 1781 1518 1824 sunt,
1547 1781 1732 1817 constat

242 1857 300 1883 ex
320 1842 650 1895 significatione
671 1844 696 1861 ¹‘
710 1840 938 1889 scrutari,''
957 1852 1058 1880 cum
1081 1839 1137 1880 de
1161 1839 1373 1887 Domino,
1393 1838 1513 1892 quod
1536 1839 1594 1879 sit
1612 1838 1732 1892 quod

242 1906 364 1946 solus
396 1906 509 1946 sciat
542 1911 588 1946 et
619 1904 856 1958 exploret;
889 1917 947 1944 ex
981 1901 1310 1955 significatione
1345 1901 1580 1950 “renum,'’
1612 1901 1731 1955 quod

241 1970 330 2010 sint
356 1983 463 2010 vera
493 1967 594 2008 fidei
626 1974 672 2008 et
705 1966 952 2021 purificatio
979 1978 1133 2006 eorum
1162 1978 1188 2005 a
1219 1964 1340 2005 falsis
1369 1963 1445 2016 (de
1471 1977 1559 2017 qua
1584 1964 1731 2017 sequi-

242 2032 332 2086 tur)
352 2046 360 2082 ;
388 2038 434 2072 et
453 2045 511 2071 ex
530 2029 860 2083 significatione
877 2027 1156 2076 “cordium,”
1170 2027 1289 2080 quod
1308 2028 1397 2067 sint
1415 2027 1534 2067 bona
1552 2027 1730 2067 amoris.

243 2093 376 2148 Quod
411 2093 556 2134 “cor”
588 2091 811 2145 significet
849 2091 1017 2132 bonum
1054 2090 1231 2138 amoris,
1266 2095 1336 2130 est
1367 2089 1470 2143 quia
1501 2089 1590 2129 duo
1626 2095 1731 2130 sunt

241 2171 355 2211 quae
391 2162 585 2209 regnant
622 2156 663 2196 in
704 2155 900 2202 homine,
934 2167 993 2194 ex
1026 2153 1183 2207 quibus
1221 2153 1367 2192 omnis
1402 2152 1495 2192 vita
1532 2152 1732 2205 corporis

241 2220 347 2273 ejus,
377 2233 538 2272 nempe
566 2231 642 2259 cor
668 2224 714 2258 et
741 2217 920 2270 pulmo3
954 2223 1000 2257 et
1023 2216 1125 2269 quia
1151 2215 1302 2256 omnia
1325 2228 1438 2268 quae
1465 2215 1509 2254 in
1536 2215 1732 2255 hominis

241 2296 429 2336 corpore
451 2287 569 2330 sunt,
595 2279 950 2333 correspondent
973 2278 1059 2319 illis
1083 2292 1196 2331 quae
1223 2278 1266 2318 in
1293 2277 1384 2330 ejus
1407 2283 1575 2327 mente,
1601 2283 1647 2318 et
1673 2277 1732 2318 ibi

241 2347 330 2387 duo
355 2359 532 2399 quoque
563 2350 668 2384 sunt
695 2357 809 2397 quae
841 2348 1050 2395 regnant,
1080 2354 1242 2394 nempe
1273 2339 1485 2381 voluntas
1517 2346 1563 2381 et
1595 2340 1731 2381 intel-

242 2407 396 2451 lec'tus.
459 2407 585 2448 Haec
609 2407 713 2447 bina
730 2419 870 2459 regna
887 2405 1054 2445 mentis
1073 2403 1431 2456 correspondent
1448 2403 1563 2444 binis
1581 2405 1731 2456 regnis

241 2472 454 2525 corporis,
474 2484 637 2523 nempe
655 2469 867 2510 voluntas
890 2468 1014 2508 cordi
1035 2474 1082 2508 et
1105 2466 1196 2519 ejus
1219 2466 1378 2520 pulsui,
1398 2480 1450 2507 ac
1473 2464 1731 2507 intellthus

240 2534 441 2589 pulmoni
473 2540 519 2574 et
550 2533 642 2585 ejus
673 2531 982 2585 respirationi;
1020 2531 1188 2583 absque
1221 2529 1298 2570 illa
1330 2529 1732 2582 correspondentia

241 2611 402 2651 corpus
428 2610 518 2637 non
540 2597 663 2643 vivit,
689 2609 743 2635 ne
766 2595 945 2648 quidem
972 2592 1192 2647 particula
1218 2592 1323 2645 ejus.
1386 2591 1502 2645 Quia
1528 2605 1605 2633 cor
1631 2605 1730 2632 cor-

239 2660 485 2714 respondet
511 2659 750 2706 voluntati,
779 2658 918 2698 etiam
949 2655 1277 2709 correspondet
1309 2655 1429 2696 bono
1459 2655 1651 2705 amoris;
1684 2662 1731 2696 et

240 2725 342 2778 quia
378 2723 531 2777 pulmo
568 2721 893 2774 correspondet
931 2717 1195 2767 intellet‘stui,
1229 2719 1367 2760 etiam
1404 2718 1730 2771 correspondet

238 2788 354 2828 veris
379 2786 494 2827 fidei.
555 2785 630 2825 Ex
653 2784 736 2825 hac
761 2783 1254 2836 correspondentiaest
1276 2781 1396 2835 quod
1422 2780 1567 2822 “cor’'
1590 2781 1729 2833 signi-

239 2850 344 2891 ficet
369 2862 584 2904 amorem,
609 2854 656 2888 et
678 2847 797 2901 quod
823 2848 1011 2887 “anima
1022 2845 1040 2860 ”
1063 2844 1287 2898 significet
1310 2844 1458 2885 fidem.
1520 2843 1631 2884 Inde
1658 2850 1729 2883 est

239 2914 359 2967 quod
377 2913 514 2954 toties
532 2913 576 2952 in
594 2911 749 2952 Verbo
767 2910 941 2951 dicatur
961 2913 1060 2950 “ex
1085 2908 1221 2950 corde
1239 2914 1286 2949 et
1305 2906 1493 2956 anima,''
1512 2920 1590 2960 per
1607 2905 1729 2959 quod
1791 2925 1794 2929 *

239 2975 512 3028 intelligitur
534 2987 594 3014 ΘΧ
619 2985 773 3013 amore
798 2977 844 3012 et
870 2970 970 3012 fide.
1030 2981 1108 3020 (Sed
1120 2980 1195 3018 quia
1207 2981 1247 3010 de
1259 2980 1318 3010 hac
1331 2978 1611 3017 correspondentia
1623 2977 1731 3007 multis
