2060 3476
711 372 818 406 CAP.
842 372 888 414 1.,
912 373 1051 406 VERS.
1074 373 1222 417 9.—N.
1244 363 1312 416 46.
1702 377 1760 419 49

262 485 440 535 hannis,
487 484 607 539 quod
633 485 678 525 in
704 498 915 538 supremo
941 498 1076 526 sensu
1102 484 1327 539 perillum
1354 485 1638 539 intelligatur
1663 485 1758 527 Do-

262 550 408 589 minus
425 547 574 602 quoad
593 546 844 588 dofflinam
866 546 1092 601 (videatur
1110 561 1256 601 supra,
1277 561 1318 588 n.
1344 547 1434 602 19);
1463 562 1600 602 quare
1619 549 1759 589 etiam

262 625 342 665 per
371 611 497 652 illum
529 610 808 664 significatur
839 609 1045 651 doctrina
1085 610 1141 651 de
1174 611 1386 660 Domino,
1423 624 1528 651 nam
1561 625 1758 665 cognos-

262 687 363 716 cere
390 673 635 714 Dominum
668 680 738 714 est
770 673 1018 727 principale
1049 675 1250 714 omnium
1282 673 1529 724 doctrinae,
1559 689 1638 716 seu
1668 677 1758 729 pri-

261 750 383 778 mum
420 736 598 777 illorum
635 742 682 778 et
718 735 953 787 ultimum;
1004 737 1262 790 primarium
1303 734 1498 791 namque
1535 737 1758 780 ecclesiae

261 805 331 840 est
357 794 637 853 cognoscere
669 805 715 840 et
747 813 999 852 agnoscere
1031 812 1161 839 suum
1193 799 1424 848 Divinum,
1453 814 1559 841 nam
1591 800 1758 842 Divino

261 877 342 904 suo
373 877 452 917 per
476 863 758 916 agnitionem
787 869 834 903 et
865 862 1001 903 fidem
1033 862 1336 915 conjungitur,
1365 869 1412 904 et
1444 863 1615 917 absque
1647 878 1757 905 con-

255 924 487 979 junffione
518 939 621 966 cum
653 925 818 966 Divino
850 927 1002 966 omnia
1033 924 1267 966 doctrinae
1305 926 1430 967 nihili
1468 933 1600 978 sunt;
1643 942 1758 982 quae

260 990 398 1031 etiam
425 1003 561 1030 causa
592 996 676 1038 est,
711 989 833 1043 quod
866 989 1080 1030 Divinum
1112 1003 1160 1030 se
1192 990 1478 1032 revelaverit.
1542 991 1756 1033 Divinum

259 1053 378 1106 quod
411 1066 459 1094 se
490 1052 724 1101 revelavit,
753 1058 824 1093 est
857 1052 1071 1093 Divinum
1105 1052 1383 1094 Humanum.
1445 1064 1557 1102 (Quod
1572 1066 1692 1103 absque
1705 1076 1760 1105 ag-

258 1114 377 1144 nitione
393 1115 499 1144 Divini
518 1115 551 1144 in
568 1115 722 1144 Humano
737 1115 867 1144 Domini
888 1115 977 1144 nulla
989 1115 1083 1150 salus,
1099 1116 1205 1144 multis
1220 1120 1381 1145 ostensum
1395 1116 1540 1145 videatur
1552 1117 1585 1146 in
1600 1118 1760 1147 Doctrina

257 1172 367 1200 IVovae
380 1172 674 1210 Hierosolymamn.
691 1170 857 1210 280-310).
920 1161 1033 1201 Inde
1059 1174 1177 1202 nunc
1206 1168 1277 1202 eSt
1303 1162 1423 1215 quod
1448 1162 1759 1215 “JOhanneS‚”

258 1224 360 1276 quia
391 1230 705 1277 repraesentat
743 1224 990 1264 Dominum
1021 1224 1172 1278 quoad
1210 1225 1482 1274 doctrinam,
1517 1226 1656 1267 etiam
1688 1241 1757 1268 re-

257 1293 521 1339 praesentet
547 1286 800 1328 d0&rinam
827 1287 884 1328 de
911 1287 1123 1328 Domino.
1484 1306 1488 1311 ·

335 1357 435 1410 46.
481 1361 505 1379 ¹¹
520 1356 598 1402 Oui
616 1359 660 1396 et
682 1356 820 1396 frater·
844 1355 1225 1409 vester.''-Quod
1251 1356 1476 1409 significet
1500 1363 1544 1398 et
1571 1358 1624 1398 de
1653 1358 1759 1400 bono

257 1418 426 1459 amoris
452 1418 497 1459 in
522 1418 692 1470 Ipsum,
721 1423 906 1459 constat
932 1432 992 1458 ex
1020 1417 1354 1470 significatione
1384 1418 1611 1468 “fratris,''
1637 1421 1757 1473 quod

257 1482 315 1522 sit
341 1481 509 1522 bonum
536 1482 714 1522 amoris.
776 1480 924 1522 Causa
950 1481 1069 1535 quod
1099 1481 1305 1522 “frater”
1332 1481 1560 1535 significet
1587 1482 1756 1524 bonum

256 1546 434 1594 amoris,
460 1551 544 1593 est,
570 1546 672 1598 quia
693 1545 738 1585 in
757 1544 885 1585 caelo
909 1558 999 1585 non
1022 1543 1138 1584 aliae
1161 1543 1408 1585 affinitates
1433 1545 1600 1586 dantur
1621 1560 1755 1600 quam

256 1607 525 1661 spirituales,
564 1609 628 1649 ita
666 1621 748 1648 nec
787 1608 903 1648 aliae
940 1607 1278 1648 fraternitates:
1323 1621 1415 1648 non
1452 1609 1572 1650 enim
1610 1610 1670 1650 ibi
1696 1624 1756 1651 ex

255 1671 404 1725 aliqua
426 1672 668 1712 nativitate
690 1671 802 1712 fiunt
825 1671 985 1712 fratres
1003 1685 1011 1721 ;
1038 1677 1084 1711 et
1103 1685 1281 1724 quoque
1300 1673 1373 1725 qui
1395 1671 1555 1713 fratres
1578 1672 1755 1715 fuerunt

255 1735 299 1774 in
337 1734 520 1783 mundo,
554 1740 645 1775 'non
674 1734 740 1786 ,ibi
779 1748 826 1775 se
864 1740 1178 1787 cognoscunt;
1221 1735 1301 1775 sed
1338 1736 1524 1788 quisque
1561 1735 1754 1777 alterum

255 1798 495 1850 cognoscit
527 1811 585 1837 ex
617 1797 738 1837 bono
770 1798 949 1846 amoris,
978 1796 1043 1837 illi
1079 1797 1154 1850 qui
1186 1795 1553 1850 conjunctissime
1586 1804 1635 1839 ut
1666 1799 1753 1840 fra-

255 1866 362 1908 tres,
402 1866 449 1901 et
490 1859 647 1914 reliqui
684 1860 934 1901 secundum
971 1858 1337 1912 conjunctionem
1378 1874 1457 1913 per
1492 1861 1662 1902 bonum
1704 1870 1753 1903 ut

255 1923 412 1964 affines
435 1929 482 1964 et
504 1929 553 1964 ut
575 1924 720 1964 amici.
772 1923 884 1964 Inde
908 1929 978 1964 est
1001 1923 1120 1976 quod
1147 1937 1227 1977 per
1251 1923 1505 1964 “fratrem''
1527 1925 1572 1965 in
1595 1925 1753 1966 Verbo

255 1986 534 2040 significetur
563 1986 732 2027 bonum
773 1986 951 2026 amoris.
1018 1985 1125 2038 Hoc
1160 1986 1299 2027 etiam
1337 1986 1560 2028 Dominus
1597 1987 1750 2037 docet,

255 2050 464 2099 dicendo,

323 2140 345 2154 ‘⁸
357 2139 456 2171 Dixit
473 2139 616 2180 quidam
633 2138 678 2170 ad
694 2138 830 2181 Jesum.
849 2138 939 2170 Ecce
956 2144 1070 2170 mater
1083 2144 1144 2170 tua
1159 2144 1194 2170 et
1211 2138 1339 2171 fratres
1354 2139 1404 2171 tui
1417 2139 1505 2171 foris
1519 2146 1628 2178 stant,
1646 2150 1752 2181 quae-

428 2189 548 2214 rentes
566 2182 646 2214 Tibi
670 2182 787 2223 loqui;
812 2189 848 2214 at
874 2182 956 2223 Ipse
973 2183 1198 2223 respondens
1216 2183 1315 2221 dixit,
1337 2183 1437 2224 Quae
1454 2189 1509 2215 est
1526 2190 1641 2215 mater
1657 2194 1748 2222 mea,

428 2233 463 2258 et
480 2227 538 2268 qui
555 2232 639 2258 sunt
654 2226 783 2258 fratres
802 2226 871 2258 mei
883 2226 918 2258 ?”
970 2251 978 2258 .
993 2251 1000 2258 .
1013 2251 1021 2258 .
1037 2251 1044 2258 .
1056 2228 1078 2240 ‘⁴
1092 2226 1211 2258 Mater
1227 2236 1308 2258 mea
1324 2233 1359 2258 et
1378 2227 1507 2259 fratres
1525 2228 1595 2259 mei
1612 2228 1636 2259 ii
1653 2225 1747 2264 sunt.

429 2270 488 2311 qui
504 2270 652 2302 audiunt
668 2271 816 2302 verbum
842 2270 909 2301 Dei
926 2276 961 2302 et
977 2269 1112 2302 faciunt
1128 2270 1214 2302 illud
1225 2269 1243 2282 ’⁹
1261 2270 1406 2311 (Matth.
1422 2271 1482 2303 xii.
1501 2278 1632 2311 47—5o;
1663 2271 1747 2304 Luc.

432 2314 503 2346 viii.
522 2314 664 2355 1q—21);
1212 2332 1214 2334 v

254 2407 301 2443 et
327 2399 446 2450 alibi,

322 2490 674 2574 “Umzjuesthvester
691 2490 876 2576 Ῑέίῗιςίεῐετ,
898 2490 1073 2529 Christus,
1094 2500 1220 2523 omnes
1245 2497 1363 2523 autem
1388 2501 1453 2523 vos
1477 2491 1606 2523 fratres
1631 2491 1718 2523 estis
1730 2490 1750 2504 ’'

487 2538 538 2566 att
564 2535 684 2567 .xxiii.
739 2560 746 2567 .

253 2632 366 2674 Inde
388 2638 532 2686 patet,
555 2633 660 2686 quid
686 2634 744 2674 sit
767 2647 866 2675 esse
890 2633 1027 2674 frater
1048 2633 1092 2674 in
1120 2633 1331 2675 Domino.
1394 2644 1473 2682 (Sed
1487 2644 1653 2674 videantur
1667 2653 1750 2682 quae

251 2695 292 2724 de
305 2695 366 2724 hac
380 2704 414 2724 re
427 2695 513 2732 prius
528 2700 653 2724 ostensa
666 2700 754 2731 sunt;
773 2700 809 2725 ut
817 2696 906 2733 quod
920 2696 952 2725 in
967 2696 1055 2725 caelo
1070 2705 1181 2725 omnes
1195 2696 1366 2726 consociati
1381 2696 1442 2725 sint
1456 2697 1633 2725 secundum
1648 2696 1749 2725 affini-

251 2746 331 2772 tates
344 2742 527 2780 spiritualae‚
538 2751 620 2779 quae
633 2747 707 2772 sunt
719 2743 796 2772 boni
810 2743 926 2772 amoris
940 2747 971 2772 et
985 2743 1068 2778 fidei,
1079 2747 1110 2772 et
1118 2744 1207 2780 quod
1221 2744 1263 2772 illi
1278 2752 1311 2772 se
1326 2747 1520 2781 cognoscant
1533 2743 1613 2772 sicut
1627 2742 1747 2777 affines,

251 2789 285 2818 in
299 2798 395 2826 opere
411 2789 462 2821 De
480 2789 572 2818 Caelo
586 2792 618 2818 et
630 2789 808 2828 Infernom.
820 2796 888 2827 205,
904 2794 936 2819 et
949 2784 1133 2819 in'Arcanis
1148 2791 1344 2824 Caclestibus,
1356 2799 1387 2820 n.
1398 2790 1466 2827 685,
1477 2799 1546 2827 917,
1558 2799 1646 2827 2739,
1657 2790 1747 2827 3612,

251 2837 340 2873 3815,
350 2845 446 2873 4121:
466 2837 554 2873 quod
568 2836 642 2866 inde
656 2845 713 2874 per
727 2840 744 2851 ¹⁴
754 2836 862 2866 fratres
871 2837 888 2846 “’
904 2837 937 2866 in
950 2837 1059 2867 Verbo
1073 2837 1286 2875 intelligantur
1299 2837 1354 2875 qui
1368 2837 1530 2875 conjuncti
1544 2846 1601 2875 per
1614 2838 1747 2870 bonum,

251 2891 282 2912 n.
301 2883 389 2920 2360,
407 2891 497 2920 3303,
517 2885 606 2921 3803,
626 2885 715 2921 3815,
733 2892 822 2921 4121,
841 2893 930 2922 4191,
949 2884 1039 2922 4267,
1059 2891 1148 2922 5409,
1167 2885 1256 2922 6756,
1278 2893 1384 2922 10490.
1428 2885 1526 2921 Quod
1545 2883 1707 2912 “fratres''
1727 2892 1748 2912 a

252 2930 393 2959 Domino
407 2930 483 2959 dieti
497 2931 568 2965 sint,
583 2931 637 2968 qui
651 2931 684 2960 in
698 2931 785 2960 bono
799 2932 914 2961 amoris
929 2937 960 2961 et
973 2932 1047 2961 fidei
1061 2932 1102 2961 ab
1118 2933 1193 2970 Ipso
1207 2936 1289 2966 sunt,
1305 2941 1336 2961 n.
1351 2940 1440 2969 4191,
1451 2931 1539 2968 5686,
1550 2931 1639 2967 5692,
1655 2930 1745 2966 6756.

251 2977 349 3014 Quod
362 2977 457 3006 etiam
467 2980 484 2992 '¹
494 2977 602 3007 fratres
611 2978 627 2987 '¹
639 2977 715 3007 dicffi
729 2978 790 3008 sint
798 2987 838 3008 ex
846 2978 996 3008 affinitate
1005 2979 1166 3017 spirituali.
1176 2988 1208 3008 n.
1218 2979 1308 3016 6756.
1350 2979 1448 3015 Quod
1463 2978 1597 3016 charitas
1611 2982 1642 3006 et
1656 2977 1745 3011 fides,

251 3025 295 3054 ita
310 3025 432 3054 bonum
447 3029 478 3055 et
491 3034 611 3061 verum,
626 3025 735 3055 {ratres
752 3026 822 3061 sint,
838 3035 902 3064 quo
921 3026 1075 3064 respectu,
1091 3035 1122 3056 n.
1139 3026 1207 3064 367,
1223 3026 1312 3063 3160,
1328 3026 1417 3063 9806.
1461 3025 1558 3062 Quod
1575 3025 1697 3054 bonum
1716 3029 1748 3053 et
1784 3065 1788 3068 ἢ
