2060 3476
655 411 761 444 CAP.
785 410 845 451 v.,
869 411 1008 443 VERs.
1034 411 1179 455 3.—-N.
1206 401 1386 456 3o4[f].
1691 411 1773 456 529

275 524 469 567 ecclesia
490 524 693 566 interna:
724 523 1024 578 “expandere
1047 523 1200 565 caelos
1222 530 1269 565 et
1293 523 1545 565 extendere
1572 523 1772 565 terram“

274 586 501 640 significat
514 587 754 628 ecclesiam
768 587 1000 633 utrobivis,
1017 600 1131 640 quae
1149 586 1425 640 expanditur
1438 593 1486 627 et
1502 586 1772 627 extenditur

275 664 354 704 per
371 649 798 704 multiplicationem
815 650 908 690 veri
926 654 972 690 et
990 647 1381 690 fruetificationem
1399 649 1506 689 boni
1524 649 1643 703 apud
1669 647 1772 689 illos

275 713 349 766 qui
374 712 432 753 ab
456 711 649 753 ecclesia
674 717 792 753 sunt.
854 711 993 765 Apud
1022 710 1308 760 Saclzamam,

347 801 544 843 “Jehovah
568 801 766 832 extendens
790 801 920 838 caelos,
948 807 984 832 et
1011 800 1168 832 fundans
1193 806 1335 838 terram,
1363 806 1399 833 et
1422 800 1584 832 formans
1609 800 1773 841 spiritum

451 845 608 876 hominis
627 845 662 876 in
681 845 799 876 medio
816 844 895 886 ejus
906 844 924 856 ’'
942 844 1015 885 (xii.
1036 845 1088 885 1);

277 926 483 969 similiter
522 927 593 968 hic
635 941 714 981 per
756 927 946 969 “caelos
961 927 980 942 ’³
1013 933 1060 969 et
1098 941 1177 981 per
1217 927 1455 968 “terram''
1494 926 1775 981 significatur

276 989 469 1031 ecclesia
500 990 733 1039 utrobivis,
761 991 826 1031 ita
857 990 1006 1044 quoad
1038 991 1253 1031 interiora
1284 996 1331 1031 et
1362 990 1515 1044 quoad·
1544 991 1775 1031 exteriora

277 1052 397 1105 ejus;
443 1066 580 1106 quare
612 1053 751 1093 etiam
784 1053 960 1101 dicitur,
997 1052 1233 1093 “formans
1265 1053 1471 1106 spiritum
1503 1052 1698 1093 hominis
1730 1053 1774 1093 in

278 1115 429 1156 medio
454 1114 587 1168 ejus.'’
647 1114 787 1168 Apud
813 1115 1077 1164 Jeremiam,

346 1206 370 1220 ‘⁰
382 1205 441 1236 Dii
457 1205 516 1246 qui
533 1205 669 1236 caelum
684 1210 719 1236 et
736 1210 867 1236 terram
885 1186 958 1236 non
976 1204 1147 1243 fecerunt,
1165 1211 1313 1246 pereant
1329 1205 1373 1237 de
1390 1211 1484 1237 terra
1501 1212 1536 1237 et
1553 1205 1596 1237 de
1614 1206 1680 1236 sub
1697 1214 1776 1236 cae-

452 1249 496 1280 lis
509 1248 540 1280 :'’
564 1248 727 1291 Jehovah
748 1248 916 1280 “faciens
933 1255 1064 1280 terram
1085 1259 1149 1290 per
1165 1250 1333 1281 virtutem
1350 1259 1464 1287 suam,
1484 1258 1703 1290 praeparans
1720 1259 1776 1280 or-

451 1293 533 1324 bem
558 1302 621 1333 per
637 1292 850 1333 sapientiam
875 1302 987 1330 suam,
1008 1298 1043 1324 et
1067 1303 1130 1333 per
1154 1293 1427 1333 intelligentiam
1451 1303 1553 1324 suam
1577 1293 1775 1324 extendens

451 1336 591 1375 caelos;
615 1336 661 1367 ad
684 1345 809 1367 vocem
835 1346 941 1377 quam
966 1336 1027 1367 dat
1054 1336 1117 1367 Ille
1142 1337 1332 1368 multitudo
1350 1346 1522 1378 aquarum
1547 1337 1583 1368 in
1601 1337 1720 1374 caelis,
1741 1343 1776 1367 et

453 1380 648 1412 ascendere
665 1379 750 1412 facit
767 1390 922 1421 vapores
939 1389 961 1411 a
978 1380 1046 1411 fine
1064 1386 1180 1412 terrae
1191 1380 1208 1391 ’¹
1225 1381 1272 1420 (x.
1290 1389 1397 1419 ·11-13
1412 1390 1419 1419 ;
1444 1390 1520 1421 cap.
1537 1381 1572 1412 li.
1594 1378 1682 1422 [15‚]
1705 1381 1777 1420 16);

221 1484 223 1486 >
278 1463 381 1517 quia
414 1462 596 1504 “caeli''
627 1469 674 1504 et
708 1462 899 1504 “terra'’
931 1462 1190 1516 significant
1227 1463 1466 1504 ecclesiam
1502 1462 1571 1517 (ut
1603 1463 1773 1517 supra),

277 1526 381 1567 ideo
412 1526 588 1575 dicitur,
614 1526 822 1579 Jehovah
851 1526 1057 1567 “faciens
1075 1523 1252 1567 'terram
1284 1540 1363 1579 per
1388 1526 1605 1567 virtutem
1632 1539 1773 1573 suam,

278 1602 551 1642 praeparans
566 1588 721 1630 orbem
739 1602 818 1642 per
835 1589 1105 1642 sapientiam
1123 1602 1264 1637 suam,
1281 1594 1327 1630 et
1346 1588 1605 1629 extendens
1623 1587 1775 1629 caelos

279 1665 357 1704 per
396 1650 750 1704 intelligentiam
788 1664 915 1691 suam
934 1650 968 1702 ;''
1012 1657 1058 1692 et
1100 1665 1278 1705 quoque
1319 1651 1422 1692 ideo
1459 1651 1637 1698 dicitur,
1680 1652 1776 1691 “ad

278 1727 438 1755 vocem
479 1727 613 1767 quam
659 1714 739 1754 dat
782 1713 865 1754 Ille
908 1713 1156 1754 multitudo
1199 1727 1414 1767 aquarum
1457 1714 1500 1754 in
1538 1713 1689 1761 caelis,
1729 1722 1776 1754 et

279 1776 524 1817 ascendere
555 1776 661 1817 facit
688 1790 878 1830 vapores
905 1790 930 1816 a
962 1775 1048 1817 fine
1075 1783 1223 1817 terrae
1241 1775 1275 1826 ;”
1307 1790 1386 1829 per
1411 1779 1609 1816 “vocem
1641 1790 1776 1830 quam

276 1838 485 1892 Jehovah
517 1838 638 1887 dat‚”
670 1838 950 1892 significatur
982 1838 1195 1879 Divinum
1228 1838 1399 1879 Verum
1432 1839 1684 1891 procedens
1719 1839 1777 1878 ab

280 1901 413 1955 Ipso;
446 1915 525 1955 per
554 1900 931 1941 “multitudinem
957 1913 1173 1954 aquarum
1199 1901 1242 1941 in
1270 1900 1439 1941 caelis’'
1466 1900 1778 1953 significantur

279 1977 385 2005 vera
410 1964 455 2004 in
483 1964 628 2017 copia,
655 1963 868 2017 “aquae''
889 1964 1008 2004 enim
1035 1962 1293 2016 significant
1316 1976 1448 2013 vera;
1482 1970 1528 2003 et
1556 1976 1635 2016 per
1659 1967 1775 2003 “va-

279 2026 441 2080 pores'’
467 2040 579 2080 quos
609 2026 893 2066 “ascendere
927 2026 1034 2066 facit
1069 2039 1095 2066 a
1127 2024 1215 2066 fine
1248 2025 1429 2066 terrae’'
1465 2024 1778 2079 significantur

279 2102 385 2130 vera
416 2088 576 2129 ultima
607 2087 828 2129 ecclesiae
857 2087 1143 2142 (“vapores''
1166 2094 1271 2129 sunt
1303 2087 1381 2128 illa
1406 2102 1526 2136 vera,
1555 2094 1602 2128 et
1638 2087 1777 2128 “finis

279 2151 460 2192 terrae”
491 2157 561 2192 est
593 2150 802 2192 ultimum
835 2149 1103 2205 ecclesiae):
1147 2157 1194 2191 et
1226 2151 1329 2204 quia
1360 2149 1489 2191 “dii”
1520 2150 1778 2204 significant

279 2213 393 2254 falsa
423 2212 655 2254 doetrinae
688 2219 735 2254 et
767 2212 930 2262 cultus,
965 2227 1079 2267 quae
1111 2213 1352 2254 destruunt
1384 2211 1641 2262 ecclesiam,
1675 2213 1778 2254 ideo

280 2275 575 2324 dicitur,⁴‘Dii
598 2276 671 2330 qui
697 2289 788 2316 non
810 2275 1014 2316 fecerunt
1038 2275 1214 2316 caelum
1238 2282 1284 2316 et
1311 2282 1480 2316 terram
1503 2281 1693 2329 pereant
1720 2276 1777 2316 de

281 2344 403 2379 terra
428 2343 475 2379 et
501 2338 557 2378 de
583 2338 666 2379 sub
691 2337 867 2379 caelis.’'
928 2337 1066 2391 Apud
1095 2337 1333 2387 Davidem,

296 2434 299 2436 ’
346 2426 509 2469 Jehovah
523 2428 546 2441 ‘⁸
556 2427 615 2468 qui
626 2426 710 2458 facit
720 2422 838 2458 eae'los
850 2436 912 2467 per
923 2426 1196 2467 intelligentiam
1201 2451 1294 2464 .....
1302 2432 1337 2458 et
1347 2426 1516 2467 expandit
1530 2432 1660 2458 terram
1673 2436 1780 2467 super

456 2480 566 2512 aquas
577 2470 595 2482 ''
609 2470 755 2510 (Psalm.
769 2471 909 2502 cxxxvi.
928 2478 957 2509 5,
971 2470 1026 2510 6).;

282 2555 387 2610 quia
421 2568 499 2608 per
533 2552 781 2594 “caelum'’
813 2559 860 2594 et
901 2557 1107 2594 “terram
1120 2552 1139 2568 ''
1171 2552 1451 2606 significatur
1487 2552 1697 2603 ecclesia,
1731 2560 1777 2594 et

282 2617 476 2660 ecclesia
497 2616 714 2657 formatur
737 2630 816 2669 per
837 2630 957 2665 vera,
978 2622 1024 2657 et
1046 2630 1152 2656 vera
1174 2616 1395 2657 ecclesiae
1417 2616 1586 2657 faciunt
1609 2616 1777 2657 intelli-

281 2681 499 2734 gentiam,
523 2679 626 2720 ideo
648 2679 811 2720 dicitur
839 2678 1081 2732 “Jehovah
1108 2678 1215 2720 facit
1238 2678 1391 2720 caelos
1407 2693 1493 2733 per
1514 2679 1776 2732 intelligen-

282 2745 407 2792 tiam,
432 2749 478 2784 et
501 2742 723 2796 expandit
746 2747 914 2783 terram
937 2755 1070 2796 super
1091 2755 1231 2796 aquas
1249 2742 1283 2794 ;'’
1317 2742 1529 2797 “aquae'’
1547 2749 1653 2784 sunt
1671 2756 1778 2783 vera

281 2806 516 2850 ecclesiae.
578 2805 717 2859 Apud
742 2804 947 2854 Esaiam,

351 2894 442 2926 “Sic
457 2894 546 2927 dixit
564 2893 662 2926 Deus
685 2893 859 2935 Jehovah,
881 2903 1008 2925 creans
1032 2894 1150 2926 caelos
1175 2900 1211 2926 et
1234 2895 1442 2935 expandens
1468 2895 1559 2932 illos,
1579 2893 1777 2925 extendens

455 2944 588 2970 terram
605 2943 640 2969 et
657 2936 830 2978 produCta
841 2937 931 2978 ejus,
946 2938 1037 2969 dans
1048 2938 1206 2969 animam
1218 2938 1353 2980 populo
1366 2948 1474 2980 super
1490 2948 1544 2976 ea,
1561 2943 1596 2969 et
1612 2934 1777 2978 spiritfim
1819 2945 1827 2953 ’

455 2981 721 3014 ambulantibus
738 2981 775 3013 in
792 2980 852 3013 ea'
857 2981 968 3021 ’(xlii.
986 2981 1040 3022 5);

282 3077 361 3118 per
402 3066 593 3106 “creare
630 3063 812 3106 caelos'’
849 3070 896 3106 et
936 3064 1226 3106 “extendere
1264 3070 1432 3106 terram
1470 3071 1516 3106 et
1555 3061 1775 3118 produ&a
