<?xml version="1.0" encoding="UTF-8"?>
<!DOCTYPE html PUBLIC "-//W3C//DTD XHTML 1.0 Transitional//EN"
    "http://www.w3.org/TR/xhtml1/DTD/xhtml1-transitional.dtd">
<html xmlns="http://www.w3.org/1999/xhtml" xml:lang="en" lang="en">
 <head>
  <title>
</title>
<meta http-equiv="Content-Type" content="text/html;charset=utf-8" />
  <meta name='ocr-system' content='tesseract 3.04.00' />
  <meta name='ocr-capabilities' content='ocr_page ocr_carea ocr_par ocr_line ocrx_word'/>
</head>
<body>
  <div class='ocr_page' id='page_1' title='image "apocalypsisexpli01sweduoft_0219.png"; bbox 0 0 2060 3476; ppageno 0'>
   <div class='ocr_carea' id='block_1_1' title="bbox 655 356 1746 411">
    <p class='ocr_par' dir='ltr' id='par_1_1' title="bbox 655 356 1746 411">
     <span class='ocr_line' id='line_1_1' title="bbox 655 356 1746 411; baseline 0.004 -16"><span class='ocrx_word' id='word_1_1' title='bbox 655 362 761 395; x_wconf 87' lang='lat' dir='ltr'><strong>CAP.</strong></span> <span class='ocrx_word' id='word_1_2' title='bbox 786 363 854 404; x_wconf 91' lang='lat'>11.,</span> <span class='ocrx_word' id='word_1_3' title='bbox 878 363 1016 396; x_wconf 85' lang='lat' dir='ltr'>VERS.</span> <span class='ocrx_word' id='word_1_4' title='bbox 1041 365 1218 397; x_wconf 87' lang='lat' dir='ltr'><strong>22.—N.</strong></span> <span class='ocrx_word' id='word_1_5' title='bbox 1247 356 1336 409; x_wconf 89' lang='lat'>163.</span> <span class='ocrx_word' id='word_1_6' title='bbox 1663 368 1746 411; x_wconf 87' lang='lat'>213</span> 
     </span>
    </p>
   </div>
   <div class='ocr_carea' id='block_1_2' title="bbox 318 474 1750 608">
    <p class='ocr_par' dir='ltr' id='par_1_2' title="bbox 318 474 1750 608">
     <span class='ocr_line' id='line_1_2' title="bbox 318 474 1750 519; baseline 0.003 -13"><span class='ocrx_word' id='word_1_7' title='bbox 318 476 341 489; x_wconf 83' lang='lat'>‘¹</span> <span class='ocrx_word' id='word_1_8' title='bbox 353 474 444 507; x_wconf 89' lang='lat' dir='ltr'>Dico</span> <span class='ocrx_word' id='word_1_9' title='bbox 459 475 573 514; x_wconf 90' lang='lat' dir='ltr'>vobis,</span> <span class='ocrx_word' id='word_1_10' title='bbox 594 474 663 507; x_wconf 87' lang='lat' dir='ltr'>Illa</span> <span class='ocrx_word' id='word_1_11' title='bbox 678 474 784 508; x_wconf 64' lang='lat' dir='ltr'>noste</span> <span class='ocrx_word' id='word_1_12' title='bbox 801 483 905 508; x_wconf 89' lang='lat' dir='ltr'>erunt</span> <span class='ocrx_word' id='word_1_13' title='bbox 921 477 992 508; x_wconf 91' lang='lat' dir='ltr'>duo</span> <span class='ocrx_word' id='word_1_14' title='bbox 1017 477 1053 509; x_wconf 90' lang='lat' dir='ltr'>in</span> <span class='ocrx_word' id='word_1_15' title='bbox 1077 475 1171 509; x_wconf 71' lang='lat' dir='ltr'>lec&#39;io</span> <span class='ocrx_word' id='word_1_16' title='bbox 1192 482 1278 517; x_wconf 83' lang='lat' dir='ltr'>uno,</span> <span class='ocrx_word' id='word_1_17' title='bbox 1295 488 1389 510; x_wconf 89' lang='lat' dir='ltr'>unus</span> <span class='ocrx_word' id='word_1_18' title='bbox 1405 479 1645 519; x_wconf 85' lang='lat' dir='ltr'>acceptabitur</span> <span class='ocrx_word' id='word_1_19' title='bbox 1660 479 1750 510; x_wconf 86' lang='lat' dir='ltr'>alter</span> 
     </span>
     <span class='ocr_line' id='line_1_3' title="bbox 424 519 1750 562; baseline 0.003 -12"><span class='ocrx_word' id='word_1_20' title='bbox 424 519 662 560; x_wconf 87' lang='lat' dir='ltr'>relinquetur:</span> <span class='ocrx_word' id='word_1_21' title='bbox 691 520 782 551; x_wconf 92' lang='lat' dir='ltr'>duae</span> <span class='ocrx_word' id='word_1_22' title='bbox 806 527 910 552; x_wconf 87' lang='lat' dir='ltr'>erunt</span> <span class='ocrx_word' id='word_1_23' title='bbox 934 521 1122 560; x_wconf 87' lang='lat' dir='ltr'>molentes,</span> <span class='ocrx_word' id='word_1_24' title='bbox 1149 532 1222 553; x_wconf 90' lang='lat' dir='ltr'>una</span> <span class='ocrx_word' id='word_1_25' title='bbox 1244 523 1485 562; x_wconf 90' lang='lat' dir='ltr'>acceptabitur</span> <span class='ocrx_word' id='word_1_26' title='bbox 1508 523 1621 554; x_wconf 88' lang='lat' dir='ltr'>altera</span> <span class='ocrx_word' id='word_1_27' title='bbox 1644 522 1750 554; x_wconf 90' lang='lat' dir='ltr'>relin-</span> 
     </span>
     <span class='ocr_line' id='line_1_4' title="bbox 424 563 1748 608; baseline 0.003 -14"><span class='ocrx_word' id='word_1_28' title='bbox 424 569 570 604; x_wconf 89' lang='lat' dir='ltr'>quetur:</span> <span class='ocrx_word' id='word_1_29' title='bbox 595 563 667 595; x_wconf 92' lang='lat' dir='ltr'>duo</span> <span class='ocrx_word' id='word_1_30' title='bbox 690 569 795 595; x_wconf 88' lang='lat' dir='ltr'>erunt</span> <span class='ocrx_word' id='word_1_31' title='bbox 818 564 855 595; x_wconf 88' lang='lat' dir='ltr'>in</span> <span class='ocrx_word' id='word_1_32' title='bbox 879 574 978 605; x_wconf 88' lang='lat' dir='ltr'>agro,</span> <span class='ocrx_word' id='word_1_33' title='bbox 1004 575 1097 597; x_wconf 91' lang='lat' dir='ltr'>unus</span> <span class='ocrx_word' id='word_1_34' title='bbox 1121 566 1363 607; x_wconf 86' lang='lat' dir='ltr'>acceptabitur</span> <span class='ocrx_word' id='word_1_35' title='bbox 1385 566 1477 598; x_wconf 90' lang='lat' dir='ltr'>alter</span> <span class='ocrx_word' id='word_1_36' title='bbox 1499 566 1720 608; x_wconf 87' lang='lat' dir='ltr'>relinquetur</span> <span class='ocrx_word' id='word_1_37' title='bbox 1729 565 1748 578; x_wconf 91' lang='lat'><strong>”</strong></span> 
     </span>
    </p>
   </div>
   <div class='ocr_carea' id='block_1_3' title="bbox 424 605 798 649">
    <p class='ocr_par' dir='ltr' id='par_1_3' title="bbox 424 605 798 649">
     <span class='ocr_line' id='line_1_5' title="bbox 424 605 798 649; baseline 0.029 -12"><span class='ocrx_word' id='word_1_38' title='bbox 424 607 521 646; x_wconf 76' lang='lat' dir='ltr'>(xvii.</span> <span class='ocrx_word' id='word_1_39' title='bbox 541 605 629 649; x_wconf 65' lang='lat'><strong>[342]</strong></span> <span class='ocrx_word' id='word_1_40' title='bbox 648 615 701 647; x_wconf 75' lang='grc'>35,</span> <span class='ocrx_word' id='word_1_41' title='bbox 721 607 798 648; x_wconf 82' lang='grc'>36);</span> 
     </span>
    </p>
   </div>
   <div class='ocr_carea' id='block_1_4' title="bbox 200 703 1749 953">
    <p class='ocr_par' dir='ltr' id='par_1_4' title="bbox 200 703 1749 953">
     <span class='ocr_line' id='line_1_6' title="bbox 249 703 1748 760; baseline 0.003 -17"><span class='ocrx_word' id='word_1_42' title='bbox 249 703 400 756; x_wconf 87' lang='lat' dir='ltr'>agitur</span> <span class='ocrx_word' id='word_1_43' title='bbox 417 703 473 744; x_wconf 90' lang='lat' dir='ltr'>de</span> <span class='ocrx_word' id='word_1_44' title='bbox 491 704 884 745; x_wconf 85' lang='lat' dir='ltr'>consummatione</span> <span class='ocrx_word' id='word_1_45' title='bbox 906 703 1088 754; x_wconf 89' lang='lat' dir='ltr'>saeculi,</span> <span class='ocrx_word' id='word_1_46' title='bbox 1108 719 1223 759; x_wconf 90' lang='lat' dir='ltr'>quae</span> <span class='ocrx_word' id='word_1_47' title='bbox 1245 712 1316 747; x_wconf 88' lang='lat' dir='ltr'>est</span> <span class='ocrx_word' id='word_1_48' title='bbox 1339 705 1548 747; x_wconf 87' lang='lat' dir='ltr'>ultimum</span> <span class='ocrx_word' id='word_1_49' title='bbox 1567 713 1748 760; x_wconf 87' lang='lat' dir='ltr'>tempus</span> 
     </span>
     <span class='ocr_line' id='line_1_7' title="bbox 200 766 1749 821; baseline 0.003 -15"><span class='ocrx_word' id='word_1_50' title='bbox 200 814 212 818; x_wconf 42' lang='lat'>-</span> <span class='ocrx_word' id='word_1_51' title='bbox 248 766 468 808; x_wconf 88' lang='lat' dir='ltr'>ecclesiae</span> <span class='ocrx_word' id='word_1_52' title='bbox 490 767 672 821; x_wconf 89' lang='lat' dir='ltr'>quando</span> <span class='ocrx_word' id='word_1_53' title='bbox 692 766 935 820; x_wconf 88' lang='lat' dir='ltr'>judicium;</span> <span class='ocrx_word' id='word_1_54' title='bbox 968 782 1068 810; x_wconf 89' lang='lat' dir='ltr'>esse</span> <span class='ocrx_word' id='word_1_55' title='bbox 1093 769 1176 809; x_wconf 89' lang='lat' dir='ltr'>“in</span> <span class='ocrx_word' id='word_1_56' title='bbox 1203 783 1292 810; x_wconf 92' lang='lat' dir='ltr'>uno</span> <span class='ocrx_word' id='word_1_57' title='bbox 1318 767 1469 811; x_wconf 71' lang='lat' dir='ltr'>le&amp;o”</span> <span class='ocrx_word' id='word_1_58' title='bbox 1492 776 1562 811; x_wconf 89' lang='lat' dir='ltr'>est</span> <span class='ocrx_word' id='word_1_59' title='bbox 1588 770 1633 810; x_wconf 92' lang='lat' dir='ltr'>in</span> <span class='ocrx_word' id='word_1_60' title='bbox 1654 773 1749 811; x_wconf 83' lang='lat' dir='ltr'>&#39;una</span> 
     </span>
     <span class='ocr_line' id='line_1_8' title="bbox 248 826 1747 887; baseline 0.003 -17"><span class='ocrx_word' id='word_1_61' title='bbox 248 826 454 871; x_wconf 60' lang='lat' dir='ltr'>doctrina</span> <span class='ocrx_word' id='word_1_62' title='bbox 480 830 725 882; x_wconf 86' lang='lat' dir='ltr'>ecclesiae;</span> <span class='ocrx_word' id='word_1_63' title='bbox 762 831 915 872; x_wconf 87' lang='lat' dir='ltr'>“duae</span> <span class='ocrx_word' id='word_1_64' title='bbox 937 831 1206 882; x_wconf 89' lang='lat' dir='ltr'>molentes,’&#39;</span> <span class='ocrx_word' id='word_1_65' title='bbox 1228 839 1333 873; x_wconf 91' lang='lat' dir='ltr'>sunt</span> <span class='ocrx_word' id='word_1_66' title='bbox 1356 834 1430 887; x_wconf 93' lang='lat' dir='ltr'>qui</span> <span class='ocrx_word' id='word_1_67' title='bbox 1452 833 1678 887; x_wconf 86' lang='lat' dir='ltr'>colligunt</span> <span class='ocrx_word' id='word_1_68' title='bbox 1700 841 1747 876; x_wconf 89' lang='lat' dir='ltr'>et</span> 
     </span>
     <span class='ocr_line' id='line_1_9' title="bbox 248 895 1747 953; baseline 0.003 -17"><span class='ocrx_word' id='word_1_69' title='bbox 248 895 489 938; x_wconf 88' lang='lat' dir='ltr'>addiscunt</span> <span class='ocrx_word' id='word_1_70' title='bbox 515 896 625 938; x_wconf 88' lang='lat' dir='ltr'>talia</span> <span class='ocrx_word' id='word_1_71' title='bbox 650 911 764 951; x_wconf 85' lang='lat' dir='ltr'>quae</span> <span class='ocrx_word' id='word_1_72' title='bbox 795 898 1045 939; x_wconf 87' lang='lat' dir='ltr'>inserviunt</span> <span class='ocrx_word' id='word_1_73' title='bbox 1076 897 1205 949; x_wconf 89' lang='lat' dir='ltr'>fidei;</span> <span class='ocrx_word' id='word_1_74' title='bbox 1234 899 1362 939; x_wconf 90' lang='lat' dir='ltr'>“duo</span> <span class='ocrx_word' id='word_1_75' title='bbox 1392 900 1437 939; x_wconf 94' lang='lat' dir='ltr'>in</span> <span class='ocrx_word' id='word_1_76' title='bbox 1463 899 1615 953; x_wconf 84' lang='lat' dir='ltr'>agro,&#39;‘</span> <span class='ocrx_word' id='word_1_77' title='bbox 1641 906 1747 941; x_wconf 87' lang='lat' dir='ltr'>sunt</span> 
     </span>
    </p>
   </div>
   <div class='ocr_carea' id='block_1_5' title="bbox 246 957 1749 1160">
    <p class='ocr_par' dir='ltr' id='par_1_5' title="bbox 246 957 1749 1160">
     <span class='ocr_line' id='line_1_10' title="bbox 247 957 1749 1012; baseline 0.002 -15"><span class='ocrx_word' id='word_1_78' title='bbox 247 957 322 1010; x_wconf 91' lang='lat' dir='ltr'>qui</span> <span class='ocrx_word' id='word_1_79' title='bbox 338 957 383 997; x_wconf 93' lang='lat' dir='ltr'>in</span> <span class='ocrx_word' id='word_1_80' title='bbox 398 957 595 998; x_wconf 84' lang='lat' dir='ltr'>ecclesia</span> <span class='ocrx_word' id='word_1_81' title='bbox 612 958 696 998; x_wconf 91' lang='lat' dir='ltr'>sibi</span> <span class='ocrx_word' id='word_1_82' title='bbox 713 958 950 1012; x_wconf 86' lang='lat' dir='ltr'>applicant</span> <span class='ocrx_word' id='word_1_83' title='bbox 967 973 1075 1000; x_wconf 88' lang='lat' dir='ltr'>vera</span> <span class='ocrx_word' id='word_1_84' title='bbox 1092 966 1139 1000; x_wconf 91' lang='lat' dir='ltr'>et</span> <span class='ocrx_word' id='word_1_85' title='bbox 1156 959 1292 1000; x_wconf 88' lang='lat' dir='ltr'>bona.</span> <span class='ocrx_word' id='word_1_86' title='bbox 1333 968 1673 1009; x_wconf 81' lang='lat' dir='ltr'>(Quod“m01entes·’</span> <span class='ocrx_word' id='word_1_87' title='bbox 1687 972 1749 1000; x_wconf 79' lang='lat' dir='ltr'>sim</span> 
     </span>
     <span class='ocr_line' id='line_1_11' title="bbox 246 1018 1748 1061; baseline 0.004 -14"><span class='ocrx_word' id='word_1_88' title='bbox 246 1018 302 1055; x_wconf 94' lang='lat' dir='ltr'>qui</span> <span class='ocrx_word' id='word_1_89' title='bbox 324 1018 477 1056; x_wconf 89' lang='lat' dir='ltr'>colligunt</span> <span class='ocrx_word' id='word_1_90' title='bbox 498 1023 529 1048; x_wconf 90' lang='lat' dir='ltr'>et</span> <span class='ocrx_word' id='word_1_91' title='bbox 549 1020 719 1049; x_wconf 89' lang='lat' dir='ltr'>addiscunt</span> <span class='ocrx_word' id='word_1_92' title='bbox 739 1020 814 1049; x_wconf 89' lang='lat' dir='ltr'>talia</span> <span class='ocrx_word' id='word_1_93' title='bbox 834 1029 918 1057; x_wconf 86' lang='lat' dir='ltr'>quae</span> <span class='ocrx_word' id='word_1_94' title='bbox 939 1020 1112 1050; x_wconf 85' lang='lat' dir='ltr'>inserviunt</span> <span class='ocrx_word' id='word_1_95' title='bbox 1133 1021 1217 1056; x_wconf 89' lang='lat' dir='ltr'>fidei,</span> <span class='ocrx_word' id='word_1_96' title='bbox 1233 1022 1378 1061; x_wconf 80' lang='lat' dir='ltr'>videatur</span> <span class='ocrx_word' id='word_1_97' title='bbox 1398 1031 1429 1052; x_wconf 92' lang='lat' dir='ltr'>n.</span> <span class='ocrx_word' id='word_1_98' title='bbox 1444 1029 1535 1059; x_wconf 85' lang='lat'>4335.</span> <span class='ocrx_word' id='word_1_99' title='bbox 1550 1024 1641 1058; x_wconf 87' lang='lat'>7780,</span> <span class='ocrx_word' id='word_1_100' title='bbox 1657 1030 1748 1060; x_wconf 85' lang='lat'><strong>9995.</strong></span> 
     </span>
     <span class='ocr_line' id='line_1_12' title="bbox 247 1061 1747 1114; baseline 0.003 -17"><span class='ocrx_word' id='word_1_101' title='bbox 247 1068 345 1104; x_wconf 90' lang='lat' dir='ltr'>Quod</span> <span class='ocrx_word' id='word_1_102' title='bbox 358 1065 376 1076; x_wconf 79' lang='lat'>&#39;⁴</span> <span class='ocrx_word' id='word_1_103' title='bbox 387 1077 463 1106; x_wconf 86' lang='lat' dir='ltr'>ager</span> <span class='ocrx_word' id='word_1_104' title='bbox 473 1068 490 1078; x_wconf 88' lang='lat'>&#39;&#39;</span> <span class='ocrx_word' id='word_1_105' title='bbox 503 1069 542 1098; x_wconf 91' lang='lat' dir='ltr'>sit</span> <span class='ocrx_word' id='word_1_106' title='bbox 553 1070 694 1108; x_wconf 86' lang='lat' dir='ltr'>receptio</span> <span class='ocrx_word' id='word_1_107' title='bbox 706 1069 771 1099; x_wconf 88' lang='lat' dir='ltr'>veri</span> <span class='ocrx_word' id='word_1_108' title='bbox 783 1074 815 1099; x_wconf 90' lang='lat' dir='ltr'>et</span> <span class='ocrx_word' id='word_1_109' title='bbox 825 1070 913 1105; x_wconf 88' lang='lat' dir='ltr'>boni,</span> <span class='ocrx_word' id='word_1_110' title='bbox 927 1079 957 1100; x_wconf 89' lang='lat' dir='ltr'>n.</span> <span class='ocrx_word' id='word_1_111' title='bbox 971 1071 1040 1108; x_wconf 86' lang='lat'>368,</span> <span class='ocrx_word' id='word_1_112' title='bbox 1054 1079 1144 1108; x_wconf 86' lang='lat'>3310,</span> <span class='ocrx_word' id='word_1_113' title='bbox 1156 1079 1246 1109; x_wconf 86' lang='lat'>9141,</span> <span class='ocrx_word' id='word_1_114' title='bbox 1259 1072 1365 1110; x_wconf 83' lang='lat'><strong>9295.)</strong></span> <span class='ocrx_word' id='word_1_115' title='bbox 1408 1061 1550 1114; x_wconf 84' lang='lat' dir='ltr'>Apud</span> <span class='ocrx_word' id='word_1_116' title='bbox 1565 1061 1747 1110; x_wconf 71' lang='lat' dir='ltr'>Joban·</span> 
     </span>
     <span class='ocr_line' id='line_1_13' title="bbox 248 1124 359 1160; baseline 0.009 -10"><span class='ocrx_word' id='word_1_117' title='bbox 248 1124 359 1160; x_wconf 85' lang='lat' dir='ltr'>nem,</span> 
     </span>
    </p>
   </div>
   <div class='ocr_carea' id='block_1_6' title="bbox 311 1198 1749 1375">
    <p class='ocr_par' dir='ltr' id='par_1_6' title="bbox 311 1198 1749 1375">
     <span class='ocr_line' id='line_1_14' title="bbox 311 1198 1743 1242; baseline 0.003 -12"><span class='ocrx_word' id='word_1_118' title='bbox 311 1198 416 1241; x_wconf 90' lang='lat' dir='ltr'>Jesus</span> <span class='ocrx_word' id='word_1_119' title='bbox 428 1199 518 1231; x_wconf 89' lang='lat' dir='ltr'>dixit</span> <span class='ocrx_word' id='word_1_120' title='bbox 534 1205 683 1240; x_wconf 85' lang='lat' dir='ltr'>aegroto</span> <span class='ocrx_word' id='word_1_121' title='bbox 700 1200 745 1232; x_wconf 90' lang='lat' dir='ltr'>ad</span> <span class='ocrx_word' id='word_1_122' title='bbox 762 1200 936 1241; x_wconf 88' lang='lat' dir='ltr'>piscinam</span> <span class='ocrx_word' id='word_1_123' title='bbox 950 1198 1229 1240; x_wconf 83' lang='lat' dir='ltr'>[¹]Bethesdae,“</span> <span class='ocrx_word' id='word_1_124' title='bbox 1241 1201 1364 1242; x_wconf 85' lang='lat' dir='ltr'>Surge,</span> <span class='ocrx_word' id='word_1_125' title='bbox 1381 1202 1467 1234; x_wconf 89' lang='lat' dir='ltr'>tolle</span> <span class='ocrx_word' id='word_1_126' title='bbox 1485 1200 1617 1234; x_wconf 71' lang='lat' dir='ltr'>led&#39;tum</span> <span class='ocrx_word' id='word_1_127' title='bbox 1631 1208 1743 1241; x_wconf 91' lang='lat' dir='ltr'>tuum,</span> 
     </span>
     <span class='ocr_line' id='line_1_15' title="bbox 422 1242 1749 1284; baseline 0.003 -10"><span class='ocrx_word' id='word_1_128' title='bbox 422 1249 456 1274; x_wconf 92' lang='lat' dir='ltr'>et</span> <span class='ocrx_word' id='word_1_129' title='bbox 467 1244 613 1275; x_wconf 91' lang='lat' dir='ltr'>ambula</span> <span class='ocrx_word' id='word_1_130' title='bbox 625 1253 632 1282; x_wconf 88' lang='lat'>;</span> <span class='ocrx_word' id='word_1_131' title='bbox 657 1250 693 1276; x_wconf 90' lang='lat' dir='ltr'>et</span> <span class='ocrx_word' id='word_1_132' title='bbox 705 1244 827 1276; x_wconf 88' lang='lat' dir='ltr'>statim</span> <span class='ocrx_word' id='word_1_133' title='bbox 840 1242 956 1276; x_wconf 61' lang='lat' dir='ltr'>factus</span> <span class='ocrx_word' id='word_1_134' title='bbox 968 1251 1023 1276; x_wconf 92' lang='lat' dir='ltr'>est</span> <span class='ocrx_word' id='word_1_135' title='bbox 1035 1255 1146 1277; x_wconf 91' lang='lat' dir='ltr'>sanus</span> <span class='ocrx_word' id='word_1_136' title='bbox 1159 1245 1280 1284; x_wconf 90' lang='lat' dir='ltr'>homo,</span> <span class='ocrx_word' id='word_1_137' title='bbox 1294 1252 1330 1278; x_wconf 86' lang='lat' dir='ltr'>et</span> <span class='ocrx_word' id='word_1_138' title='bbox 1342 1246 1487 1277; x_wconf 89' lang='lat' dir='ltr'>sustulit</span> <span class='ocrx_word' id='word_1_139' title='bbox 1499 1245 1631 1278; x_wconf 63' lang='lat' dir='ltr'>lectum</span> <span class='ocrx_word' id='word_1_140' title='bbox 1643 1256 1749 1278; x_wconf 90' lang='lat' dir='ltr'>suum</span> 
     </span>
     <span class='ocr_line' id='line_1_16' title="bbox 420 1287 1748 1331; baseline 0.003 -13"><span class='ocrx_word' id='word_1_141' title='bbox 420 1293 456 1318; x_wconf 91' lang='lat' dir='ltr'>et</span> <span class='ocrx_word' id='word_1_142' title='bbox 479 1287 686 1320; x_wconf 84' lang='lat' dir='ltr'>ambulavit.</span> <span class='ocrx_word' id='word_1_143' title='bbox 741 1312 837 1320; x_wconf 89' lang='grc'><strong>.....</strong></span> <span class='ocrx_word' id='word_1_144' title='bbox 847 1288 979 1320; x_wconf 90' lang='lat' dir='ltr'>Postea</span> <span class='ocrx_word' id='word_1_145' title='bbox 1002 1289 1140 1321; x_wconf 90' lang='lat' dir='ltr'>invenit</span> <span class='ocrx_word' id='word_1_146' title='bbox 1164 1299 1246 1321; x_wconf 90' lang='lat' dir='ltr'>eum</span> <span class='ocrx_word' id='word_1_147' title='bbox 1269 1289 1386 1331; x_wconf 91' lang='lat' dir='ltr'>Jesus,</span> <span class='ocrx_word' id='word_1_148' title='bbox 1413 1296 1449 1321; x_wconf 93' lang='lat' dir='ltr'>et</span> <span class='ocrx_word' id='word_1_149' title='bbox 1471 1290 1560 1322; x_wconf 89' lang='lat' dir='ltr'>dixit</span> <span class='ocrx_word' id='word_1_150' title='bbox 1583 1290 1628 1328; x_wconf 89' lang='lat' dir='ltr'>ei,</span> <span class='ocrx_word' id='word_1_151' title='bbox 1656 1290 1748 1322; x_wconf 90' lang='lat' dir='ltr'>Ecce</span> 
     </span>
     <span class='ocr_line' id='line_1_17' title="bbox 421 1329 1748 1375; baseline 0.003 -13"><span class='ocrx_word' id='word_1_152' title='bbox 421 1341 532 1363; x_wconf 93' lang='lat' dir='ltr'>sanus</span> <span class='ocrx_word' id='word_1_153' title='bbox 548 1329 665 1363; x_wconf 68' lang='lat' dir='ltr'>iactus</span> <span class='ocrx_word' id='word_1_154' title='bbox 682 1341 720 1364; x_wconf 93' lang='lat' dir='ltr'>es</span> <span class='ocrx_word' id='word_1_155' title='bbox 734 1341 742 1371; x_wconf 86' lang='lat'>;</span> <span class='ocrx_word' id='word_1_156' title='bbox 767 1342 811 1363; x_wconf 90' lang='lat' dir='ltr'>ne</span> <span class='ocrx_word' id='word_1_157' title='bbox 829 1342 937 1373; x_wconf 89' lang='lat' dir='ltr'>pecca</span> <span class='ocrx_word' id='word_1_158' title='bbox 953 1333 1117 1375; x_wconf 82' lang='lat' dir='ltr'>amplius,</span> <span class='ocrx_word' id='word_1_159' title='bbox 1134 1343 1179 1365; x_wconf 91' lang='lat' dir='ltr'>ne</span> <span class='ocrx_word' id='word_1_160' title='bbox 1196 1332 1299 1374; x_wconf 88' lang='lat' dir='ltr'>pejus</span> <span class='ocrx_word' id='word_1_161' title='bbox 1316 1334 1378 1365; x_wconf 89' lang='lat' dir='ltr'>tibi</span> <span class='ocrx_word' id='word_1_162' title='bbox 1396 1333 1456 1366; x_wconf 91' lang='lat' dir='ltr'>fiat</span> <span class='ocrx_word' id='word_1_163' title='bbox 1467 1333 1485 1346; x_wconf 86' lang='lat'>’¹</span> <span class='ocrx_word' id='word_1_164' title='bbox 1498 1333 1545 1374; x_wconf 90' lang='lat' dir='ltr'>(v.</span> <span class='ocrx_word' id='word_1_165' title='bbox 1561 1334 1657 1372; x_wconf 89' lang='lat'>8-12,</span> <span class='ocrx_word' id='word_1_166' title='bbox 1674 1333 1748 1375; x_wconf 86' lang='lat'>14);</span> 
     </span>
    </p>
   </div>
   <div class='ocr_carea' id='block_1_7' title="bbox 248 1407 687 1462">
    <p class='ocr_par' dir='ltr' id='par_1_7' title="bbox 248 1407 687 1462">
     <span class='ocr_line' id='line_1_18' title="bbox 248 1407 687 1462; baseline 0.002 -14"><span class='ocrx_word' id='word_1_167' title='bbox 248 1413 295 1448; x_wconf 89' lang='lat' dir='ltr'>et</span> <span class='ocrx_word' id='word_1_168' title='bbox 320 1407 440 1462; x_wconf 89' lang='lat' dir='ltr'>apud</span> <span class='ocrx_word' id='word_1_169' title='bbox 463 1407 687 1458; x_wconf 84' lang='lat' dir='ltr'>Marcum,</span> 
     </span>
    </p>
   </div>
   <div class='ocr_carea' id='block_1_8' title="bbox 313 1484 1749 1749">
    <p class='ocr_par' dir='ltr' id='par_1_8' title="bbox 313 1484 1749 1703">
     <span class='ocr_line' id='line_1_19' title="bbox 313 1484 1748 1531; baseline 0.003 -14"><span class='ocrx_word' id='word_1_170' title='bbox 313 1484 558 1518; x_wconf 90' lang='lat' dir='ltr'>Removerunt</span> <span class='ocrx_word' id='word_1_171' title='bbox 573 1484 707 1518; x_wconf 64' lang='lat' dir='ltr'>tedium</span> <span class='ocrx_word' id='word_1_172' title='bbox 723 1487 783 1518; x_wconf 93' lang='lat' dir='ltr'>ubi</span> <span class='ocrx_word' id='word_1_173' title='bbox 806 1486 912 1528; x_wconf 91' lang='lat' dir='ltr'>Jesus</span> <span class='ocrx_word' id='word_1_174' title='bbox 928 1493 1015 1526; x_wconf 91' lang='lat' dir='ltr'>erat,</span> <span class='ocrx_word' id='word_1_175' title='bbox 1039 1489 1061 1502; x_wconf 84' lang='lat'>¹‘</span> <span class='ocrx_word' id='word_1_176' title='bbox 1073 1494 1109 1519; x_wconf 90' lang='lat' dir='ltr'>et</span> <span class='ocrx_word' id='word_1_177' title='bbox 1126 1485 1383 1520; x_wconf 68' lang='lat' dir='ltr'>ffldemiserunt</span> <span class='ocrx_word' id='word_1_178' title='bbox 1403 1487 1535 1520; x_wconf 74' lang='lat' dir='ltr'>lecstum</span> <span class='ocrx_word' id='word_1_179' title='bbox 1553 1499 1661 1530; x_wconf 85' lang='lat' dir='ltr'>super</span> <span class='ocrx_word' id='word_1_180' title='bbox 1677 1499 1748 1531; x_wconf 90' lang='lat' dir='ltr'>quo</span> 
     </span>
     <span class='ocr_line' id='line_1_20' title="bbox 420 1530 1745 1574; baseline 0.002 -13"><span class='ocrx_word' id='word_1_181' title='bbox 420 1530 636 1571; x_wconf 86' lang='lat' dir='ltr'>paralyticus</span> <span class='ocrx_word' id='word_1_182' title='bbox 651 1530 829 1571; x_wconf 87' lang='lat' dir='ltr'>jacebat.”</span> <span class='ocrx_word' id='word_1_183' title='bbox 880 1555 977 1564; x_wconf 88' lang='lat'><strong>.....</strong></span> <span class='ocrx_word' id='word_1_184' title='bbox 984 1531 1090 1573; x_wconf 92' lang='lat' dir='ltr'>Jesus</span> <span class='ocrx_word' id='word_1_185' title='bbox 1107 1531 1207 1571; x_wconf 87' lang='lat' dir='ltr'>dixit,</span> <span class='ocrx_word' id='word_1_186' title='bbox 1228 1533 1250 1546; x_wconf 88' lang='lat'><strong>“</strong></span> <span class='ocrx_word' id='word_1_187' title='bbox 1262 1532 1356 1574; x_wconf 75' lang='lat' dir='ltr'>Quid</span> <span class='ocrx_word' id='word_1_188' title='bbox 1372 1539 1427 1564; x_wconf 92' lang='lat' dir='ltr'>est</span> <span class='ocrx_word' id='word_1_189' title='bbox 1443 1532 1595 1570; x_wconf 80' lang='lat' dir='ltr'>facilius,</span> <span class='ocrx_word' id='word_1_190' title='bbox 1615 1533 1745 1574; x_wconf 80' lang='lat' dir='ltr'>dicere,</span> 
     </span>
     <span class='ocr_line' id='line_1_21' title="bbox 423 1573 1749 1616; baseline 0.002 -11"><span class='ocrx_word' id='word_1_191' title='bbox 423 1573 590 1605; x_wconf 88' lang='lat' dir='ltr'>Remissa</span> <span class='ocrx_word' id='word_1_192' title='bbox 612 1580 696 1606; x_wconf 90' lang='lat' dir='ltr'>sunt</span> <span class='ocrx_word' id='word_1_193' title='bbox 720 1575 782 1606; x_wconf 87' lang='lat' dir='ltr'>tibi</span> <span class='ocrx_word' id='word_1_194' title='bbox 806 1581 953 1615; x_wconf 89' lang='lat' dir='ltr'>peccata</span> <span class='ocrx_word' id='word_1_195' title='bbox 976 1581 1047 1613; x_wconf 89' lang='lat' dir='ltr'>tua,</span> <span class='ocrx_word' id='word_1_196' title='bbox 1073 1576 1131 1607; x_wconf 87' lang='lat' dir='ltr'>vel</span> <span class='ocrx_word' id='word_1_197' title='bbox 1155 1576 1284 1614; x_wconf 91' lang='lat' dir='ltr'>dicere,</span> <span class='ocrx_word' id='word_1_198' title='bbox 1312 1576 1424 1616; x_wconf 87' lang='lat' dir='ltr'>Surge</span> <span class='ocrx_word' id='word_1_199' title='bbox 1448 1582 1484 1608; x_wconf 89' lang='lat' dir='ltr'>et</span> <span class='ocrx_word' id='word_1_200' title='bbox 1506 1576 1592 1608; x_wconf 88' lang='lat' dir='ltr'>tolle</span> <span class='ocrx_word' id='word_1_201' title='bbox 1615 1575 1749 1609; x_wconf 73' lang='lat' dir='ltr'>lecstum</span> 
     </span>
     <span class='ocr_line' id='line_1_22' title="bbox 421 1618 1746 1660; baseline 0.002 -11"><span class='ocrx_word' id='word_1_202' title='bbox 421 1623 521 1649; x_wconf 89' lang='lat' dir='ltr'>tuum</span> <span class='ocrx_word' id='word_1_203' title='bbox 533 1623 569 1649; x_wconf 91' lang='lat' dir='ltr'>et</span> <span class='ocrx_word' id='word_1_204' title='bbox 581 1618 748 1651; x_wconf 83' lang='lat' dir='ltr'>ambula?</span> <span class='ocrx_word' id='word_1_205' title='bbox 781 1618 882 1650; x_wconf 88' lang='lat' dir='ltr'>Tunc</span> <span class='ocrx_word' id='word_1_206' title='bbox 892 1619 993 1657; x_wconf 91' lang='lat' dir='ltr'>dixit,</span> <span class='ocrx_word' id='word_1_207' title='bbox 1008 1619 1131 1660; x_wconf 86' lang='lat' dir='ltr'>Surge,</span> <span class='ocrx_word' id='word_1_208' title='bbox 1144 1620 1230 1651; x_wconf 90' lang='lat' dir='ltr'>tolle</span> <span class='ocrx_word' id='word_1_209' title='bbox 1254 1618 1385 1651; x_wconf 73' lang='lat' dir='ltr'>leaestum</span> <span class='ocrx_word' id='word_1_210' title='bbox 1397 1626 1509 1658; x_wconf 91' lang='lat' dir='ltr'>tuum,</span> <span class='ocrx_word' id='word_1_211' title='bbox 1517 1620 1535 1632; x_wconf 93' lang='lat'>&#39;&#39;</span> <span class='ocrx_word' id='word_1_212' title='bbox 1545 1626 1581 1652; x_wconf 92' lang='lat' dir='ltr'>et</span> <span class='ocrx_word' id='word_1_213' title='bbox 1591 1621 1746 1659; x_wconf 85' lang='lat' dir='ltr'>ambula,</span> 
     </span>
     <span class='ocr_line' id='line_1_23' title="bbox 425 1662 1748 1703; baseline 0.002 -10"><span class='ocrx_word' id='word_1_214' title='bbox 425 1662 493 1693; x_wconf 89' lang='lat' dir='ltr'>“et</span> <span class='ocrx_word' id='word_1_215' title='bbox 509 1662 566 1693; x_wconf 90' lang='lat' dir='ltr'>abi</span> <span class='ocrx_word' id='word_1_216' title='bbox 590 1662 626 1693; x_wconf 92' lang='lat' dir='ltr'>in</span> <span class='ocrx_word' id='word_1_217' title='bbox 644 1662 791 1694; x_wconf 89' lang='lat' dir='ltr'>domum</span> <span class='ocrx_word' id='word_1_218' title='bbox 809 1669 918 1695; x_wconf 90' lang='lat' dir='ltr'>tuam.</span> <span class='ocrx_word' id='word_1_219' title='bbox 968 1663 1070 1694; x_wconf 88' lang='lat' dir='ltr'>Tunc</span> <span class='ocrx_word' id='word_1_220' title='bbox 1088 1664 1241 1703; x_wconf 66' lang='lat' dir='ltr'>surrexit</span> <span class='ocrx_word' id='word_1_221' title='bbox 1257 1664 1391 1703; x_wconf 89' lang='lat' dir='ltr'>statim,</span> <span class='ocrx_word' id='word_1_222' title='bbox 1410 1670 1446 1696; x_wconf 93' lang='lat' dir='ltr'>et</span> <span class='ocrx_word' id='word_1_223' title='bbox 1462 1664 1594 1696; x_wconf 89' lang='lat' dir='ltr'>tollens</span> <span class='ocrx_word' id='word_1_224' title='bbox 1615 1663 1748 1696; x_wconf 68' lang='lat' dir='ltr'>lectum</span> 
     </span>
    </p>

    <p class='ocr_par' dir='ltr' id='par_1_9' title="bbox 362 1705 1248 1749">
     <span class='ocr_line' id='line_1_24' title="bbox 362 1705 1248 1749; baseline 0.003 -13"><span class='ocrx_word' id='word_1_225' title='bbox 362 1738 364 1741; x_wconf 65' lang='grc'>,</span> <span class='ocrx_word' id='word_1_226' title='bbox 421 1705 532 1737; x_wconf 90' lang='lat' dir='ltr'>exivit</span> <span class='ocrx_word' id='word_1_227' title='bbox 549 1715 670 1737; x_wconf 89' lang='lat' dir='ltr'>coram</span> <span class='ocrx_word' id='word_1_228' title='bbox 687 1706 853 1738; x_wconf 89' lang='lat' dir='ltr'>omnibus</span> <span class='ocrx_word' id='word_1_229' title='bbox 864 1706 882 1718; x_wconf 92' lang='lat'>&#39;’</span> <span class='ocrx_word' id='word_1_230' title='bbox 899 1706 947 1747; x_wconf 90' lang='lat' dir='ltr'>(ii.</span> <span class='ocrx_word' id='word_1_231' title='bbox 963 1715 995 1746; x_wconf 87' lang='lat'>4,</span> <span class='ocrx_word' id='word_1_232' title='bbox 1012 1717 1043 1748; x_wconf 88' lang='lat'>9,</span> <span class='ocrx_word' id='word_1_233' title='bbox 1063 1705 1152 1749; x_wconf 91' lang='lat'>[11,]</span> <span class='ocrx_word' id='word_1_234' title='bbox 1174 1707 1226 1748; x_wconf 88' lang='lat'>12)</span> <span class='ocrx_word' id='word_1_235' title='bbox 1240 1717 1248 1746; x_wconf 86' lang='lat'><em>;</em></span> 
     </span>
    </p>
   </div>
   <div class='ocr_carea' id='block_1_9' title="bbox 243 1799 1748 2987">
    <p class='ocr_par' dir='ltr' id='par_1_10' title="bbox 243 1799 1748 2801">
     <span class='ocr_line' id='line_1_25' title="bbox 247 1799 1747 1855; baseline 0.003 -15"><span class='ocrx_word' id='word_1_236' title='bbox 247 1799 368 1854; x_wconf 94' lang='lat' dir='ltr'>quod</span> <span class='ocrx_word' id='word_1_237' title='bbox 390 1799 612 1841; x_wconf 89' lang='lat' dir='ltr'>Dominus</span> <span class='ocrx_word' id='word_1_238' title='bbox 630 1800 1015 1854; x_wconf 81' lang='lat' dir='ltr'>dixeritaegrotis</span> <span class='ocrx_word' id='word_1_239' title='bbox 1033 1801 1135 1852; x_wconf 92' lang='lat' dir='ltr'>illis,</span> <span class='ocrx_word' id='word_1_240' title='bbox 1157 1801 1354 1855; x_wconf 80' lang='lat' dir='ltr'>“Surge,</span> <span class='ocrx_word' id='word_1_241' title='bbox 1374 1802 1489 1844; x_wconf 90' lang='lat' dir='ltr'>tolle</span> <span class='ocrx_word' id='word_1_242' title='bbox 1510 1801 1677 1844; x_wconf 73' lang='lat' dir='ltr'>lec&#39;ium</span> <span class='ocrx_word' id='word_1_243' title='bbox 1700 1809 1747 1844; x_wconf 89' lang='lat' dir='ltr'>et</span> 
     </span>
     <span class='ocr_line' id='line_1_26' title="bbox 246 1862 1745 1916; baseline 0.003 -13"><span class='ocrx_word' id='word_1_244' title='bbox 246 1862 467 1912; x_wconf 86' lang='lat' dir='ltr'>ambula,&#39;’</span> <span class='ocrx_word' id='word_1_245' title='bbox 504 1863 730 1916; x_wconf 86' lang='lat' dir='ltr'>significat</span> <span class='ocrx_word' id='word_1_246' title='bbox 770 1862 1024 1905; x_wconf 63' lang='lat' dir='ltr'>doctrinam</span> <span class='ocrx_word' id='word_1_247' title='bbox 1061 1871 1108 1906; x_wconf 87' lang='lat' dir='ltr'>et</span> <span class='ocrx_word' id='word_1_248' title='bbox 1142 1866 1285 1906; x_wconf 85' lang='lat' dir='ltr'>vitam</span> <span class='ocrx_word' id='word_1_249' title='bbox 1322 1866 1570 1907; x_wconf 89' lang='lat' dir='ltr'>secundum</span> <span class='ocrx_word' id='word_1_250' title='bbox 1604 1866 1745 1915; x_wconf 90' lang='lat' dir='ltr'>illam,</span> 
     </span>
     <span class='ocr_line' id='line_1_27' title="bbox 248 1925 1747 1983; baseline 0.002 -16"><span class='ocrx_word' id='word_1_251' title='bbox 248 1925 462 1968; x_wconf 61' lang='lat' dir='ltr'>“lectus&#39;&#39;</span> <span class='ocrx_word' id='word_1_252' title='bbox 487 1925 755 1977; x_wconf 63' lang='lat' dir='ltr'>doctrinam,</span> <span class='ocrx_word' id='word_1_253' title='bbox 781 1934 828 1969; x_wconf 88' lang='lat' dir='ltr'>et</span> <span class='ocrx_word' id='word_1_254' title='bbox 857 1928 1127 1969; x_wconf 89' lang='lat' dir='ltr'>“ambulare</span> <span class='ocrx_word' id='word_1_255' title='bbox 1139 1928 1158 1944; x_wconf 93' lang='lat'>”</span> <span class='ocrx_word' id='word_1_256' title='bbox 1180 1929 1349 1980; x_wconf 89' lang='lat' dir='ltr'>vitam;</span> <span class='ocrx_word' id='word_1_257' title='bbox 1388 1928 1528 1983; x_wconf 90' lang='lat' dir='ltr'>(quod</span> <span class='ocrx_word' id='word_1_258' title='bbox 1549 1930 1747 1970; x_wconf 88' lang='lat' dir='ltr'>“ambu-</span> 
     </span>
     <span class='ocr_line' id='line_1_28' title="bbox 246 1989 1747 2046; baseline 0.001 -15"><span class='ocrx_word' id='word_1_259' title='bbox 246 1989 339 2031; x_wconf 91' lang='lat' dir='ltr'>lare</span> <span class='ocrx_word' id='word_1_260' title='bbox 350 1989 370 2006; x_wconf 94' lang='lat'>”</span> <span class='ocrx_word' id='word_1_261' title='bbox 387 1990 446 2031; x_wconf 89' lang='lat' dir='ltr'>sit</span> <span class='ocrx_word' id='word_1_262' title='bbox 463 1990 628 2040; x_wconf 88' lang='lat' dir='ltr'>vivere,</span> <span class='ocrx_word' id='word_1_263' title='bbox 644 1991 851 2032; x_wconf 88' lang='lat' dir='ltr'>videatur</span> <span class='ocrx_word' id='word_1_264' title='bbox 873 2005 1019 2045; x_wconf 86' lang='lat' dir='ltr'>supra,</span> <span class='ocrx_word' id='word_1_265' title='bbox 1040 2005 1081 2032; x_wconf 90' lang='lat' dir='ltr'>n.</span> <span class='ocrx_word' id='word_1_266' title='bbox 1099 2002 1153 2045; x_wconf 91' lang='lat'>97</span> <span class='ocrx_word' id='word_1_267' title='bbox 1170 1991 1202 2046; x_wconf 92' lang='lat'>;)</span> <span class='ocrx_word' id='word_1_268' title='bbox 1236 1998 1283 2033; x_wconf 86' lang='lat' dir='ltr'>et</span> <span class='ocrx_word' id='word_1_269' title='bbox 1305 1995 1558 2046; x_wconf 86' lang='lat' dir='ltr'>“aegrotus</span> <span class='ocrx_word' id='word_1_270' title='bbox 1569 1992 1589 2008; x_wconf 81' lang='lat'>&#39;⁹</span> <span class='ocrx_word' id='word_1_271' title='bbox 1606 1994 1747 2046; x_wconf 89' lang='lat' dir='ltr'>signi-</span> 
     </span>
     <span class='ocr_line' id='line_1_29' title="bbox 245 2053 1748 2110; baseline 0.002 -16"><span class='ocrx_word' id='word_1_272' title='bbox 245 2053 351 2094; x_wconf 85' lang='lat' dir='ltr'>ficat</span> <span class='ocrx_word' id='word_1_273' title='bbox 377 2053 479 2094; x_wconf 92' lang='lat' dir='ltr'>illos</span> <span class='ocrx_word' id='word_1_274' title='bbox 504 2054 578 2108; x_wconf 91' lang='lat' dir='ltr'>qui</span> <span class='ocrx_word' id='word_1_275' title='bbox 603 2055 875 2108; x_wconf 85' lang='lat' dir='ltr'>transgressi</span> <span class='ocrx_word' id='word_1_276' title='bbox 901 2061 1006 2096; x_wconf 87' lang='lat' dir='ltr'>sunt</span> <span class='ocrx_word' id='word_1_277' title='bbox 1033 2061 1079 2096; x_wconf 88' lang='lat' dir='ltr'>et</span> <span class='ocrx_word' id='word_1_278' title='bbox 1106 2062 1439 2109; x_wconf 82' lang='lat' dir='ltr'>peccaverunt3</span> <span class='ocrx_word' id='word_1_279' title='bbox 1471 2063 1748 2110; x_wconf 88' lang='lat' dir='ltr'>quapropter</span> 
     </span>
     <span class='ocr_line' id='line_1_30' title="bbox 246 2116 1746 2172; baseline 0.003 -15"><span class='ocrx_word' id='word_1_280' title='bbox 246 2116 468 2158; x_wconf 90' lang='lat' dir='ltr'>Dominus</span> <span class='ocrx_word' id='word_1_281' title='bbox 502 2118 619 2159; x_wconf 88' lang='lat' dir='ltr'>dixit</span> <span class='ocrx_word' id='word_1_282' title='bbox 655 2124 848 2172; x_wconf 88' lang='lat' dir='ltr'>aegroto</span> <span class='ocrx_word' id='word_1_283' title='bbox 885 2119 942 2159; x_wconf 89' lang='lat' dir='ltr'>ad</span> <span class='ocrx_word' id='word_1_284' title='bbox 980 2119 1199 2172; x_wconf 88' lang='lat' dir='ltr'>piscinam</span> <span class='ocrx_word' id='word_1_285' title='bbox 1236 2116 1545 2168; x_wconf 74' lang='lat' dir='ltr'>[¹¹Bethesdae,</span> <span class='ocrx_word' id='word_1_286' title='bbox 1585 2120 1746 2161; x_wconf 89' lang='lat' dir='ltr'>“Ecce</span> 
     </span>
     <span class='ocr_line' id='line_1_31' title="bbox 246 2179 1747 2236; baseline 0.002 -15"><span class='ocrx_word' id='word_1_287' title='bbox 246 2194 381 2221; x_wconf 89' lang='lat' dir='ltr'>sanus</span> <span class='ocrx_word' id='word_1_288' title='bbox 407 2179 639 2230; x_wconf 62' lang='lat' dir='ltr'>faetuses,</span> <span class='ocrx_word' id='word_1_289' title='bbox 664 2195 720 2223; x_wconf 89' lang='lat' dir='ltr'>ne</span> <span class='ocrx_word' id='word_1_290' title='bbox 747 2195 887 2236; x_wconf 88' lang='lat' dir='ltr'>pecca</span> <span class='ocrx_word' id='word_1_291' title='bbox 913 2182 1120 2236; x_wconf 88' lang='lat' dir='ltr'>amplius,</span> <span class='ocrx_word' id='word_1_292' title='bbox 1145 2195 1201 2223; x_wconf 92' lang='lat' dir='ltr'>ne</span> <span class='ocrx_word' id='word_1_293' title='bbox 1227 2182 1332 2236; x_wconf 90' lang='lat' dir='ltr'>quid</span> <span class='ocrx_word' id='word_1_294' title='bbox 1358 2182 1483 2236; x_wconf 90' lang='lat' dir='ltr'>pejus</span> <span class='ocrx_word' id='word_1_295' title='bbox 1509 2184 1591 2224; x_wconf 90' lang='lat' dir='ltr'>tibi</span> <span class='ocrx_word' id='word_1_296' title='bbox 1617 2183 1694 2224; x_wconf 89' lang='lat' dir='ltr'>fiat</span> <span class='ocrx_word' id='word_1_297' title='bbox 1711 2184 1747 2235; x_wconf 88' lang='lat'>;”</span> 
     </span>
     <span class='ocr_line' id='line_1_32' title="bbox 245 2243 1746 2299; baseline 0.003 -15"><span class='ocrx_word' id='word_1_298' title='bbox 245 2250 292 2285; x_wconf 88' lang='lat' dir='ltr'>et</span> <span class='ocrx_word' id='word_1_299' title='bbox 317 2243 570 2298; x_wconf 84' lang='lat' dir='ltr'>paralytico</span> <span class='ocrx_word' id='word_1_300' title='bbox 596 2258 675 2298; x_wconf 87' lang='lat' dir='ltr'>per</span> <span class='ocrx_word' id='word_1_301' title='bbox 697 2243 869 2286; x_wconf 64' lang='lat' dir='ltr'>tefmm</span> <span class='ocrx_word' id='word_1_302' title='bbox 896 2245 1094 2286; x_wconf 90' lang='lat' dir='ltr'>demisso</span> <span class='ocrx_word' id='word_1_303' title='bbox 1120 2246 1164 2286; x_wconf 93' lang='lat' dir='ltr'>in</span> <span class='ocrx_word' id='word_1_304' title='bbox 1191 2244 1325 2295; x_wconf 68' lang='lat' dir='ltr'>1e6to,</span> <span class='ocrx_word' id='word_1_305' title='bbox 1352 2245 1512 2299; x_wconf 82' lang='lat' dir='ltr'>“Quid</span> <span class='ocrx_word' id='word_1_306' title='bbox 1539 2253 1610 2288; x_wconf 88' lang='lat' dir='ltr'>est</span> <span class='ocrx_word' id='word_1_307' title='bbox 1636 2247 1746 2288; x_wconf 84' lang='lat' dir='ltr'>saci-</span> 
     </span>
     <span class='ocr_line' id='line_1_33' title="bbox 245 2307 1746 2363; baseline 0.003 -16"><span class='ocrx_word' id='word_1_308' title='bbox 245 2307 329 2348; x_wconf 91' lang='lat' dir='ltr'>lius</span> <span class='ocrx_word' id='word_1_309' title='bbox 351 2307 513 2356; x_wconf 87' lang='lat' dir='ltr'>dicere,</span> <span class='ocrx_word' id='word_1_310' title='bbox 536 2307 745 2349; x_wconf 87' lang='lat' dir='ltr'>Remissa</span> <span class='ocrx_word' id='word_1_311' title='bbox 763 2315 868 2350; x_wconf 88' lang='lat' dir='ltr'>sunt</span> <span class='ocrx_word' id='word_1_312' title='bbox 891 2309 972 2350; x_wconf 89' lang='lat' dir='ltr'>tibi</span> <span class='ocrx_word' id='word_1_313' title='bbox 995 2315 1201 2363; x_wconf 84' lang='lat' dir='ltr'>peccata,</span> <span class='ocrx_word' id='word_1_314' title='bbox 1222 2310 1316 2350; x_wconf 88' lang='lat' dir='ltr'>sive</span> <span class='ocrx_word' id='word_1_315' title='bbox 1339 2308 1496 2363; x_wconf 87' lang='lat' dir='ltr'>Surge,</span> <span class='ocrx_word' id='word_1_316' title='bbox 1517 2310 1630 2352; x_wconf 90' lang='lat' dir='ltr'>tolle</span> <span class='ocrx_word' id='word_1_317' title='bbox 1653 2310 1746 2352; x_wconf 91' lang='lat' dir='ltr'>lec-</span> 
     </span>
     <span class='ocr_line' id='line_1_34' title="bbox 245 2370 1746 2426; baseline 0.003 -16"><span class='ocrx_word' id='word_1_318' title='bbox 245 2377 343 2411; x_wconf 92' lang='lat' dir='ltr'>tum</span> <span class='ocrx_word' id='word_1_319' title='bbox 369 2376 415 2411; x_wconf 87' lang='lat' dir='ltr'>et</span> <span class='ocrx_word' id='word_1_320' title='bbox 441 2370 624 2411; x_wconf 83' lang='lat' dir='ltr'>ambula</span> <span class='ocrx_word' id='word_1_321' title='bbox 637 2370 676 2411; x_wconf 89' lang='lat'>?’&#39;</span> <span class='ocrx_word' id='word_1_322' title='bbox 737 2370 824 2424; x_wconf 81' lang='lat' dir='ltr'>Qui</span> <span class='ocrx_word' id='word_1_323' title='bbox 847 2385 939 2412; x_wconf 91' lang='lat' dir='ltr'>non</span> <span class='ocrx_word' id='word_1_324' title='bbox 962 2373 1110 2413; x_wconf 88' lang='lat' dir='ltr'>sciunt</span> <span class='ocrx_word' id='word_1_325' title='bbox 1133 2371 1301 2426; x_wconf 88' lang='lat' dir='ltr'>aliquid</span> <span class='ocrx_word' id='word_1_326' title='bbox 1323 2372 1379 2413; x_wconf 92' lang='lat' dir='ltr'>de</span> <span class='ocrx_word' id='word_1_327' title='bbox 1403 2386 1539 2413; x_wconf 89' lang='lat' dir='ltr'>sensu</span> <span class='ocrx_word' id='word_1_328' title='bbox 1564 2374 1746 2415; x_wconf 89' lang='lat' dir='ltr'>interno</span> 
     </span>
     <span class='ocr_line' id='line_1_35' title="bbox 245 2432 1746 2490; baseline 0.002 -16"><span class='ocrx_word' id='word_1_329' title='bbox 245 2432 400 2482; x_wconf 88' lang='lat' dir='ltr'>Verbi,</span> <span class='ocrx_word' id='word_1_330' title='bbox 429 2433 613 2475; x_wconf 88' lang='lat' dir='ltr'>credere</span> <span class='ocrx_word' id='word_1_331' title='bbox 638 2441 830 2488; x_wconf 88' lang='lat' dir='ltr'>possunt</span> <span class='ocrx_word' id='word_1_332' title='bbox 869 2435 989 2489; x_wconf 92' lang='lat' dir='ltr'>quod</span> <span class='ocrx_word' id='word_1_333' title='bbox 1011 2435 1150 2476; x_wconf 88' lang='lat' dir='ltr'>verba</span> <span class='ocrx_word' id='word_1_334' title='bbox 1172 2449 1287 2490; x_wconf 87' lang='lat' dir='ltr'>quae</span> <span class='ocrx_word' id='word_1_335' title='bbox 1315 2435 1538 2477; x_wconf 89' lang='lat' dir='ltr'>Dominus</span> <span class='ocrx_word' id='word_1_336' title='bbox 1565 2436 1746 2478; x_wconf 89' lang='lat' dir='ltr'>locutus</span> 
     </span>
     <span class='ocr_line' id='line_1_36' title="bbox 245 2496 1746 2552; baseline 0.003 -15"><span class='ocrx_word' id='word_1_337' title='bbox 245 2502 329 2546; x_wconf 89' lang='lat' dir='ltr'>est,</span> <span class='ocrx_word' id='word_1_338' title='bbox 358 2510 450 2537; x_wconf 90' lang='lat' dir='ltr'>non</span> <span class='ocrx_word' id='word_1_339' title='bbox 475 2496 576 2551; x_wconf 88' lang='lat' dir='ltr'>plus</span> <span class='ocrx_word' id='word_1_340' title='bbox 601 2497 837 2539; x_wconf 85' lang='lat' dir='ltr'>involvant</span> <span class='ocrx_word' id='word_1_341' title='bbox 863 2512 998 2552; x_wconf 88' lang='lat' dir='ltr'>quam</span> <span class='ocrx_word' id='word_1_342' title='bbox 1024 2513 1139 2552; x_wconf 88' lang='lat' dir='ltr'>quae</span> <span class='ocrx_word' id='word_1_343' title='bbox 1165 2505 1355 2540; x_wconf 86' lang='lat' dir='ltr'>exstant</span> <span class='ocrx_word' id='word_1_344' title='bbox 1381 2499 1425 2539; x_wconf 90' lang='lat' dir='ltr'>in</span> <span class='ocrx_word' id='word_1_345' title='bbox 1452 2513 1588 2540; x_wconf 89' lang='lat' dir='ltr'>sensu</span> <span class='ocrx_word' id='word_1_346' title='bbox 1619 2500 1746 2541; x_wconf 89' lang='lat' dir='ltr'>litte-</span> 
     </span>
     <span class='ocr_line' id='line_1_37' title="bbox 244 2559 1745 2617; baseline 0.003 -17"><span class='ocrx_word' id='word_1_347' title='bbox 244 2574 320 2601; x_wconf 90' lang='lat' dir='ltr'>rae</span> <span class='ocrx_word' id='word_1_348' title='bbox 336 2574 346 2611; x_wconf 89' lang='lat'>;</span> <span class='ocrx_word' id='word_1_349' title='bbox 382 2559 462 2600; x_wconf 89' lang='lat' dir='ltr'>sed</span> <span class='ocrx_word' id='word_1_350' title='bbox 488 2573 627 2614; x_wconf 89' lang='lat' dir='ltr'>usque</span> <span class='ocrx_word' id='word_1_351' title='bbox 654 2560 832 2614; x_wconf 86' lang='lat' dir='ltr'>singula</span> <span class='ocrx_word' id='word_1_352' title='bbox 863 2575 978 2615; x_wconf 85' lang='lat' dir='ltr'>quae</span> <span class='ocrx_word' id='word_1_353' title='bbox 1006 2561 1229 2602; x_wconf 89' lang='lat' dir='ltr'>Dominus</span> <span class='ocrx_word' id='word_1_354' title='bbox 1256 2561 1435 2603; x_wconf 83' lang='lat' dir='ltr'>locutus</span> <span class='ocrx_word' id='word_1_355' title='bbox 1461 2569 1532 2604; x_wconf 85' lang='lat' dir='ltr'>est</span> <span class='ocrx_word' id='word_1_356' title='bbox 1565 2563 1745 2617; x_wconf 86' lang='lat' dir='ltr'>spiritu-</span> 
     </span>
     <span class='ocr_line' id='line_1_38' title="bbox 244 2623 1746 2675; baseline 0.003 -12"><span class='ocrx_word' id='word_1_357' title='bbox 244 2623 364 2664; x_wconf 88' lang='lat' dir='ltr'>alem</span> <span class='ocrx_word' id='word_1_358' title='bbox 395 2636 577 2664; x_wconf 88' lang='lat' dir='ltr'>sensum</span> <span class='ocrx_word' id='word_1_359' title='bbox 609 2623 797 2673; x_wconf 84' lang='lat' dir='ltr'>habent,</span> <span class='ocrx_word' id='word_1_360' title='bbox 831 2637 937 2665; x_wconf 87' lang='lat' dir='ltr'>nam</span> <span class='ocrx_word' id='word_1_361' title='bbox 973 2624 1153 2666; x_wconf 88' lang='lat' dir='ltr'>locutus</span> <span class='ocrx_word' id='word_1_362' title='bbox 1185 2631 1256 2666; x_wconf 90' lang='lat' dir='ltr'>est</span> <span class='ocrx_word' id='word_1_363' title='bbox 1288 2639 1348 2666; x_wconf 88' lang='lat' dir='ltr'>ex</span> <span class='ocrx_word' id='word_1_364' title='bbox 1381 2625 1561 2675; x_wconf 91' lang='lat' dir='ltr'>Divino,</span> <span class='ocrx_word' id='word_1_365' title='bbox 1595 2640 1646 2667; x_wconf 89' lang='lat' dir='ltr'>ac</span> <span class='ocrx_word' id='word_1_366' title='bbox 1680 2627 1746 2667; x_wconf 84' lang='lat' dir='ltr'>ita</span> 
     </span>
     <span class='ocr_line' id='line_1_39' title="bbox 244 2684 1745 2736; baseline 0.002 -11"><span class='ocrx_word' id='word_1_367' title='bbox 244 2684 378 2725; x_wconf 90' lang='lat' dir='ltr'>simul</span> <span class='ocrx_word' id='word_1_368' title='bbox 401 2697 556 2725; x_wconf 88' lang='lat' dir='ltr'>coram</span> <span class='ocrx_word' id='word_1_369' title='bbox 578 2685 709 2726; x_wconf 90' lang='lat' dir='ltr'>caelo</span> <span class='ocrx_word' id='word_1_370' title='bbox 731 2698 834 2726; x_wconf 91' lang='lat' dir='ltr'>cum</span> <span class='ocrx_word' id='word_1_371' title='bbox 856 2699 1011 2726; x_wconf 86' lang='lat' dir='ltr'>coram</span> <span class='ocrx_word' id='word_1_372' title='bbox 1033 2687 1206 2727; x_wconf 91' lang='lat' dir='ltr'>mundo</span> <span class='ocrx_word' id='word_1_373' title='bbox 1227 2697 1388 2735; x_wconf 87' lang='lat' dir='ltr'>(videatur</span> <span class='ocrx_word' id='word_1_374' title='bbox 1401 2707 1432 2728; x_wconf 89' lang='lat' dir='ltr'>n.</span> <span class='ocrx_word' id='word_1_375' title='bbox 1449 2699 1745 2736; x_wconf 83' lang='lat'>2533‚4637,4807,</span> 
     </span>
     <span class='ocr_line' id='line_1_40' title="bbox 243 2745 1743 2801; baseline 0.001 -15"><span class='ocrx_word' id='word_1_376' title='bbox 243 2758 333 2793; x_wconf 87' lang='lat'>9048,</span> <span class='ocrx_word' id='word_1_377' title='bbox 349 2756 439 2794; x_wconf 86' lang='lat'>9063,</span> <span class='ocrx_word' id='word_1_378' title='bbox 454 2756 544 2793; x_wconf 86' lang='lat'>9086,</span> <span class='ocrx_word' id='word_1_379' title='bbox 563 2745 838 2794; x_wconf 76' lang='lat'>10126,[³¹10276).</span> <span class='ocrx_word' id='word_1_380' title='bbox 898 2745 1185 2787; x_wconf 87' lang='lat' dir='ltr'>Describitur</span> <span class='ocrx_word' id='word_1_381' title='bbox 1215 2746 1360 2788; x_wconf 61' lang='lat' dir='ltr'>lectus</span> <span class='ocrx_word' id='word_1_382' title='bbox 1386 2746 1476 2801; x_wconf 87' lang='lat' dir='ltr'>Ogi</span> <span class='ocrx_word' id='word_1_383' title='bbox 1501 2748 1623 2801; x_wconf 85' lang='lat' dir='ltr'>regis</span> <span class='ocrx_word' id='word_1_384' title='bbox 1655 2747 1743 2788; x_wconf 84' lang='lat' dir='ltr'>Ba-</span> 
     </span>
    </p>

    <p class='ocr_par' dir='ltr' id='par_1_11' title="bbox 245 2804 1745 2987">
     <span class='ocr_line' id='line_1_41' title="bbox 245 2804 879 2858; baseline 0.002 -13"><span class='ocrx_word' id='word_1_385' title='bbox 245 2804 428 2846; x_wconf 79' lang='lat' dir='ltr'>s&#39;chanis</span> <span class='ocrx_word' id='word_1_386' title='bbox 455 2805 520 2845; x_wconf 89' lang='lat' dir='ltr'>ita</span> <span class='ocrx_word' id='word_1_387' title='bbox 545 2805 664 2858; x_wconf 91' lang='lat' dir='ltr'>apud</span> <span class='ocrx_word' id='word_1_388' title='bbox 690 2804 879 2846; x_wconf 87' lang='lat' dir='ltr'>Mosen:</span> 
     </span>
     <span class='ocr_line' id='line_1_42' title="bbox 312 2900 1744 2944; baseline 0.002 -12"><span class='ocrx_word' id='word_1_389' title='bbox 312 2902 335 2916; x_wconf 80' lang='lat'>’¹</span> <span class='ocrx_word' id='word_1_390' title='bbox 346 2901 446 2942; x_wconf 86' lang='lat' dir='ltr'>Ogus</span> <span class='ocrx_word' id='word_1_391' title='bbox 464 2911 526 2932; x_wconf 89' lang='lat' dir='ltr'>rex</span> <span class='ocrx_word' id='word_1_392' title='bbox 542 2900 739 2933; x_wconf 82' lang='lat' dir='ltr'>Baschanis</span> <span class='ocrx_word' id='word_1_393' title='bbox 753 2900 896 2934; x_wconf 66' lang='lat' dir='ltr'>relictus</span> <span class='ocrx_word' id='word_1_394' title='bbox 913 2902 979 2934; x_wconf 83' lang='lat' dir='ltr'>fuit</span> <span class='ocrx_word' id='word_1_395' title='bbox 991 2903 1035 2934; x_wconf 90' lang='lat' dir='ltr'>de</span> <span class='ocrx_word' id='word_1_396' title='bbox 1050 2903 1206 2944; x_wconf 90' lang='lat' dir='ltr'>reliquiis</span> <span class='ocrx_word' id='word_1_397' title='bbox 1221 2903 1395 2944; x_wconf 89' lang='lat' dir='ltr'>Rephaim</span> <span class='ocrx_word' id='word_1_398' title='bbox 1410 2914 1417 2942; x_wconf 89' lang='lat'>;</span> <span class='ocrx_word' id='word_1_399' title='bbox 1442 2914 1523 2936; x_wconf 90' lang='lat' dir='ltr'>ecce</span> <span class='ocrx_word' id='word_1_400' title='bbox 1539 2902 1652 2935; x_wconf 63' lang='lat' dir='ltr'>lectus</span> <span class='ocrx_word' id='word_1_401' title='bbox 1666 2903 1744 2944; x_wconf 89' lang='lat' dir='ltr'>ejus</span> 
     </span>
     <span class='ocr_line' id='line_1_43' title="bbox 419 2943 1745 2987; baseline 0.002 -11"><span class='ocrx_word' id='word_1_402' title='bbox 419 2943 532 2977; x_wconf 69' lang='lat' dir='ltr'>lectus</span> <span class='ocrx_word' id='word_1_403' title='bbox 556 2945 652 2983; x_wconf 79' lang='lat' dir='ltr'>ferri,</span> <span class='ocrx_word' id='word_1_404' title='bbox 673 2955 795 2977; x_wconf 91' lang='lat' dir='ltr'>nonne</span> <span class='ocrx_word' id='word_1_405' title='bbox 812 2945 871 2977; x_wconf 91' lang='lat' dir='ltr'>ille</span> <span class='ocrx_word' id='word_1_406' title='bbox 888 2946 924 2977; x_wconf 84' lang='lat' dir='ltr'>iri</span> <span class='ocrx_word' id='word_1_407' title='bbox 950 2946 1114 2978; x_wconf 88' lang='lat' dir='ltr'>Rabbath</span> <span class='ocrx_word' id='word_1_408' title='bbox 1139 2947 1292 2979; x_wconf 87' lang='lat' dir='ltr'>filiorum</span> <span class='ocrx_word' id='word_1_409' title='bbox 1310 2948 1526 2980; x_wconf 87' lang='lat' dir='ltr'>Ammonis?</span> <span class='ocrx_word' id='word_1_410' title='bbox 1549 2947 1650 2987; x_wconf 90' lang='lat' dir='ltr'>cujus</span> <span class='ocrx_word' id='word_1_411' title='bbox 1667 2947 1745 2978; x_wconf 93' lang='lat' dir='ltr'>lon-</span> 
     </span>
    </p>
   </div>
   <div class='ocr_carea' id='block_1_10' title="bbox 417 2989 1743 3074">
    <p class='ocr_par' dir='ltr' id='par_1_12' title="bbox 417 2989 1743 3074">
     <span class='ocr_line' id='line_1_44' title="bbox 417 2989 1743 3074; baseline 0.002 -55"><span class='ocrx_word' id='word_1_412' title='bbox 417 2989 542 3064; x_wconf 53' lang='lat' dir='ltr'>ggUdo</span> <span class='ocrx_word' id='word_1_413' title='bbox 556 2989 878 3074; x_wconf 78' lang='lat' dir='ltr'>novem)ulnarum,</span> <span class='ocrx_word' id='word_1_414' title='bbox 895 2996 930 3022; x_wconf 91' lang='lat' dir='ltr'>et</span> <span class='ocrx_word' id='word_1_415' title='bbox 943 2995 1095 3032; x_wconf 89' lang='lat' dir='ltr'>quatuor</span> <span class='ocrx_word' id='word_1_416' title='bbox 1107 2991 1272 3022; x_wconf 89' lang='lat' dir='ltr'>ulnarum</span> <span class='ocrx_word' id='word_1_417' title='bbox 1286 2992 1446 3029; x_wconf 85' lang='lat' dir='ltr'>latitudo,</span> <span class='ocrx_word' id='word_1_418' title='bbox 1464 2991 1499 3023; x_wconf 92' lang='lat' dir='ltr'>in</span> <span class='ocrx_word' id='word_1_419' title='bbox 1514 2991 1633 3022; x_wconf 90' lang='lat' dir='ltr'>cubito</span> <span class='ocrx_word' id='word_1_420' title='bbox 1648 2991 1714 3022; x_wconf 94' lang='lat' dir='ltr'>viri</span> <span class='ocrx_word' id='word_1_421' title='bbox 1724 2989 1743 3002; x_wconf 87' lang='lat'>’¹</span> 
     </span>
     <span class='ocr_line' id='line_1_45' title="bbox 418 3033 717 3073; baseline 0 -9"><span class='ocrx_word' id='word_1_422' title='bbox 418 3035 432 3073; x_wconf 75' lang='lat'>&lt;</span> <span class='ocrx_word' id='word_1_423' title='bbox 471 3037 556 3065; x_wconf 84' lang='lat' dir='ltr'>eutr.</span> <span class='ocrx_word' id='word_1_424' title='bbox 573 3033 622 3065; x_wconf 91' lang='lat' dir='ltr'>iii.</span> <span class='ocrx_word' id='word_1_425' title='bbox 641 3041 678 3064; x_wconf 85' lang='lat'>11</span> <span class='ocrx_word' id='word_1_426' title='bbox 710 3042 717 3072; x_wconf 90' lang='lat'>;</span> 
     </span>
    </p>
   </div>
  </div>
 </body>
</html>
