2060 3476
607 332 714 367 CAP.
737 332 823 374 111.‚
845 310 984 365 VERS'.
1008 331 1182 364 21.—N.
1206 321 1372 377 253[b].
1644 330 1725 372 411

238 452 287 490 et
311 459 445 501 porro
470 446 590 501 apud
616 445 855 494 Davidem,

303 534 477 578 Jehovah,
494 535 641 568 “fecisti
663 534 832 577 judicium
850 544 985 566 meum.
1000 559 1008 567 .
1022 559 1029 566 .
1044 559 1068 572 .‚
1088 534 1212 566 sedisti
1228 543 1336 574 super
1352 533 1483 565 throno
1499 531 1616 574 Judex
1633 531 1735 572 justi·

413 580 494 618 tiae,
510 579 701 620 increpasti
717 584 854 620 gentes,
871 578 1056 619 perdidisti
1073 578 1232 619 impium.
1287 601 1384 609 .....
1391 576 1554 618 Jehovah
1567 576 1603 607 in
1620 581 1735 607 aeter·

414 633 501 655 num
518 624 687 661 manebit,
703 623 929 664 praeparabit
944 622 990 654 ad
1005 621 1175 663 judicium
1193 621 1361 653 thronum
1375 630 1478 652 suum
1490 619 1508 631 '’
1521 619 1668 660 (Psalm.
1685 619 1730 651 ix.

415 675 445 707 5,
461 667 493 705 6,
510 667 529 699 8
548 665 610 710 [Β.
625 668 672 699 A.
687 675 719 706 4,
737 674 767 706 5,
785 663 846 708 7]).

327 754 413 812 [b0]
456 755 628 797 Passim
649 756 695 796 in
716 755 872 796 Verbo
893 755 1032 796 etiam
1054 754 1218 795 dicitur
1234 753 1355 807 quod
1377 766 1469 794 non
1492 751 1615 793 solus
1637 751 1733 793 Do-

240 819 387 860 minus
399 833 603 861 sessurus
620 819 678 860 sit
693 832 826 872 super
839 818 1021 867 throno,
1037 817 1118 858 sed
1134 818 1274 858 etiam
1291 816 1365 857 alii
1383 829 1515 870 super
1529 815 1705 856 thronis
1722 829 1732 866 ;

239 894 395 924 verum
417 895 556 936 usque
578 895 657 936 per
674 882 835 922 horum
855 884 880 901 ‘⁶
893 880 1084 922 thronos
1097 879 1116 895 ”
1133 893 1225 921 non
1247 878 1564 932 intelliguntur
1582 877 1734 919 throni

239 945 320 987 sed
347 945 512 986 Divina
536 959 643 986 vera
659 945 797 986 :—Ut
823 945 868 985 in
892 943 1049 986 Primo
1073 943 1212 984 Libro
1237 942 1473 991 Samuelis,

311 1039 457 1081 “Erigit
472 1050 492 1071 e
516 1039 662 1080 pulvere
678 1039 899 1080 depressum,
919 1045 954 1071 et
969 1049 989 1070 e
1005 1037 1228 1079 sterquilinio
1245 1037 1385 1069 extollit
1400 1046 1564 1077 egenum,
1584 1036 1629 1068 ad
1652 1036 1736 1068 faci-

414 1084 546 1159 endum
563 1084 687 1167 sede(re
704 1083 784 1167 {30⁵
802 1093 881 1115 cum
899 1083 1126 1124 principibus,
1148 1088 1184 1114 et
1201 1082 1368 1114 thronum
1385 1081 1521 1122 gloriae
1537 1081 1736 1112 hereditare

430 1133 520 1159 aeiet
535 1137 598 1159 eos
610 1127 617 1138 ¹
659 1127 694 1159 ii.
758 1136 766 1165 ;

240 1204 286 1244 in
310 1202 597 1257 Apocalypsi,

311 1279 478 1322 “Viginti
495 1285 647 1321 quatuor
662 1279 822 1311 seniores
836 1278 894 1321 qui
911 1288 1031 1310 coram
1048 1278 1180 1310 throno
1198 1277 1276 1316 Dei,
1296 1277 1462 1310 sedentes
1479 1286 1586 1317 super
1598 1275 1736 1308 thronis

416 1324 490 1356 suis
500 1323 520 1336 '⁹
535 1323 597 1365 (xi.
615 1322 689 1364 16);

241 1377 362 1427 alibi,

311 1453 430 1538 “Vid}
451 1453 612 1538 thro)nos,
631 1458 667 1484 et
682 1452 921 1484 consederunt
937 1461 1044 1492 super
1068 1451 1148 1488 illis,
1168 1455 1204 1482 et
1227 1449 1396 1491 judicium
1413 1449 1535 1481 datum
1560 1454 1615 1480 est
1638 1448 1707 1480 illis
1719 1447 1738 1461 ''

430 1507 488 1530 xx.
503 1506 526 1536 4
551 1506 559 1536 3

243 1579 290 1616 et
317 1574 436 1629 apud
460 1573 754 1623 Matthaeum,
774 1553 779 1558 ξ

313 1649 420 1683 “Vos
437 1650 496 1691 qui
512 1650 623 1682 secuti
640 1650 726 1682 estis
744 1648 806 1681 Me
822 1649 859 1680 in
877 1648 1159 1689 regeneratione,
1179 1657 1288 1689 quum
1306 1647 1439 1679 sederit
1456 1645 1565 1677 filius
1582 1645 1739 1676 hominis

418 1703 525 1735 super
537 1694 667 1726 throno
683 1693 818 1733 gloriae
835 1702 933 1730 suae,
948 1691 1118 1724 sedebitis
1134 1698 1170 1723 et
1182 1701 1247 1722 vos
1265 1700 1371 1731 super
1383 1689 1522 1722 thronis
1538 1689 1739 1730 judicantes

418 1737 605 1770 duodecim
622 1737 734 1769 tribus
753 1736 895 1769 Israelis
907 1735 925 1748 '’
942 1735 1026 1774 (xix.
1043 1736 1095 1773 28,
1115 1741 1152 1767 et
1166 1735 1252 1767 Luc.
1269 1734 1354 1766 xxii.
1371 1734 1427 1774 30)
1441 1743 1448 1773 ;
1580 1724 1605 1740 ‘

244 1847 324 1888 per
342 1836 368 1854 ‘⁴
380 1833 572 1875 thronos
583 1832 603 1849 ’²
620 1833 679 1874 ibi
701 1831 1019 1885 intelliguntur
1040 1831 1203 1871 Divina
1220 1843 1340 1878 vera,
1359 1829 1607 1871 secundum
1624 1842 1738 1882 quae

244 1903 292 1938 et
313 1910 373 1938 ex
395 1897 555 1951 quibus
576 1910 735 1938 omnes
751 1895 981 1949 judicandi
1003 1900 1108 1935 sunt
1125 1907 1135 1944 ;
1168 1907 1246 1947 per
1266 1893 1543 1933 “duodecim
1555 1891 1574 1907 ”
1593 1899 1639 1933 et
1661 1905 1740 1945 per

247 1959 696 2014 “vigintiquatuor’'
721 1958 1032 2012 significantur
1062 1958 1228 2005 omnia,
1255 1962 1302 1997 et
1334 1955 1653 2009 praedicantur
1683 1954 1740 1995 de

243 2025 388 2074 veris;
421 2037 500 2078 per
519 2022 789 2065 “seniores’'
811 2028 858 2063 et
881 2035 960 2075 per
984 2019 1297 2073 “discipulos”
1319 2020 1458 2060 etiam
1481 2017 1740 2071 significan-

244 2093 319 2129 tur
354 2086 519 2128 Divina
547 2099 669 2135 vera,
702 2084 909 2126 similiter
938 2098 1018 2138 per
1051 2082 1270 2124 “tribus''
1331 2082 1406 2122 Ex
1442 2081 1512 2122 his
1543 2081 1740 2134 cognitis

246 2157 458 2192 constare
494 2156 649 2204 potest
686 2149 792 2203 quid
829 2147 1110 2201 intelligitur>
1136 2160 1214 2200 per
1247 2145 1481 2187 “thronos
1495 2144 1514 2159 ’‘
1549 2145 1593 2185 in
1631 2144 1741 2185 locis

246 2213 425 2265 allatis;
458 2219 555 2255 tum
581 2226 660 2267 per
680 2213 725 2253 id
751 2212 808 2252 de
833 2225 922 2265 quo
949 2223 1065 2251 nunc
1092 2211 1255 2263 agitur,
1273 2208 1530 2256 “Vincens‚
1557 2207 1676 2248 dabo
1694 2208 1742 2248 'ei

246 2275 407 2316 sedere
433 2274 616 2315 Mecum
640 2274 686 2314 in
710 2273 880 2314 throno
905 2271 1048 2312 meo.”
1105 2282 1218 2320 (Quod
1233 2278 1463 2310 ‘'duodecim'’
1479 2279 1657 2317 significent
1676 2287 1744 2308 om-

246 2334 308 2366 nia.
320 2338 352 2363 et
366 2334 455 2371 quod
467 2333 689 2371 praedicentur
699 2333 740 2361 de
750 2332 840 2366 veris,
851 2331 996 2360 videatur
1007 2339 1038 2360 n.
1050 2337 1120 2367 577,
1134 2331 1224 2367 2089,
1238 2338 1327 2366 2129,
1341 2337 1430 2365 2130,
1442 2337 1532 2365 3272,
1544 2329 1634 2365 3858,
1647 2336 1725 2365 3913
1736 2338 1742 2362 ;

246 2379 335 2416 quod
349 2379 449 2408 simile
464 2381 481 2392 ¹¹
491 2378 599 2416 viginti
621 2376 787 2415 quatuor‚’'
803 2377 879 2414 quia
892 2377 918 2405 is
932 2384 1082 2405 numerus
1097 2380 1143 2404 est
1164 2374 1281 2412 duplus
1295 2373 1418 2402 numeri
1441 2373 1622 2406 duodecim,
1638 2377 1669 2401 et
1691 2381 1745 2401 ex-

246 2424 346 2461 surgit
376 2423 451 2452 inde
471 2432 528 2461 per
550 2422 854 2460 multiplicationem,
877 2430 908 2450 n.
931 2428 1020 2458 5291,
1036 2426 1125 2457 5335,
1141 2421 1230 2456 5708,
1246 2427 1337 2456 7973.
1380 2418 1478 2455 Quod
1499 2427 1557 2455 per
1578 2417 1745 2446 “seniores

249 2469 372 2498 Israelis
381 2467 398 2478 '⁸
409 2468 624 2506 significentur
633 2475 745 2496 omnes
758 2466 792 2495 in
806 2465 938 2495 ecclesia
948 2466 1003 2502 qui
1018 2465 1050 2493 in
1061 2465 1142 2494 veris
1157 2473 1196 2493 ex
1210 2464 1298 2493 bono
1309 2467 1392 2497 sunt.
1405 2472 1436 2492 n.
1449 2463 1539 2499 6524.
1551 2462 1641 2499 6525,
1653 2462 1743 2499 6890,

247 2522 338 2552 7912,
354 2515 444 2550 8578,
459 2515 548 2550 8585,
563 2513 653 2550 9376,
668 2521 763 2549 9404;
786 2511 927 2540 similiter
946 2519 1003 2548 per
1014 2513 1034 2547 j*
1046 2509 1216 2538 duodecim
1234 2508 1406 2545 discipulos
1429 2506 1590 2541 Domini,''
1607 2516 1638 2536 n.
1655 2515 1744 2543 2129,

247 2566 338 2597 3354,
354 2560 443 2596 3488,
459 2559 548 2595 3858,
564 2558 660 2594 6397:
686 2556 826 2585 similiter
846 2564 903 2593 per
917 2554 1115 2584 “duodecim
1138 2553 1267 2587 tribus,''
1291 2562 1322 2583 n.
1338 2554 1428 2590 3858,
1444 2553 1533 2589 3926,
1549 2551 1638 2588 4060,
1654 2551 1744 2588 6335,

247 2609 338 2646 7836,
353 2608 459 2646 7891·)
516 2596 593 2636 Ex
614 2596 683 2636 his
705 2600 920 2636 constare
945 2599 1102 2648 potest
1124 2592 1230 2646 quid
1251 2597 1649 2645 repraesentatum
1672 2596 1743 2630 est

249 2673 328 2714 per
353 2659 568 2700 thronum
593 2671 620 2698 a
646 2655 891 2698 Salomone
915 2653 1218 2703 aedificatum,
1245 2653 1302 2695 de
1328 2667 1416 2707 quo
1447 2653 1512 2693 ita
1540 2653 1584 2707 in
1608 2651 1745 2692 Libro

249 2722 412 2764 Primo
429 2721 602 2775 Regum
615 2734 632 2761 .·

321 2805 420 2838 Fecit
430 2805 577 2837 Salomo
589 2804 608 2819 “
617 2803 786 2836 thronum
796 2800 1027 2835 1¹1ebumeum
1038 2811 1220 2843 magnum,
1231 2808 1267 2834 et
1277 2802 1426 2834 obduxit
1439 2802 1537 2834 illum
1548 2811 1636 2834 auro
1647 2811 1746 2843 puro,

429 2858 494 2881 sex
515 2848 647 2888 gradus
667 2847 819 2886 throno:
848 2853 954 2888 caput
977 2846 1169 2878 rotundum
1189 2846 1330 2884 throno,
1351 2851 1387 2878 et
1410 2851 1492 2887 post
1515 2855 1596 2877 eum
1616 2854 1746 2877 manus

430 2892 514 2924 hinc
530 2891 613 2923 inde
628 2891 730 2931 juxta
744 2890 861 2922 locum
878 2890 985 2928 sedis,
998 2895 1035 2921 et
1050 2889 1121 2921 duo
1137 2889 1262 2921 leones
1275 2895 1412 2921 stantes
1425 2889 1526 2930 juxta
1538 2898 1687 2928 manus;
1711 2895 1748 2920 et

429 2935 616 2967 duodecim
633 2934 757 2966 leones
773 2939 910 2966 stantes
929 2933 978 2965 ibi
997 2942 1105 2974 super
1120 2943 1184 2965 sex
1202 2933 1370 2974 gradibus
1385 2933 1469 2965 hinc
1487 2938 1524 2965 et
1542 2932 1646 2965 inde:
1671 2941 1745 2964 non

428 2977 544 3011 factus
562 2986 616 3010 est
632 2978 714 3010 talis
729 2977 812 3010 ullis
828 2977 948 3019 regnis
959 2976 978 2989 ’¹
995 2975 1041 3018 (Χ.
1061 2975 1202 3018 18—2o);
