2060 3476
673 387 779 421 CAP.
802 387 862 428 v.,
885 387 1025 420 VERS.
1048 379 1193 420 8.-N.
1219 377 1396 433 324[d].
1700 388 1780 432 577

285 508 332 544 et
365 500 597 556 “gentes’'
627 500 883 555 significant
914 499 1016 541 illos
1047 500 1123 554 qui
1151 500 1196 541 in
1227 499 1348 542 bono
1379 501 1531 554 sunt;)
1567 498 1780 540 “suffitus

285 565 450 607 allatus
475 565 644 606 nomini
674 577 791 613 meo,
818 570 865 605 et
890 563 1103 605 minchah
1129 563 1334 611 munda,'’
1356 562 1579 616 significat
1608 562 1780 604 cultum

286 628 470 669 Domini
495 642 554 669 ex
579 628 700 668 bono
726 626 943 681 spirituali
968 626 1089 680 quod
1115 632 1185 667 est
1210 626 1379 667 bonum
1405 625 1639 666 charitatis
1669 639 1780 678 erga

285 692 555 746 proximum,
579 697 625 732 et
652 704 711 732 ex
738 691 859 731 bono
884 690 1070 731 caelesti
1096 689 1216 743 quod
1243 695 1313 730 est
1344 689 1513 730 bonum
1539 689 1703 730 amoris
1735 690 1779 729 in

286 755 559 805 Dominum;
592 754 739 795 cultus
764 768 824 795 ex
849 754 971 795 bono
997 752 1216 807 spirituali
1241 751 1520 806 significatur
1545 766 1624 805 per
1651 752 1779 792 “suf-

284 815 453 864 fitum,”
471 822 517 856 et
543 829 603 856 ex
624 815 748 856 bono
765 814 957 856 caelesti
978 828 1058 868 per
1079 813 1388 854 “mincham.”
1446 821 1779 862 (Quod¹¹minchah'·

282 878 317 907 id
329 878 451 906 bonurn
466 876 630 914 significet,
646 877 789 905 videatur
803 885 834 906 n.
849 877 939 913 4581.
954 884 1061 913 10079,
1079 875 1202 912 10137.)

368 928 458 983 [εἰ]
501 928 585 969 Per
617 933 643 949 “
656 928 857 969 suffitum
870 928 890 943 ”
920 934 967 969 et
998 941 1078 981 per
1101 931 1127 948 ‘⁴
1140 927 1371 968 mincham
1383 926 1403 942 '’
1429 926 1576 967 simile
1606 926 1778 980 signifi-

285 996 413 1032 catur
437 990 555 1044 apud
582 989 820 1039 Davidem,

359 1084 377 1096 ‘⁸
389 1081 546 1114 Attende
563 1091 685 1113 aurem
702 1081 748 1112 ad
764 1090 889 1112 vocem
906 1090 1036 1118 meam,
1054 1080 1196 1121 quando
1213 1080 1328 1112 clamo
1345 1079 1391 1111 ad
1404 1079 1467 1117 Te,
1484 1085 1651 1120 acceptae
1669 1076 1778 1110 [¹1sint

459 1135 582 1166 preces
606 1135 718 1163 meae,
745 1125 987 1156 suffimentum
1011 1133 1131 1155 coram
1156 1123 1220 1160 Te.
1247 1122 1401 1155 sublatio
1425 1133 1595 1154 manuum
1621 1132 1780 1154 mearum

460 1169 628 1200 minchah
644 1178 816 1209 vesperae
827 1167 846 1180 ’¹
863 1167 1012 1207 (Psalm.
1029 1168 1110 1200 cxli.
1130 1176 1158 1205 1,
1173 1166 1226 1207 2):

286 1252 332 1287 et
358 1245 476 1299 apud
501 1244 706 1295 Esaiam,
719 1255 723 1260 ¹

358 1329 376 1341 “
387 1326 470 1358 Non
486 1325 664 1358 adduxisti
683 1324 773 1356 Mihi
790 1324 962 1365 pecudem
979 1324 1271 1356 holocaustorum
1288 1330 1442 1362 tuorum,
1462 1330 1498 1356 et
1514 1324 1695 1362 sacrificiis
1712 1324 1782 1355 tuis

459 1380 533 1401 non
546 1369 732 1400 honorasti
747 1368 809 1400 Me
823 1378 831 1406 ;
855 1378 929 1400 non
943 1368 1078 1400 servire
1092 1374 1126 1400 te
1140 1368 1208 1400 feci
1221 1378 1285 1409 per
1298 1369 1490 1407 mincham,
1508 1378 1573 1399 nec
1586 1367 1781 1408 defatigavi

460 1423 524 1454 per
539 1414 622 1445 thus
633 1412 651 1424 ’'
668 1412 770 1453 (xliii.
787 1412 843 1452 23)
857 1421 864 1450 ;

286 1500 389 1553 quia
418 1498 564 1539 omnis
596 1498 743 1539 cultus
775 1497 958 1538 Domini
989 1496 1040 1538 fit
1072 1511 1130 1538 ex
1168 1497 1291 1538 bono
1322 1497 1539 1551 spirituali
1571 1497 1691 1551 quod
1722 1512 1781 1539 ex

287 1562 408 1603 bono
434 1561 634 1609 caelesti,
657 1561 759 1602 ideo
784 1567 1036 1614 utrumque,
1058 1560 1340 1601 “minchah'‘
1362 1567 1409 1601 et
1433 1560 1615 1609 “thus,”
1637 1562 1782 1602 nomi-

286 1632 431 1674 natur,
457 1625 502 1665 in
528 1624 681 1665 littera
706 1636 920 1672 seorsum,
948 1637 1062 1677 quae
1088 1629 1242 1664 tamen
1268 1623 1311 1664 in
1338 1637 1472 1664 sensu
1498 1624 1677 1665 interno
1703 1638 1780 1664 seu

287 1686 504 1740 spirituali
526 1686 841 1739 intelliguntur
863 1685 1153 1740 conjunctim,
1173 1687 1409 1728 sed-unum
1433 1688 1489 1728 ab
1510 1686 1668 1728 altero.
1714 1687 1782 1728 Si-

286 1749 451 1790 militer
475 1749 594 1803 apud
619 1749 881 1798 Jeremiam,

354 1846 542 1878 “Venient
558 1856 602 1878 ex
617 1846 765 1878 urbibus
780 1845 940 1888 Jehudae
957 1852 993 1878 et
1015 1857 1061 1878 ex
1076 1847 1279 1879 circuitibus
1306 1847 1582 1889 Hierosolymae
1586 1873 1678 1886 .....
1687 1848 1784 1879 adfe-

460 1896 580 1922 rentes
596 1890 845 1922 holocaustum
863 1896 899 1922 et
915 1890 1136 1928 sacrificium,
1156 1896 1191 1922 et
1215 1891 1395 1922 mincham
1412 1897 1447 1923 et
1464 1891 1574 1944 thus”
1591 1891 1689 1931 (xvii.
1707 1892 1762 1931 26)
1777 1901 1783 1927 :

286 1996 364 2036 per
396 1981 687 2035 “Jehudam'’
718 1988 765 2023 et
805 1982 1210 2036 “Hierosolymam
1225 1982 1244 1998 ”
1280 1983 1352 2024 hic
1390 1997 1480 2024 non
1516 1983 1784 2036 intelligitur

284 2045 492 2099 Jehudah
519 2052 566 2087 et
599 2045 934 2099 Hierosolyma,
957 2047 1037 2087 sed
1069 2046 1260 2088 ecclesia
1291 2046 1474 2087 Domini
1500 2060 1614 2100 quae
1638 2053 1708 2088 est
1739 2048 1783 2087 in

285 2109 407 2150 bono
433 2109 598 2150 amoris
623 2115 670 2150 et
701 2110 807 2150 inde
838 2110 882 2150 in
908 2108 1115 2151 doctrina
1146 2110 1381 2151 charitatis
1397 2124 1407 2160 ;
1440 2110 1586 2151 cultus
1612 2109 1784 2158 exillis

286 2171 564 2225 significatur
608 2186 687 2226 per
729 2172 1084 2214 “holocaustum
1129 2179 1176 2214 et
1216 2172 1525 2224 sacrificium?
1564 2180 1660 2214 tum
1706 2172 1784 2227 per

288 2235 552 2275 “mincham
593 2241 639 2276 et
680 2235 823 2276 thus.’'
906 2234 1132 2288 Quoniam
1175 2236 1456 2277 “minchah'’
1501 2235 1783 2290 significabat

286 2297 455 2338 bonum
477 2298 641 2338 amoris
663 2298 872 2339 caelestis
890 2305 937 2340 et
957 2299 1099 2339 “thus
1111 2299 1131 2314 ’'
1153 2299 1321 2340 bonum
1339 2300 1503 2340 amoris
1526 2300 1780 2353 spiritualis,

285 2360 388 2401 ideo
413 2373 544 2413 super
570 2360 797 2402 mincham
820 2376 880 2402 ex
905 2361 1157 2415 similagine
1183 2362 1376 2403 dabatur
1401 2362 1550 2403 oleum
1577 2369 1623 2404 et
1650 2363 1781 2413 thus;

287 2429 337 2464 ut
359 2429 541 2464 constat
567 2424 685 2477 apud
713 2424 888 2474 Mosen,

355 2519 541 2561 “Quando
557 2520 678 2551 anima
694 2520 824 2552 offerre
840 2521 993 2552 voluerit
1009 2531 1140 2552 munus
1160 2522 1324 2554 minchae
1340 2522 1511 2564 Jehovae,
1531 2523 1697 2563 similago
1717 2524 1783 2555 erit

461 2573 591 2595 munus
604 2563 694 2604 ejus.
711 2574 817 2604 super
830 2574 936 2605 quam
949 2564 1109 2596 effundet
1122 2565 1252 2603 oleum,
1269 2571 1304 2597 et
1316 2566 1415 2598 dabit
1427 2576 1534 2607 super
1547 2567 1643 2598 illam
1657 2567 1738 2598 thus
1752 2567 1781 2603 :”

460 2613 496 2639 et
512 2607 677 2639 sacerdos
694 2607 844 2648 accipiet
864 2609 886 2622 ⁴¹
898 2608 1119 2648 plenitudine
1135 2609 1259 2649 pugilli
1283 2610 1327 2641 de
1344 2609 1546 2650 similagine
1569 2610 1659 2650 ejus,
1679 2617 1715 2642 et
1738 2611 1782 2642 de

461 2651 541 2682 oleo
558 2650 637 2691 ejus
653 2660 726 2682 una
741 2661 821 2682 cum
839 2651 938 2682 omni
955 2652 1057 2683 thure
1074 2651 1162 2692 ejus,
1179 2659 1214 2684 et
1230 2653 1388 2684 adolebit
1404 2653 1440 2685 in
1455 2654 1662 2685 memoriale
1675 2664 1782 2695 super

460 2694 564 2726 altari
576 2694 594 2706 ”
611 2694 734 2735 (Levit.
751 2695 786 2727 ii.
806 2703 834 2732 1,
849 2695 902 2735 2);
956 2730 960 2733 ,

285 2782 405 2837 quod
429 2782 540 2824 haec
567 2782 778 2824 minchah
799 2783 1010 2824 instituta
1035 2784 1107 2832 sit,
1135 2790 1232 2825 erat
1258 2785 1360 2838 quia
1388 2785 1633 2838 “similago
1646 2785 1665 2800 '’
1687 2786 1779 2838 sig-

286 2842 439 2884 nificat
469 2844 718 2897 genuinum
743 2857 900 2885 verum
932 2854 1092 2893 (videatur
1105 2855 1246 2894 n.9995)
1264 2859 1274 2896 ;
1317 2845 1404 2887 hoc
1436 2847 1540 2900 quia
1570 2860 1630 2886 ex
1656 2846 1779 2887 bono

285 2910 370 2954 est,
402 2918 565 2958 nempe
602 2919 662 2946 ex
698 2906 820 2947 bono
856 2906 1041 2947 caelesti
1077 2913 1124 2948 et
1159 2907 1264 2948 inde
1299 2921 1358 2948 ex
1390 2908 1511 2949 bono
1547 2908 1776 2961 spirituali,

285 2967 388 3009 ideo
410 2968 601 3009 dabatur
622 2982 754 3023 super
770 2969 891 3010 illam
914 2969 1063 3011 oleum
1085 2976 1132 3011 et
1154 2970 1284 3022 thus;
1313 2974 1338 2991 “
1352 2971 1500 3012 oleum
1514 2971 1533 2986 ’'
1555 2970 1778 3024 significat

285 3031 452 3072 bonum
475 3032 639 3073 amoris
657 3031 879 3084 caelestis,
899 3038 945 3074 et
966 3036 991 3053 “
1004 3033 1108 3075 thus
1119 3033 1138 3048 ’'
1155 3034 1321 3075 bonum
1340 3035 1503 3076 amoris
1522 3034 1776 3088 spiritualis,
