2060 3476
702 346 809 379 CAP,
834 346 900 386 11.‚
925 345 1063 378 VERs.
1091 345 1239 390 7.-Ν.
1268 347 1357 378 110.
1707 348 1783 392 133

285 470 375 513 quo
395 462 421 479 ‘⁴
433 461 756 512 tegumentum
769 456 789 473 ’'
804 467 850 506 (n.
867 476 934 505 114,
948 467 1038 506 9863,
1051 467 1142 506 9865,
1154 467 1245 506 9868,
1258 466 1366 506 9873).
1412 457 1552 510 Apud
1570 457 1782 511 eundem,

354 569 376 583 “
393 568 483 600 Ecce
507 568 647 600 Aschur
669 567 795 599 cedrus
819 566 856 598 in
882 566 1020 598 Libano
1035 575 1059 604 ς.
1075 591 1103 598 ..
1118 566 1229 598 ,cedri
1254 575 1327 597 non
1353 566 1621 598 occultaverunt
1644 575 1729 597 eam·
1748 566 1785 597 in

459 612 564 644 horto
582 611 649 643 Dei
664 621 687 650 ;.
703 636 710 643 .
724 635 731 643 .
746 610 880 643 .omnis
893 611 1001 642 arbor
1013 610 1050 641 in
1063 610 1169 641 horto
1184 609 1251 641 Dei
1268 619 1342 641 non
1356 619 1420 650 par
1431 609 1499 641 fuit
1512 609 1562 641 illi
1579 609 1616 640 in
1633 610 1786 650 pulchri-

460 656 603 694 tudine;
637 655 820 696 pulchram
846 654 914 685 feci
940 663 1020 685 eam
1046 663 1110 694 per
1134 653 1398 685 multitudinem
1426 663 1607 684 ramorum
1633 653 1722 694 ejus,
1751 659 1786 684 et

460 699 659 731 aemulatae
683 704 767 730 sunt
789 697 840 748 ills,
865 707 992 730 ornnes
1016 698 1162 729 arbores
1188 697 1287 729 Eden
1313 697 1349 728 in
1373 697 1479 728 horto
1505 697 1572 728 Dei
1585 696 1603 709 ’³
1621 696 1730 737 (xxxi.
1752 705 1782 736 3,

461 744 493 782 8,
513 743 567 785 9);

285 874 364 913 per
391 859 714 902 “Aschurem''
739 860 784 901 in
810 859 965 900 Verbo
991 857 1307 911 intelliguntur
1332 857 1395 899 illi
1421 858 1494 912 qui
1524 872 1602 911 per
1628 859 1785 911 cogni-

285 924 433 965 tiones
464 924 570 965 boni
601 930 648 965 et
679 924 771 965 veri
802 922 1047 964 rationales
1077 920 1183 963 facti
1221 927 1340 970 sunt,
1373 922 1437 962 ita
1467 922 1627 975 quibus
1658 935 1786 962 mens

284 984 518 1026 illustrata
542 999 566 1026 e
592 984 737 1026 caelo.
795 995 908 1034 (Quod
923 992 1106 1024 “Aschm'·
1122 994 1162 1023 sit
1176 993 1329 1023 rationale
1347 993 1496 1028 hominis,
1511 994 1655 1023 videatur
1669 1003 1700 1024 n.
1719 1002 1786 1031 119,

286 1056 391 1095 1186.)
449 1045 755 1099 Aliquantum
781 1045 922 1085 etiarn
950 1044 1022 1087 hic
1049 1042 1359 1097 explicabitur
1383 1043 1616 1097 quomodo
1646 1043 1785 1084 intel-

286 1106 517 1160 ligendum
539 1112 609 1147 est
627 1106 754 1160 quod'
771 1119 929 1147 omnes
952 1107 1238 1159 cognitiones
1261 1105 1368 1146 boni
1390 1111 1436 1146 et
1459 1106 1552 1146 veri
1574 1103 1784 1159 spectent

285 1171 342 1211 ad
368 1170 536 1211 bonum
563 1170 727 1211 amoris
753 1170 798 1210 in
826 1169 1086 1218 Dominum,
1115 1175 1161 1210 et
1188 1182 1365 1223 quoque
1392 1169 1513 1222 quod
1545 1169 1649 1209 inde
1682 1182 1785 1222 pro-

286 1234 466 1282 cedant,
500 1247 614 1287 quae
646 1232 957 1286 significantur
995 1247 1074 1286 per
1107 1232 1363 1273 “Vincenti
1400 1233 1518 1273 dabo
1556 1233 1689 1273 edere
1727 1246 1786 1272 ex.

285 1297 444 1338 arbore
482 1297 602 1337 vitae
639 1310 754 1350 quae
794 1303 864 1338 est
904 1297 948 1336 in
984 1296 1139 1337 medio
1178 1296 1370 1350 paradisi
1411 1295 1533 1337 Dei.''
1609 1296 1785 1337 Bonum

285 1360 450 1401 amoris
475 1360 519 1400 in
552 1359 796 1401 Dominum
822 1366 892 1401 est
925 1360 1028 1413 Ipse
1058 1360 1292 1408 Dominus,
1320 1361 1533 1413 quoniam
1565 1359 1786 1401 Dominus

285 1430 356 1465 est
378 1424 422 1464 in
444 1424 510 1464 sui
531 1424 695 1464 amoris
717 1423 838 1464 bono
860 1424 978 1477 apud
1000 1423 1244 1472 hominem,
1263 1424 1466 1476 spiritum
1491 1429 1537 1465 et
1559 1423 1785 1477 angelum.

286 1486 422 1540 Quod
448 1500 606 1528 omnes
628 1487 913 1540 cognitiones
939 1487 1046 1527 boni
1071 1492 1117 1527 et
1140 1487 1232 1527 veri
1258 1486 1362 1527 illuc
1389 1485 1597 1540 spectent
1625 1501 1703 1536 seu
1728 1487 1786 1527 ad

288 1549 455 1603 Ipsum,
483 1539 645 1591 notum‘
665 1556 734 1591 est
760 1551 804 1591 in
829 1550 1037 1591 Ecclesia
1061 1549 1343 1601 Christiana3
1377 1550 1512 1591 docet
1535 1551 1653 1591 enim
1676 1551 1785 1591 doc-

285 1614 403 1654 trina
426 1613 499 1662 ibi,
523 1613 643 1667 quod
668 1614 838 1667 absque
865 1614 1063 1654 Domino
1090 1613 1213 1654 nulla
1238 1613 1372 1663 salus,
1397 1620 1443 1654 et
1466 1628 1644 1668 quoque
1666 1613 1786 1667 quod

283 1676 329 1716 in
352 1676 550 1718 Domino
567 1677 712 1717 omnis
729 1677 872 1718 salus:
907 1678 1193 1730 cognitiones
1214 1677 1320 1718 boni
1343 1683 1389 1718 et
1407 1678 1500 1718 veri
1522 1691 1600 1718 seu
1618 1676 1785 1718 doctri-

285 1739 404 1780 nalia
437 1754 496 1780 ex
530 1739 687 1781 Verbo
719 1740 888 1785 docent
922 1741 1152 1794 quomodo
1189 1741 1327 1781 homo
1363 1742 1504 1794 possit
1538 1741 1690 1782 venire
1728 1741 1786 1782 ad

271 1798 450 1849 ,Deun‘b
474 1805 520 1840 et
543 1799 759 1853 conjungi
782 1799 888 1853 IPSI.
929 1810 1043 1849 (Quod
1057 1819 1154 1839 nemo
1168 1810 1267 1848 possit
1282 1811 1434 1849 conjungi
1450 1811 1522 1840 Deo
1537 1811 1596 1840 nisi
1611 1820 1630 1840 a
1645 1811 1787 1840 Domino

283 1874 315 1898 et
326 1869 358 1898 in
372 1870 523 1905 Domino,
536 1870 681 1900 videatur
692 1871 725 1899 in
738 1871 896 1900 Dodrina
907 1871 1017 1900 Novae
1028 1870 1272 1908 Hierosocjvmae,
1285 1880 1316 1900 n.
1331 1873 1399 1908 283,
1413 1870 1501 1910 296.)
1541 1860 1655 1901 Inde
1673 1874 1785 1901 con-

283 1927 404 1972 stare
441 1928 596 1975 potest
633 1922 754 1976 quod
794 1923 946 1963 omnia
981 1936 1095 1976 quae
1132 1922 1268 1963 docet
1305 1922 1496 1963 ecclesia
1533 1937 1592 1963 ex
1630 1922 1785 1963 Verbo

283 1982 491 2038 spectent
515 1984 759 2026 Dominum
782 1991 829 2026 et
852 1999 1051 2026 amorem
1075 1986 1119 2025 in
1144 1985 1311 2039 Ipsum,
1331 1992 1379 2026 ut
1403 1985 1538 2026 finem
1561 1987 1617 2027 ad
1636 2000 1784 2040 quem.

284 2046 419 2100 Quod
454 2061 611 2090 omnes
645 2049 933 2102 cognitiones
969 2049 1074 2090 boni
1108 2056 1154 2090 et
1188 2050 1280 2090 veri
1314 2063 1392 2090 seu
1425 2047 1691 2090 doctrinalia
1725 2064 1784 2091 ex

282 2110 438 2152 Verbo
470 2112 720 2165 procedant
747 2126 772 2152 a
804 2112 1016 2162 Domino,
1044 2113 1182 2153 etiam
1210 2119 1370 2153 notum
1396 2120 1466 2153 est
1495 2113 1539 2153 in
1566 2113 1783 2164 ecclesia;

282 2174 472 2215 docetur
503 2175 621 2216 enim
657 2175 716 2216 ibi
747 2175 868 2229 quod
905 2189 1039 2216 omne
1076 2176 1240 2216 amoris
1277 2182 1323 2217 et
1355 2189 1490 2217 omne
1526 2175 1628 2218 fidei
1666 2178 1723 2218 sit
1761 2191 1785 2218 e

283 2236 424 2286 caelo,
444 2243 490 2279 et
513 2237 622 2278 nihil
644 2238 701 2279 ab
722 2238 919 2287 homine,
939 2245 985 2279 et
1003 2239 1124 2292 quod
1143 2252 1276 2279 nemo
1299 2240 1441 2292 possit
1459 2253 1611 2281 amare
1634 2240 1783 2281 Deum

283 2306 330 2341 et
357 2301 539 2341 credere
565 2301 608 2341 in
636 2301 787 2355 Ipsum
814 2316 840 2342 a
866 2316 926 2343 se.
987 2301 1159 2343 Amare
1186 2302 1333 2343 Deum
1360 2309 1406 2343 et
1428 2303 1611 2344 credere
1637 2304 1680 2344 in
1708 2304 1782 2358 Ip-

283 2377 381 2404 sum
413 2363 650 2405 involvunt
681 2366 833 2406 omnia
864 2379 978 2419 quae
1012 2365 1204 2406 ecclesia
1235 2366 1385 2415 docet,
1419 2380 1533 2420 quae
1563 2374 1784 2408 vocantur

283 2424 550 2468 doctrinalia
575 2433 620 2468 et
647 2429 947 2481 cognitiones,
974 2429 1186 2483 quoniam
1219 2442 1277 2470 ex
1310 2429 1378 2470 his
1409 2436 1586 2471 amatur
1612 2436 1658 2471 et
1685 2444 1782 2472 cre-

282 2489 426 2531 ditur:
474 2502 601 2531 amor
637 2497 683 2532 et
724 2490 836 2532 fides
873 2492 1042 2545 absque
1082 2492 1273 2545 praeviis
1314 2493 1649 2546 cognitionibus
1690 2507 1781 2535 non

283 2553 429 2602 datur,
449 2565 553 2594 narn
570 2553 738 2607 absque
755 2554 842 2595 illis
859 2555 974 2606 foret
992 2555 1129 2596 homo
1146 2568 1325 2596 vacuus.
1386 2555 1461 2596 Ex
1480 2556 1548 2597 his
1566 2558 1780 2610 sequitur,

282 2616 404 2670 quod
441 2616 556 2658 sicut
587 2630 722 2658 omne
752 2618 916 2658 amoris
953 2625 1000 2659 et
1036 2617 1139 2659 fidei
1175 2618 1380 2671 procedit
1411 2633 1437 2659 a
1474 2619 1686 2669 Domino,
1720 2621 1784 2661 ita

283 2693 460 2733 quoque
498 2693 655 2720 omnes
693 2681 978 2734 cognitiones
1018 2682 1125 2722 boni
1162 2688 1208 2722 et
1246 2683 1338 2722 veri
1375 2696 1489 2736 quae
1529 2682 1696 2724 faciunt
1735 2691 1781 2725 et

283 2743 480 2784 formant
506 2757 706 2784 amorem
739 2751 785 2785 et
817 2744 965 2786 fidem.
1027 2744 1144 2798 Quia
1175 2759 1332 2786 omnes
1359 2747 1643 2803 cognitiones
1676 2748 1781 2788 boni

284 2812 331 2847 et
363 2807 455 2847 veri
487 2805 695 2860 spectant
728 2807 970 2849 Dominum
1002 2815 1048 2849 et
1086 2809 1337 2862 procedunt
1369 2809 1426 2850 ab
1463 2810 1582 2863 Ipso,
1616 2817 1661 2850 et
1690 2811 1779 2850 ·hoc

283 2869 560 2922 significatur
597 2884 676 2923 per
714 2871 956 2912 “arborem
993 2873 1113 2912 vitae
1154 2873 1197 2912 in
1235 2873 1384 2912 medio
1425 2873 1616 2926 paradisi
1658 2873 1781 2921 Dei‚'’

281 2933 384 2974 ideo
413 2946 570 2974 omnes
602 2934 784 2974 arbores
815 2935 859 2974 in
891 2935 1099 2988 paradiso
1125 2942 1346 2976 vocantur
1374 2935 1593 2976 “arbores
1619 2935 1779 2985 vitae,”

282 3003 328 3038 et
357 2998 575 3039 “arbores
600 2998 798 3051 Jehovae
816 2998 849 3039 ;”
883 2999 1105 3040 “arbores
1132 3000 1252 3040 vitae
1268 2999 1287 3013 ’‘
1313 3000 1356 3039 in
1384 2999 1670 3052 Apocalypsi,
