2060 3476
686 330 793 364 CAP.
817 331 882 372 11„
906 330 1045 363 VERs.
1074 330 1243 374 17.-N.
1273 319 1362 373 146.
1693 314 1768 373 185

278 452 426 487 tarum
443 445 477 498 ;’‘
508 445 595 487 hoc
628 450 713 494 est,
742 444 816 499 qui
847 444 997 498 quoad
1028 441 1313 485 intelle&um
1345 441 1560 483 illustrati
1587 447 1692 482 sunt
1724 447 1771 482 et

277 509 446 550 docent
473 524 593 558 vera,
617 515 664 550 et
690 522 830 562 usque
855 513 1013 548 amant
1039 506 1147 548 dolo
1173 506 1361 560 perdere
1384 505 1486 546 illos
1511 505 1586 559 qui
1612 505 1670 546 ab
1695 517 1772 545 ec-

277 572 430 622 clesia,
459 579 556 614 tum
587 572 661 626 qui
692 577 907 625 separant
938 571 1108 612 bonum
1139 584 1166 611 a
1196 583 1304 611 vero
1336 583 1415 610 seu
1441 568 1714 610 charitatem
1746 581 1773 608 a

277 635 364 677 fide
408 635 484 690 (de
524 636 682 690 quibus
722 634 931 675 videatur
971 648 1118 687 supra,
1161 647 1203 674 n.
1250 643 1329 684 140
1366 638 1414 674 et
1459 631 1572 685 142).
1637 630 1772 684 Quod

281 700 472 740 “venire
504 699 627 740 cito'’
658 699 717 739 sit
748 698 964 747 visitatio,
998 703 1069 738 est
1101 697 1204 751 quia
1239 696 1464 737 adventus
1507 695 1692 736 Domini
1728 695 1772 735 in

278 760 437 801 Verbo
467 760 695 814 significat
725 760 1040 800 visitationem
1072 769 1231 807 (videatur
1252 778 1283 798 n.
1303 767 1398 806 6895)
1415 771 1424 808 ;
1464 757 1670 797 visitatio
1701 762 1772 797 est

278 823 538 876 exploratio
563 823 760 864 hominis
786 827 892 876 post
919 827 1116 863 mortem
1142 820 1287 875 qualis
1313 825 1399 869 est,
1427 825 1676 873 antequam
1703 818 1772 872 ju-

279 888 468 928 dicatur.

359 966 487 1010 145.
528 966 634 1005 [Vers.
652 966 714 1005 17.]
740 954 930 996 “Haben-s·
950 967 1094 995 aurem
1114 953 1258 994 audiat
1275 952 1373 1005 quid
1391 951 1566 1005 Spiritus
1586 950 1687 991 dicit
1704 963 1775 991 eo-

281 1016 656 1071 clesiis.”—Quod
678 1015 905 1069 significet
926 1015 1047 1069 quod
1070 1014 1151 1068 qui
1173 1013 1396 1066 intelligit
1418 1012 1637 1053 auscultet
1664 1010 1780 1065 quid

278 1079 493 1120 Divinum
530 1078 688 1119 Verum
713 1078 952 1131 procedens
978 1092 1006 1118 a
1030 1076 1217 1117 Domino
1242 1075 1362 1116 docet
1384 1081 1427 1115 et
1450 1074 1559 1115 dicit
1581 1073 1674 1115 illis
1700 1086 1776 1127 qut

279 1143 334 1184 ab
364 1142 540 1183 ecclesia
569 1142 722 1195 Ipsius
747 1148 865 1191 sunt,
895 1147 1080 1182 constat
1113 1155 1173 1181 ex
1204 1139 1291 1180 illis
1323 1153 1438 1193 quae
1469 1152 1603 1192 supra
1631 1136 1692 1192 (n.
1726 1148 1777 1189 14

280 1213 326 1248 et
358 1205 456 1260 108)
486 1204 606 1246 dieta
632 1211 679 1246 et
706 1211 893 1246 ostensa
920 1211 1040 1254 sunt,
1070 1204 1143 1245 ubi
1170 1202 1332 1244 similia
1358 1202 1510 1243 verba.

359 1275 492 1329 146.
530 1279 554 1297 ‘¹
570 1274 751 1315 Vincenti
775 1274 878 1315 dabo
906 1274 1006 1326 [illi]
1037 1273 1162 1314 edere
1191 1273 1240 1313 de
1269 1285 1418 1312 manna
1443 1270 1776 1312 abscondito,''—-

281 1336 415 1392 Quod
448 1336 672 1391 significet
703 1336 766 1377 eis
797 1336 877 1390 qui
903 1336 948 1376 in
980 1334 1293 1377 tentationibus
1318 1334 1510 1383 vincunt,
1529 1333 1777 1388 jucundum

279 1401 448 1443 amoris
483 1400 681 1442 caelestis
716 1414 772 1440 ex
804 1400 970 1440 Divino
1004 1399 1213 1440 Humano
1251 1398 1451 1446 Domino,
1491 1403 1675 1438 constat
1716 1410 1776 1437 ex

279 1465 613 1519 significatione
649 1463 952 1513 “vincentis‚”
984 1463 1104 1517 quod
1137 1463 1228 1504 sint
1260 1462 1334 1516 qui
1366 1462 1410 1502 in
1442 1461 1776 1502 tentationibus

280 1531 484 1578 vincunt,
519 1542 624 1569 nam
656 1528 720 1569 illi
751 1534 857 1585 sunt
889 1528 945 1568 de
977 1527 1137 1581 quibus
1168 1527 1212 1567 in
1245 1526 1424 1579 scriptis
1456 1525 1521 1565 ad.
1541 1524 1776 1578 Angelum

280 1593 410 1646 hujus
439 1593 677 1634 Ecclesiae
704 1593 854 1646 agitur
882 1590 1110 1645 (videatur
1142 1604 1290 1644 supra,
1315 1603 1357 1630 n.
1386 1588 1511 1644 130);
1545 1603 1605 1630 ex
1637 1589 1776 1642 signi-

281 1657 494 1698 ficatione
528 1657 673 1697 “dare
716 1655 880 1697 edere’'
912 1655 1033 1709 quod
1070 1655 1129 1695 sit
1165 1654 1443 1708 appropriari
1480 1659 1527 1694 et
1565 1652 1778 1706 conjungi

282 1733 361 1772 per
400 1731 604 1763 amorem
644 1723 691 1758 et
730 1717 1008 1758 charltatem
1037 1727 1092 1765 (de
1107 1736 1171 1764 qua
1185 1736 1216 1757 n.
1233 1729 1322 1763 2187,
1338 1735 1427 1764 2343,
1443 1727 1532 1764 3168,
1548 1733 1638 1763 3513,
1654 1725 1748 1763 5643)
1766 1729 1775 1765 ;

282 1788 328 1822 et
360 1782 463 1835 quia
489 1781 653 1822 dicitur
681 1780 775 1821 “de
808 1793 975 1820 manna
1005 1778 1318 1827 abscondito,’'
1344 1792 1423 1832 per
1454 1778 1575 1832 quod
1606 1777 1777 1818 intelli-

280 1846 402 1898 gitur
425 1845 646 1886 Dominus
666 1843 815 1898 quoad
839 1843 1053 1884 Divinum
1078 1842 1367 1892 Humanum;
1401 1856 1480 1895 per
1499 1842 1671 1883 “edere
1684 1841 1703 1856 ’'
1720 1841 1777 1882 de
1828 1836 1831 1840 ’

281 1909 360 1950 illo
392 1909 464 1950 hie
497 1907 778 1962 significatur
809 1907 1055 1960 jucundum
1088 1907 1253 1946 amoris
1285 1905 1512 1954 caelestis,
1547 1918 1652 1946 nam
1689 1904 1776 1946 hoc

281 1973 598 2027 appropriatur
623 1986 649 2012 a
676 1971 842 2012 Divino
871 1971 1086 2011 Humano
1114 1970 1298 2010 Domini
1330 1969 1417 2010 illis
1449 1970 1523 2023 qui
1554 1969 1777 2022 recipiunt

283 2037 437 2090 Ipsum
469 2049 622 2076 amore
655 2041 701 2076 et
734 2034 846 2085 fide;
889 2040 936 2075 et
973 2048 1032 2075 ex
1065 2032 1398 2086 significatione
1433 2036 1666 2074 “mannae
1698 2033 1777 2073 ab·

282 2099 518 2150 sconditi,’'
550 2099 670 2153 quod
703 2099 761 2140 sit
796 2098 1018 2138 Dominus
1052 2097 1201 2151 quoad
1236 2097 1448 2137 Divinum
1485 2096 1776 2147 Humanum;

282 2164 402 2218 quod
439 2163 482 2204 id
524 2164 582 2204 sit
622 2161 860 2203 “Manna’'
897 2167 1081 2203 constat
1122 2161 1180 2201 ab
1218 2160 1363 2214 Ipsius
1405 2160 1590 2201 Domini
1630 2160 1778 2201 verbis

283 2227 401 2280 apud
427 2226 695 2275 Jolzannem,
1668 2230 1670 2232 ’

352 2322 510 2354 “Patres
527 2323 640 2354 nostri
657 2323 806 2354 ederunt
823 2333 957 2354 manna
981 2323 1018 2354 in
1035 2323 1187 2360 deserto,
1209 2322 1299 2354 sicut
1323 2322 1494 2362 scriptum
1514 2327 1578 2358 est,
1602 2321 1734 2352 Panem
1761 2331 1780 2352 e

459 2366 558 2398 caelo
582 2366 679 2398 dedit
703 2367 754 2398 eis
779 2376 883 2407 quem
908 2367 1066 2398 ederent.
1117 2391 1213 2398 .....
1224 2365 1333 2397 Panis
1359 2366 1426 2396 Dei
1451 2371 1505 2397 est
1529 2365 1587 2406 qui
1612 2365 1656 2396 de
1680 2365 1780 2396 caelo

459 2408 648 2441 descendit
666 2416 702 2450 et
724 2411 786 2442 dat
802 2410 913 2441 vitam
938 2410 1072 2441 mundo
1086 2421 1110 2442 :.
1125 2435 1133 2442 .
1147 2435 1154 2441 .
1169 2410 1263 2450 .Ego
1288 2419 1366 2440 sum
1394 2409 1503 2440 Panis
1521 2410 1635 2441 vitae:
1661 2416 1780 2449 patres

461 2453 569 2484 vestri
594 2453 742 2485 ederunt
765 2463 899 2484 manna
922 2454 958 2484 in
982 2454 1136 2490 deserto,
1160 2459 1195 2484 et
1219 2453 1349 2485 mortui
1373 2459 1476 2484 sunt:
1509 2453 1565 2484 hic
1590 2458 1644 2484 est
1671 2453 1779 2483 Panis

458 2496 517 2527 ille
535 2496 593 2536 qui
610 2505 629 2527 e
646 2496 746 2527 eaelo
764 2493 994 2533 ffldescendit,
1015 2501 1053 2526 ut
1077 2495 1135 2536 qui
1154 2495 1226 2526 edit
1249 2495 1293 2526 de
1311 2505 1354 2526 eo
1372 2505 1446 2525 non
1464 2495 1649 2526 moriatur.
1702 2495 1780 2534 Ego

459 2550 538 2571 sum
559 2540 666 2571 Panis
683 2539 786 2570 vivus
804 2539 863 2580 qui
879 2549 899 2570 e
915 2539 1014 2570 caelo
1031 2539 1198 2570 descendi
1214 2549 1220 2577 ;
1246 2539 1276 2570 si
1294 2539 1372 2579 quis
1390 2539 1504 2570 ederit
1521 2549 1564 2570 ex
1581 2539 1648 2570 hoc
1669 2538 1777 2576 Pane,

460 2583 555 2614 vivet
579 2583 616 2614 in
640 2589 837 2615 aeternum.
901 2583 1008 2614 Panis
1034 2593 1139 2624 quem
1166 2582 1243 2623 Ego
1268 2583 1361 2614 dabo
1393 2582 1487 2614 Caro
1512 2592 1593 2614 mea
1617 2589 1672 2614 est
1683 2582 1699 2594 ’¹
1718 2584 1777 2622 (vi.

459 2627 590 2667 31-58)-

285 2722 419 2777 Quod
457 2723 560 2778 Ipse
597 2722 820 2763 Dominus
857 2723 916 2763 sit
953 2723 1026 2776 qui
1066 2722 1337 2775 intelligitur
1372 2736 1453 2776 per
1491 2722 1780 2769 “Mannam‘'

284 2794 331 2828 et
371 2786 620 2836 “Panem,'’
658 2786 762 2840 Ipse
798 2792 956 2840 aperte
993 2786 1146 2835 docet,
1186 2786 1295 2828 dicit
1333 2787 1467 2836 enim,
1500 2786 1642 2839 “Ego
1681 2799 1779 2826 sum
1816 2827 1832 2832 ,

285 2851 416 2891 Panis
444 2851 566 2891 vitae
585 2882 593 2890 .
614 2882 621 2890 .
642 2882 650 2890 .
671 2882 679 2890 .
698 2849 772 2903 qui
803 2863 828 2890 e
859 2849 989 2890 caelo
1021 2843 1237 2890 deseendi
1255 2849 1288 2900 ;’'
1320 2850 1441 2903 quod
1468 2850 1526 2890 sit
1554 2849 1777 2890 Dominus

283 2913 434 2967 quoad
466 2913 679 2954 Divinum
713 2912 990 2962 Humanum,
1024 2914 1164 2954 etiam
1196 2913 1334 2954 docet
1365 2913 1573 2961 dicendo,
1606 2912 1779 2953 “Panis

284 2990 417 3031 quem
459 2976 561 3030 Ego
599 2976 717 3017 dabo
756 2975 873 3017 Caro
911 2989 1012 3017 mea
1050 2975 1158 3017 est.”
1220 2976 1348 3017 Idem
1381 2977 1518 3017 docet
1556 2975 1777 3016 Dominus
