2060 3476
660 371 769 405 cAP.
792 372 838 412 1.,
862 371 1002 403 VERs.
1029 370 1174 415 5.-Ν,
1197 371 1264 415 27.
1462 417 1465 419 ‚
1662 371 1719 414 29

217 490 319 544 quia
334 489 544 531 Divinum
559 488 731 530 Verum
746 487 996 542 procedens
1011 500 1070 528 ex
1086 485 1252 527 Divino
1267 485 1396 526 Bono
1411 484 1593 525 Domini
1610 483 1716 525 facit

217 553 393 595 caelum
418 553 462 594 in
488 552 728 600 communi,
756 557 804 592 et
829 550 948 604 apud
974 549 1318 603 unumquemvis
1344 547 1559 601 angelum
1584 547 1645 588 ibi
1671 547 1713 587 in

217 615 488 670 particulari.
549 624 662 664 (Quod
672 623 715 652 ita
725 623 774 658 sit,
786 623 930 652 videatur
940 622 973 651 in
984 631 1081 660 opere
1093 622 1144 651 Dc
1159 622 1250 651 Caelo
1260 624 1292 650 et
1302 621 1440 660 Inferna,
1453 629 1484 650 n.
1499 628 1546 657 13,
1561 619 1716 656 126—14o;

215 694 247 718 et
261 689 350 726 quod
363 697 383 718 a
398 687 515 717 Divino
531 687 687 717 Humano
702 686 815 724 Ipsius¹
830 694 862 716 n.
878 694 968 722 7-12‚
985 683 1144 723 [¹178—86.)
1206 674 1426 715 Dominus
1453 672 1602 727 quoad
1634 671 1715 712 Di-

215 742 369 782 vinum
413 740 675 781 Humanum
712 739 875 780 dicitur
913 738 1104 779 “Testis
1146 736 1329 786 fidelis‚”
1361 737 1464 790 quia
1501 735 1714 776 Divinum

216 803 389 845 Verum
430 803 682 858 procedens
722 816 782 843 ex
829 797 935 856 Ipso
975 801 1019 841 in
1064 800 1192 841 caelo
1237 806 1434 841 testatur
1475 799 1531 839 de
1577 798 1683 852 Ipso
1703 811 1711 838 :

215 868 303 909 hoc
325 868 635 909 testimonium
660 867 778 906 inest
800 864 1112 906 universaliter
1134 863 1300 904 Divino
1322 863 1447 904 Vero
1473 862 1532 903 ibi
1551 876 1559 912 ;
1593 861 1714 915 quod

215 937 426 973 constare
447 935 601 983 potest
624 942 683 970 ex
705 942 774 978 eo,
795 928 915 982 quod
937 927 1089 981 angeli
1110 927 1334 968 interioris
1357 926 1470 967 caeli
1493 938 1584 966 non
1606 938 1712 979 pos-

215 995 306 1035 sint
329 993 460 1034 aliter
481 993 685 1045 cogitare
708 993 764 1033 de
788 991 954 1032 Divino
976 1004 1110 1045 quam
1132 990 1214 1035 sub
1238 990 1451 1031 Humana
1471 989 1627 1038 forma,
1651 989 1716 1029 ita

216 1058 273 1099 de
315 1057 483 1098 Divino
525 1056 754 1104 Humano,
786 1069 847 1096 ex
885 1069 1034 1104 causa,
1067 1055 1170 1108 quia
1206 1053 1419 1095 Divinum
1454 1053 1715 1093 Humanum

217 1121 400 1162 Domini
426 1119 586 1173 implet
612 1120 868 1160 universum
895 1118 1069 1159 caelum
1096 1131 1147 1159 ac
1178 1117 1342 1158 format
1367 1116 1492 1165 illud,
1516 1123 1563 1157 et
1589 1117 1714 1169 cogi-

216 1185 413 1225 tationes
431 1182 696 1236 angelorum
714 1182 886 1223 vadunt
904 1188 951 1223 et
969 1181 1110 1223 fluunt
1128 1181 1375 1223 secundum
1392 1180 1581 1221 formam
1599 1179 1712 1221 caeli

217 1257 375 1295 (videatur
387 1256 420 1285 in
435 1265 531 1294 opere
545 1265 642 1294 supra
655 1255 760 1290 citato,
776 1264 809 1285 n.
825 1262 956 1292 59-102‚
972 1263 1122 1289 200—212,
1139 1253 1305 1292 265-275).
1350 1243 1463 1284 Inde
1485 1249 1569 1290 est,
1594 1242 1716 1296 quod

218 1309 568 1351 “testimonium
602 1308 709 1361 Jesu
750 1307 949 1349 Christi”
980 1306 1204 1360 significet
1240 1307 1523 1360 agnitionem
1560 1306 1711 1346 Divini

216 1373 400 1414 Domini
429 1373 473 1413 in
507 1371 721 1412 Humano
747 1371 890 1425 Ipsius
924 1369 1000 1424 (de
1026 1384 1115 1424 qua
1146 1384 1292 1424 supra,
1320 1383 1361 1410 n.
1394 1369 1478 1423 10).
1539 1369 1614 1410 Ex
1646 1369 1716 1410 his

216 1443 344 1490 patet
375 1436 479 1490 quid
511 1436 555 1476 in
587 1449 720 1476 sensu
751 1434 969 1488 spirituali
999 1434 1268 1487 intelligitur
1299 1447 1378 1487 per
1411 1432 1639 1474 “testari”
1666 1439 1712 1474 et

216 1514 295 1554 per
322 1499 673 1541 “testimonium
684 1498 704 1514 '’
729 1499 774 1539 in
797 1498 1090 1551 sequentibus
1115 1497 1184 1537 his
1211 1497 1322 1538 locis
1339 1511 1407 1537 :—

285 1594 533 1639 “Johannes'’
565 1594 635 1636 (hic
651 1594 837 1637 Johannes
856 1593 1034 1635 Baptista)
1053 1595 1076 1608 “
1088 1594 1187 1626 venit
1211 1594 1246 1625 in
1265 1593 1525 1631 testimonium,
1545 1599 1584 1624 ut
1608 1599 1716 1624 testa-

390 1647 487 1672 retur
503 1639 547 1672 de
573 1639 677 1677 Luce,
697 1645 736 1670 ut
752 1649 879 1670 omnes
895 1639 1083 1670 crederent
1106 1648 1170 1679 per
1194 1638 1315 1670 illum:
1341 1647 1414 1668 non
1439 1643 1515 1668 erat
1539 1637 1598 1668 ille
1624 1636 1735 1674 Lux‚·

390 1684 454 1716 sed
477 1689 516 1715 ut
539 1689 730 1715 testaretur
752 1683 797 1714 de
822 1682 938 1721 Luce;
963 1688 1039 1714 erat
1064 1681 1142 1713 Lux
1165 1691 1251 1713 vera
1274 1691 1364 1722 quae
1388 1681 1544 1712 illustrat
1568 1691 1714 1712 omnem

389 1728 574 1760 hominem
588 1738 595 1759 t
611 1751 619 1759 .
637 1751 646 1759 .
663 1751 671 1759 .
689 1751 697 1759 .
713 1732 749 1758 et
765 1736 833 1767 ego
850 1726 934 1765 vidi,
955 1731 991 1758 et
1006 1732 1158 1758 testatus
1174 1735 1254 1757 sum
1266 1725 1284 1737 ”
1301 1725 1401 1767 (Joh.
1418 1725 1440 1757 i.
1458 1733 1489 1764 7,
1506 1726 1536 1763 8,
1556 1722 1622 1766 [9,]
1638 1724 1693 1764 34)
1707 1734 1715 1763 ;

218 1823 392 1865 “Lux”
413 1822 638 1877 significat
660 1822 873 1863 Divinum
895 1821 1065 1863 Verum
1083 1835 1097 1872 ;·
1126 1834 1261 1875 quare
1285 1821 1505 1861 Dominus
1526 1826 1716 1861 vocatur

216 1888 275 1928 ibi
302 1887 443 1928 “Lux
470 1901 576 1928 vera
597 1900 711 1940 quae
736 1886 960 1927 illuminat
986 1899 1167 1927 omnem
1194 1885 1422 1926 hominem
1440 1884 1474 1934 ;'’
1505 1897 1556 1924 ac
1582 1887 1714 1924 “tes-

215 1951 301 1992 tari
327 1950 383 1992 de
415 1949 568 1991 Luce‘·
594 1949 818 2003 significat
849 1950 1129 2002 agnitionem
1156 1948 1305 1988 Divini
1338 1947 1537 1988 Humani
1569 1947 1714 2001 Ipsius

217 2028 276 2055 ex
304 2027 393 2068 quo
425 2013 636 2054 Divinum
663 2013 834 2054 Verum
866 2013 1084 2066 procedit.
1139 2021 1278 2060 (Quodu
1291 2021 1554 2059 Lux''signifieet
1563 2022 1715 2051 Divinum

215 2077 337 2106 Vemm
357 2077 534 2115 procedens
554 2086 574 2106 a
595 2076 746 2111 Domino,
761 2076 906 2105 videatur
925 2075 958 2104 in
979 2084 1075 2113 opere
1091 2075 1142 2104 De
1160 2075 1251 2104 Caelo
1265 2078 1296 2104 et
1315 2075 1453 2114 Inferna,
1469 2074 1502 2102 in
1516 2074 1648 2103 articulo
1664 2074 1716 2103 De

218 2128 306 2158 Luce
321 2127 419 2163 Caeli,
434 2137 466 2158 n.
483 2127 646 2166 126-140.)
706 2117 846 2171 Apud
871 2117 1080 2165 eundem,

285 2215 394 2248 “Vos
410 2215 560 2247 misistis
578 2212 657 2257 [ad]
671 2213 886 2256 Johannem,
902 2219 938 2245 et
954 2219 1104 2246 testatus
1121 2219 1176 2245 est
1191 2212 1334 2245 veritati
1348 2223 1356 2245 ι
1382 2211 1460 2253 Ego
1473 2222 1560 2243 vero
1577 2221 1651 2243 non
1668 2212 1714 2243 ab

390 2260 536 2291 homine
552 2258 798 2291 testimonium
815 2258 951 2299 accipio
962 2257 980 2270 '¹
998 2256 1045 2298 (v.
1066 2265 1119 2297 33,
1139 2255 1216 2297 34);

217 2335 335 2389 apud
362 2334 569 2384 eundem,

287 2423 424 2466 “Jesus
440 2424 538 2463 dixit,
559 2424 677 2456 Amen
701 2423 781 2456 dico
797 2423 872 2462 tibi,
893 2423 988 2464 quod
1011 2433 1102 2464 quae
1118 2422 1251 2454 scimus
1275 2421 1472 2463 loquamur,
1493 2428 1529 2453 et
1553 2431 1644 2463 quae
1662 2421 1715 2452 vi-

391 2468 509 2500 dimus
533 2474 724 2500 testemur:
741 2492 749 2500 .
766 2491 775 2500 .
793 2492 801 2500 .
818 2492 826 2500 .
842 2468 887 2499 de
910 2467 1011 2498 eaelo
1028 2467 1178 2499 veniens
1202 2476 1310 2510 super
1326 2476 1454 2497 omnes
1471 2471 1536 2503 est,
1556 2472 1592 2497 et
1616 2465 1712 2507 quod

390 2511 479 2543 vidit
495 2517 530 2543 et
546 2512 690 2550 audivit,
710 2512 778 2543 hoc
795 2517 947 2543 testatur
957 2510 976 2523 ’'
993 2510 1054 2551 (iii.
1073 2519 1125 2548 11,
1147 2507 1236 2552 [31,]
1256 2509 1312 2551 32)
1326 2519 1334 2548 ;

218 2587 336 2642 apud
361 2587 570 2637 eundem,

287 2677 420 2710 “Dixit
446 2677 564 2719 Jesus,
595 2678 672 2710 Etsi
701 2678 778 2719 Ego
804 2684 918 2710 testor
944 2677 988 2709 de
1018 2677 1078 2709 Me
1107 2677 1205 2718 Ipso,
1232 2686 1356 2709 verum
1384 2683 1439 2709 est
1467 2676 1712 2709 testimonium

392 2732 525 2759 meum,
544 2722 628 2763 quia
642 2722 716 2754 scio
731 2723 827 2754 unde
843 2722 926 2765 veni
943 2727 979 2754 et
994 2731 1065 2763 quo
1082 2722 1174 2754 vado
1185 2721 1204 2733 '¹
1221 2720 1307 2762 (viii.
1330 2721 1383 2761 14)
1397 2730 1411 2760 ;-

218 2830 297 2873 per
322 2816 442 2871 quod
468 2815 758 2870 significatur,
785 2816 905 2870 quod
932 2822 1127 2858 testetur
1151 2815 1208 2857 de
1234 2815 1292 2857 Se
1310 2816 1416 2870 Ipso
1434 2829 1492 2857 ex
1513 2814 1571 2856 Se
1590 2815 1709 2868 Ipso,

218 2880 321 2934 quia
346 2886 442 2921 erat
469 2880 681 2921 Divinum
702 2879 887 2921 Verum.
947 2879 1086 2933 Apud
1112 2880 1320 2929 eundem,

292 2978 311 2992 ‘¹
321 2975 413 3061 (3υηί
429 2977 568 3058 νεῐκὲἷίῑ
594 2976 814 3010 Paracletus.
827 3001 836 3010 .
849 2977 1016 3019 ,Spiritus
1034 2977 1205 3016 veritatis,
1216 3001 1224 3009 .
1238 3002 1246 3009 .
1261 2976 1335 3009 .ille
1355 2976 1542 3008 testabitur
1557 2975 1601 3007 de
1620 2974 1680 3006 Me
1692 2971 1707 2987 ⁸

406 3030 464 3053 xv.
485 3028 504 3053 2
553 3030 561 3058 ;
