2060 3476
671 383 778 418 CAP.
801 384 862 427 v„
885 384 1024 418 VERS.
1050 386 1195 430 3.—N.
1221 377 1386 433 3o4[b].
1699 389 1778 434 513
1828 436 1833 441 .

284 496 406 551 quod
436 496 580 539 influit
604 511 631 539 a
657 497 870 548 Domino,
897 504 944 540 et
969 499 1184 553 recipitur
1208 500 1266 541 ab
1298 499 1489 554 angelis,
1518 507 1565 542 et
1596 515 1779 555 prorsus

285 573 376 602 non
401 575 462 602 ex
487 561 636 615 aliqua
661 561 967 616 intelligentia
997 562 1265 616 angelorum
1297 565 1490 617 propria,
1518 564 1631 606 haec
1659 565 1779 606 enim

285 623 409 665 nulla
439 624 746 678 intelligentia
775 631 861 675 est,
888 626 994 667 inde
1026 640 1105 680 per
1136 626 1297 667 eadem
1328 627 1468 668 verba
1499 626 1781 681 significatur

284 687 405 741 quod
432 701 488 728 ne
514 687 654 729 hilum
681 688 840 743 aliquis
865 703 925 730 ex
951 702 1012 730 se.
1074 688 1209 743 Quod
1235 690 1387 744 angeli
1413 691 1458 731 in
1485 691 1615 732 caelo
1637 705 1780 745 aeque

284 762 336 791 ac
364 750 572 792 homines
598 752 642 792 in
669 752 839 793 mundo
863 751 1065 794 habeant
1088 754 1330 806 proprium,
1355 754 1476 807 quod
1503 755 1546 795 in
1574 768 1622 795 se
1649 767 1780 808 spec-

284 819 432 854 tatum
452 827 544 854 non
562 820 632 855 est
651 815 734 855 nisi
757 828 890 869 quam
913 815 1098 864 malum,
1111 816 1321 867 videatur
1338 817 1382 857 in
1405 831 1542 870 opere
1563 817 1632 857 De
1651 817 1782 859 Caelo

283 881 327 915 et
347 875 532 927 Inferna
556 886 601 924 (n.
618 887 691 925 592)
710 891 718 927 ;
751 882 798 917 et
824 876 928 930 quia
953 877 1123 918 malum
1146 891 1237 918 non
1260 878 1422 932 recipit
1445 878 1615 932 aliquid
1641 878 1780 920 intel-

284 935 502 989 ligentiae
543 943 590 978 et
635 938 901 991 sapientiae,
944 939 1145 992 sequitur
1185 939 1305 993 quod
1350 939 1503 993 angeli
1544 954 1687 994 aeque
1712 954 1779 982 ,ac

283 999 491 1040 homines
509 1014 569 1041 ex
588 1014 635 1041 se
658 1014 837 1054 prorsus
855 1001 965 1042 nihil
979 1003 1071 1043 veri
1089 1002 1367 1056 intelligant,
1389 1003 1468 1044 sed
1490 1003 1610 1057 quod
1634 1002 1780 1044 solum

283 1076 344 1104 ex
366 1062 578 1104 Domino.
641 1063 788 1105 Causa
810 1064 930 1119 quod
953 1065 1105 1119 angeli
1128 1065 1245 1107 tales
1268 1066 1373 1115 sint,
1397 1072 1468 1107 est
1495 1067 1598 1120 quia
1621 1079 1780 1108 omnes

283 1125 436 1180 angeli
453 1132 559 1167 sunt
578 1141 637 1168 ex
654 1126 854 1168 humano
871 1141 1053 1181 genere,
1070 1135 1116 1170 et
1136 1129 1438 1183 unusquisque
1457 1129 1595 1170 homo
1613 1130 1780 1171 retinet

284 1203 412 1230 suum
443 1191 670 1244 proprium
702 1197 807 1245 post
840 1198 1050 1240 mortem,
1078 1198 1125 1233 et
1157 1193 1277 1246 quod
1309 1206 1336 1233 a
1367 1192 1497 1233 malis
1529 1207 1644 1246 quae
1674 1199 1780 1234 sunt

283 1252 452 1305 proprii
470 1265 625 1293 eorum
648 1252 944 1294 detineantur
964 1266 1016 1294 ac
1040 1254 1084 1293 in
1106 1254 1238 1294 bonis
1261 1260 1507 1294 teneantur
1521 1268 1547 1294 a
1565 1253 1779 1295 Domino.

285 1315 398 1352 (Quod
409 1324 521 1345 omnes
529 1316 633 1354 angeli
645 1317 706 1345 sint
717 1326 757 1345 ex
770 1317 926 1346 Humano
937 1317 1071 1351 Genere,
1085 1322 1116 1346 et
1132 1326 1197 1346 non
1212 1317 1325 1354 aliquis
1337 1327 1375 1346 ex
1384 1318 1540 1355 principio
1552 1323 1684 1353 creatus,
1696 1318 1783 1347 vide—

283 1367 356 1391 atur
368 1362 400 1391 in
415 1363 570 1400 opusculo
587 1364 638 1392 De
655 1364 774 1393 Ultimo
791 1363 936 1404 Judicio,
952 1373 983 1394 n.
1002 1373 1116 1402 14-22;
1146 1369 1178 1394 et
1198 1366 1288 1402 quod
1309 1373 1422 1394 omnes
1442 1374 1462 1394 a
1483 1365 1568 1394 malo
1583 1365 1783 1394 detineantur

283 1416 316 1441 et
329 1412 362 1441 in
375 1413 464 1442 bono
478 1417 647 1442 teneantur
660 1423 680 1443 a
695 1414 847 1448 Domino,
861 1414 893 1443 in
909 1414 1068 1443 Doctrina
1082 1415 1192 1443 Novae
1203 1415 1449 1453 Hierosolymae,
1466 1424 1496 1444 n.
1513 1415 1596 1452 166.)
1644 1403 1780 1457 Quod

287 1464 370 1505 “in
401 1463 571 1514 caelo,''
606 1468 777 1519 “super
808 1465 969 1514 terra,”
1001 1472 1048 1507 et
1083 1466 1204 1506 “sub
1235 1465 1398 1515 terra,''
1429 1465 1655 1519 significet
1689 1471 1781 1507 tres

284 1526 452 1576 caelos,
469 1533 539 1568 est
561 1528 663 1582 quia
684 1528 838 1581 angeli
859 1529 932 1582 qui
954 1529 999 1569 in
1017 1529 1155 1570 tertio
1177 1543 1255 1569 seu
1277 1542 1488 1583 supremo
1507 1528 1636 1570 caelo
1659 1535 1778 1574 sunt.

284 1590 497 1631 habitant
516 1605 649 1644 super
663 1591 894 1632 montibus
912 1606 922 1642 3
949 1598 996 1633 et
1010 1592 1084 1645 qui
1102 1592 1145 1632 in
1159 1592 1362 1633 secundo
1376 1605 1455 1633 seu
1469 1592 1634 1641 medio,
1650 1605 1783 1645 super

285 1653 501 1704 collibus;
533 1660 580 1695 et
602 1655 676 1708 qui
697 1655 741 1695 in
768 1655 912 1708 primo
934 1669 1013 1696 seu
1031 1655 1206 1704 ultimo,
1229 1655 1312 1696 sub
1333 1655 1421 1695 illis
1444 1656 1488 1695 in
1507 1654 1781 1708 planitiebus

284 1722 332 1758 et
357 1716 574 1758 vallibus:
618 1724 689 1759 est
721 1719 840 1759 enim
877 1719 922 1759 in
952 1719 1122 1759 mundo
1154 1718 1375 1772 spirituali
1411 1718 1484 1758 ubi
1522 1719 1703 1771 spiritus
1735 1726 1781 1759 et

284 1781 450 1835 angeli,
467 1794 648 1834 prorsus
669 1782 784 1822 sicut
803 1782 848 1822 in
866 1782 1036 1822 mundo
1055 1781 1249 1822 naturali
1268 1782 1341 1822 ubi
1358 1781 1567 1822 homines
1584 1795 1593 1832 ;
1618 1795 1781 1834 nempe

285 1851 448 1898 terrae,
477 1845 619 1887 colles
645 1851 692 1886 et
723 1851 931 1896 montes;
964 1851 1011 1886 et
1042 1845 1192 1898 quoad
1224 1845 1540 1898 apparentiam
1573 1850 1643 1885 est
1676 1844 1781 1885 talis

284 1908 533 1950 similitudo
563 1914 612 1949 ut
644 1921 824 1962 prorsus
857 1907 967 1948 nihil
998 1907 1199 1949 differat:
1233 1921 1370 1961 quare
1402 1908 1541 1948 etiam
1573 1906 1781 1947 homines

284 1978 390 2026 post
426 1977 623 2012 mortem
659 1972 737 2012 vix
774 1972 922 2012 sciunt
958 1970 1090 2012 aliter
1126 1983 1261 2024 quam
1301 1971 1423 2024 quod
1460 1970 1608 2011 adhuc
1650 1984 1783 2023 super

284 2041 406 2076 terra
430 2036 602 2083 vivant,
630 2041 677 2076 et
703 2047 805 2075 cum
832 2034 965 2075 datur
990 2033 1077 2074 illis
1103 2034 1234 2088 copia
1258 2034 1480 2088 inspicere
1506 2034 1550 2074 in
1578 2039 1781 2074 nostram

284 2097 510 2146 tellurem,
543 2112 635 2139 non
672 2098 829 2139 vident
866 2097 1034 2151 aliquid
1071 2097 1314 2138 dissimile:
1358 2103 1595 2151 praeterea
1630 2097 1782 2150 angeli

284 2155 359 2217 oui
381 2163 425 2203 in
447 2161 609 2203 ultimo
631 2161 760 2203 caelo
782 2167 901 2210 sunt,
926 2167 1094 2202 vocant
1120 2159 1365 2201 “caelum”
1388 2160 1461 2201 ubi
1484 2160 1636 2214 angeli
1659 2160 1782 2201 tertii

285 2225 400 2267 caeli
431 2225 658 2274 habitant,
692 2225 795 2278 quia
825 2224 920 2265 alte
951 2238 1086 2278 supra
1118 2223 1236 2272 illos,
1269 2231 1318 2265 at
1350 2224 1423 2264 ubi
1455 2224 1539 2277 ipsi
1570 2223 1781 2264 habitant

285 2294 454 2330 vocant
489 2291 694 2329 “terram
711 2287 745 2338 ;'’
790 2288 929 2328 etiam
961 2287 1138 2328 caelum
1177 2287 1361 2328 tertium
1398 2300 1475 2327 seu
1507 2300 1779 2340 supremum,

285 2352 406 2407 quod
433 2358 503 2393 est
530 2366 662 2406 super
687 2352 933 2400 montibus,
963 2365 1054 2392 non
1081 2357 1272 2405 apparet
1304 2350 1391 2391 illis
1417 2351 1491 2405 qui
1521 2351 1632 2392 infra
1659 2357 1778 2397 sunt,

285 2429 364 2457 seu
408 2429 541 2468 super
585 2421 719 2463 terra,
761 2415 897 2456 aliter
941 2428 993 2455 ac
1040 2428 1193 2455 coram
1234 2414 1363 2455 nobis
1405 2427 1616 2467 suprema
1655 2415 1780 2467 regio

284 2479 634 2532 atmosphaerea
658 2476 782 2519 tecta
809 2478 898 2519 levi
920 2484 967 2519 et
993 2478 1190 2519 candida
1215 2478 1347 2525 nube,
1372 2478 1437 2518 ita
1462 2478 1577 2518 sicut
1604 2477 1779 2518 caelum

284 2555 438 2583 coram
461 2541 604 2582 nobis.
666 2541 779 2582 In'de
802 2547 1015 2582 constare
1042 2547 1196 2594 potest
1223 2540 1328 2594 quid
1354 2541 1399 2580 in
1422 2541 1572 2594 specie
1594 2554 1674 2596 per
1698 2541 1778 2581 “in

285 2604 431 2653 caelo,
463 2617 598 2656 super
628 2609 765 2652 terra,
797 2609 843 2644 et
874 2603 958 2643 sub
988 2602 1152 2651 terra,''
1182 2602 1254 2643 hic
1285 2601 1574 2655 intelligitur.
1639 2613 1718 2651 (Sed
1740 2614 1781 2642 de

282 2668 332 2698 his
345 2669 439 2706 plura
451 2668 620 2696 videantur
633 2667 665 2695 in
680 2676 777 2705 opere
790 2667 840 2696 De
856 2667 946 2696 Caelo
960 2670 991 2696 et
1004 2667 1140 2706 Inserno,
1153 2667 1208 2695 ubi
1223 2667 1327 2704 agitur
1342 2667 1392 2695 De
1407 2666 1610 2704 Apparentiis
1623 2666 1655 2695 in
1669 2667 1780 2701 Caelo,

283 2730 315 2751 n.
332 2721 490 2758 170-176;
514 2729 551 2750 ac
567 2721 617 2749 De
634 2720 895 2767 Habitationibus
909 2724 941 2749 et
956 2720 1180 2749 Mansionibus
1194 2720 1404 2758 Angelorum,
1419 2728 1451 2750 n.
1468 2720 1633 2758 183-189.)

368 2783 452 2839 [b.]
495 2782 725 2836 Quoniam
771 2782 982 2824 homines
1024 2796 1117 2823 non
1163 2783 1395 2824 sciverunt
1439 2782 1561 2836 quod
1606 2781 1777 2822 similes

283 2847 419 2888 facies
450 2845 624 2886 telluris
660 2845 825 2886 dentur
846 2845 890 2885 in
923 2850 1113 2898 utroque
1146 2844 1329 2893 mundo,
1354 2844 1549 2885 naturali
1572 2850 1620 2884 et
1646 2843 1777 2897 spiri-

283 2908 410 2958 tuali,
438 2908 541 2949 ideo
562 2921 653 2949 non
680 2913 979 2962 perceperunt
1011 2907 1157 2956 aliter,
1186 2921 1287 2948 cum
1320 2907 1530 2961 legerunt
1557 2907 1775 2955 Verbum,

284 2985 419 3027 quam
460 2971 581 3026 quod
621 2985 700 3025 per
738 2969 983 3012 “caelum''
1021 2976 1067 3012 et
1111 2970 1346 3012 “terram''
1382 2970 1455 3019 ibi,
1494 2969 1778 3022 intelligatur

284 3035 459 3077 caelum
482 3048 635 3076 coram
661 3034 802 3076 oculis
829 3034 994 3076 nostris
1020 3032 1310 3088 aspectabile,
1335 3040 1381 3075 et
1404 3040 1524 3075 terra
1547 3033 1604 3074 ab
1629 3032 1776 3073 homi-
