2060 3476
698 389 806 431 cAP.
829 389 888 429 v.,
912 388 1051 420 VERs.
1075 388 1224 432 9.—-N.
1249 377 1427 432 329[d].
1724 376 1807 429 613

382 503 558 535 “Feriam
578 503 650 535 illis
669 502 798 534 foedus
818 502 855 533 in
871 502 929 534 die
950 502 1012 533 illo
1029 511 1111 533 cum
1130 501 1249 533 bestia
1267 501 1358 542 agri,
1378 507 1413 532 et
1429 510 1509 532 cum
1526 509 1594 531 ave
1611 499 1806 536 caelorum,

488 553 524 579 et
540 546 659 587 reptili
676 552 813 584 terrae;
838 551 875 577 et
890 555 1012 585 arcum
1030 551 1065 577 et
1084 545 1245 585 gladium
1258 551 1294 576 et
1309 545 1444 576 bellum
1461 543 1626 584 frangam
1641 543 1686 574 de
1699 549 1806 580 terra,

494 616 502 622 .
517 616 524 623 .
538 615 546 623 .
560 596 612 622 .et
627 590 859 630 desponsabo
876 595 911 621 te
929 588 1020 621 Mihi
1037 589 1075 620 in
1092 594 1292 625 aeternum,
1309 594 1344 620 et
1360 589 1591 628 desponsabo
1609 592 1644 618 te
1662 586 1754 618 Mihi
1772 586 1809 617 in

487 634 630 675 justitia
653 640 689 665 et
713 633 750 665 in
773 633 920 674 judicio,
943 638 980 664 et
1003 632 1040 664 in
1065 632 1313 664 misericordia
1331 637 1367 663 et
1390 632 1428 663 in
1448 630 1752 668 miserationibus,
1776 636 1811 661 et

489 678 717 719 desponsabo
734 683 769 709 te
788 676 878 708 Mihi
895 676 932 708 in
948 676 1102 708 veritate
1113 675 1131 688 ’¹
1148 675 1287 716 (Hosclz.
1304 675 1340 708 ii.
1360 676 1411 713 18,
1431 673 1499 717 19[‚
1515 672 1609 716 20]);

313 779 392 818 per
420 766 586 807 “ferire
617 766 774 807 foedus
799 779 902 807 cum
932 765 1080 806 bestia
1110 764 1207 818 agri
1237 770 1284 805 et
1310 777 1412 805 cum
1439 778 1522 804 ave
1548 762 1778 804 caelorum
1789 760 1810 776 ”

313 828 593 882 significatur
605 842 707 870 cum
721 826 1031 870 affeffionibus
1045 828 1151 869 boni
1165 833 1212 869 et
1227 840 1328 868 cum
1342 828 1459 868 veris
1474 825 1780 880 spiritualibus
1799 839 1808 876 ;

314 905 415 934 cum
437 891 506 932 his
524 892 643 932 enim
661 891 950 945 conjungitur
966 891 1189 932 Dominus
1210 890 1396 939 homini,
1415 896 1486 931 est
1505 890 1624 930 enim
1648 889 1808 929 Domi-

313 967 395 995 nus
432 955 477 995 in
513 955 566 995 iis
603 955 722 1009 apud
758 954 911 1005 illum;
953 968 1090 1008 quare
1121 954 1283 995 dicitur
1316 956 1458 994 “curn
1494 952 1582 993 illis
1619 952 1809 994 foedus'’

315 1016 363 1071 (⁴⁶
378 1017 536 1058 foedus
550 1017 569 1033 ’'
609 1024 679 1059 est
720 1016 1018 1072 conjunctio)
1085 1016 1220 1071 Quod
1263 1020 1288 1037 “
1303 1016 1478 1058 bestiae
1493 1016 1512 1032 ’¹
1552 1015 1810 1069 significent

313 1079 572 1122 affectiones
589 1081 710 1130 boni,
730 1088 777 1122 et
797 1081 972 1122 “aves”
989 1080 1250 1135 spiritualia,
1270 1080 1315 1120 in
1337 1079 1630 1133 sequentibus
1652 1079 1696 1119 in
1719 1080 1810 1119 suis

312 1143 512 1184 articulis
535 1143 668 1198 plene
691 1144 972 1185 ostendetur.
1035 1143 1263 1197 Quoniam
1283 1142 1464 1196 “adeps
1474 1142 1494 1157 ‘'
1515 1143 1560 1183 in
1583 1141 1810 1183 sacrificiis

314 1206 599 1260 significabat
622 1202 836 1248 Divinum
855 1207 1032 1248 Bonum
1050 1213 1097 1248 et
1118 1210 1144 1227 ‘⁶
1157 1205 1372 1259 sanguis”
1388 1205 1602 1246 Divinum
1620 1205 1807 1254 Verum,

313 1277 551 1324 utrumque
588 1284 614 1311 a
651 1270 865 1320 Domino,
899 1284 950 1311 ac
990 1277 1229 1324 utrumque
1266 1275 1500 1323 receptum
1538 1269 1596 1309 ab
1626 1268 1810 1309 homine

312 1333 506 1374 faciebat
522 1331 901 1386 conjunctionem,
918 1333 1021 1374 ideo
1038 1333 1313 1387 prohibitum
1330 1332 1411 1374 fuit
1429 1332 1624 1386 posteris
1636 1331 1808 1385 jacobi,

312 1410 391 1445 seu
414 1396 597 1450 judaeis
623 1403 670 1438 et
698 1396 930 1446 Israelitis,
959 1396 1200 1438 comedere
1226 1395 1367 1437 ullum
1389 1395 1569 1449 adipem
1595 1401 1642 1436 et
1669 1394 1811 1435 ullum

313 1460 583 1513 sanguinem

378 1554 566 1595 (Videatur
580 1555 691 1588 Levit.
709 1556 759 1588 iii.
779 1564 838 1595 17:
864 1565 941 1597 cap.
957 1556 1018 1588 vii.
1036 1544 1164 1595 23—27;
1189 1565 1266 1596 cap.
1283 1555 1367 1588 xvii.
1387 1563 1511 1595 11—14:
1536 1555 1660 1587 Deutr.
1677 1554 1738 1586 xii.
1758 1561 1807 1592 17,

487 1607 615 1639 23-25;
640 1609 718 1640 cap.
733 1610 790 1632 xv.
806 1600 880 1640 23):

313 1700 449 1728 causa
475 1694 586 1736 erat,
614 1688 717 1742 quia
747 1702 861 1742 gens
892 1688 971 1729 illa
997 1702 1087 1730 non
1119 1688 1163 1729 in
1190 1688 1340 1742 aliquo
1370 1688 1493 1729 bono
1519 1687 1698 1736 amoris,
1728 1700 1810 1728 nec

313 1751 357 1790 in
383 1750 534 1804 aliquo
559 1765 669 1792 vero
694 1752 802 1792 boni
829 1752 924 1801 fuit,
953 1753 1033 1793 sed
1059 1753 1104 1793 in
1129 1751 1252 1793 falsis
1278 1751 1410 1802 mali;
1443 1758 1490 1792 et
1519 1751 1738 1805 “adipem
1764 1757 1812 1792 et

313 1814 580 1867 sanguinem
599 1815 837 1856 comedere
848 1815 868 1831 ’‘
882 1816 1002 1869 apud
1019 1815 1121 1856 illos
1139 1814 1414 1868 significaret
1432 1815 1811 1856 commixtionem

312 1877 405 1917 veri
428 1891 487 1918 ex
509 1877 630 1918 bono
652 1891 754 1919 cum
776 1878 890 1919 falso
912 1892 972 1919 ex
994 1878 1129 1928 malo,
1153 1878 1273 1932 quod
1296 1885 1366 1919 est
1393 1878 1674 1932 profanatio;
1707 1878 1812 1918 inde

312 1953 490 1994 quoque
512 1947 726 1982 constare
748 1947 903 1995 potest
927 1942 1047 1996 quod
1070 1955 1149 1995 per
1173 1942 1480 1995 “sanguinem
1492 1941 1512 1956 ’'
1534 1940 1813 1994 significetur

313 2000 530 2042 Divinum
548 2001 737 2043 Verum.
786 2014 899 2051 (Quod
912 2011 1052 2051 “adeps''
1066 2023 1124 2043 seu
1137 2011 1342 2052 '‘pinguedo''
1355 2014 1388 2043 in
1400 2014 1509 2043 Verbo
1521 2013 1677 2051 significet
1689 2013 1813 2042 bonum

311 2060 437 2095 amoris,
459 2060 604 2090 videatur
624 2070 656 2091 n.
679 2068 748 2099 353,
770 2069 860 2100 5943,
874 2062 964 2100 6409.
982 2071 1097 2100 10033;
1120 2067 1151 2092 et
1172 2063 1261 2100 quod
1282 2063 1398 2102 Judaei
1420 2067 1452 2092 et
1474 2062 1635 2092 Israelitae
1655 2062 1758 2091 solum
1781 2062 1814 2091 in

311 2105 447 2134 externis
462 2110 493 2134 et
507 2115 573 2135 non
594 2106 626 2135 in
648 2106 777 2136 internis
798 2107 923 2142 fuerint,
939 2112 970 2136 et
992 2108 1066 2137 inde
1081 2117 1147 2137 non
1168 2107 1200 2136 in
1214 2108 1295 2137 veris
1310 2112 1341 2137 et
1361 2107 1454 2137 bonis
1467 2107 1692 2145 spiritualibus,
1708 2107 1764 2136 sed
1781 2107 1814 2136 in

311 2150 395 2179 salsis
410 2151 493 2186 mali,
510 2155 541 2180 et
555 2152 644 2189 quod
662 2152 771 2181 omnia
785 2153 889 2182 cultus
904 2161 1015 2182 eorum
1038 2153 1153 2182 fuerint
1167 2158 1298 2182 externa
1311 2158 1456 2191 separata
1470 2154 1512 2182 ab
1526 2153 1711 2187 internisset
1725 2153 1814 2190 quod

311 2204 413 2233 usque
426 2205 484 2234 per
497 2201 628 2226 externa
642 2202 877 2234 repraesentare
891 2198 1051 2235 potuerint
1065 2198 1189 2227 interna
1203 2198 1316 2232 cultus.
1329 2198 1474 2228 videatur
1487 2198 1520 2227 in
1533 2198 1694 2227 Dotirina
1703 2199 1814 2227 Novae

312 2245 556 2284 Hisrosohaemae,
570 2255 601 2276 n.
615 2247 700 2285 248.)
768 2236 999 2290 Quoniam
1027 2238 1252 2291 “sanguis
1265 2237 1285 2253 ”
1310 2238 1355 2279 in
1380 2237 1610 2279 sacrificiis
1636 2236 1811 2290 signifi—

312 2296 449 2338 cabat
477 2297 694 2339 Divinum
721 2298 907 2348 Verum,
935 2299 1039 2340 ideo
1065 2299 1204 2341 etiam

377 2392 410 2424 V
412 2392 538 2425 etitum
550 2393 622 2426 illis
634 2394 700 2426 fuit
712 2395 914 2427 sacrificare
926 2406 1034 2436 super
1047 2396 1264 2428 fermentato
1276 2396 1492 2437 sanguinem
1504 2396 1670 2429 sacrificii
1680 2395 1808 2436 (Exod.

486 2437 587 2470 xxiii.
605 2438 643 2469 18
657 2447 664 2477 ;
689 2448 766 2479 cap.
781 2439 902 2472 xxxiV.
917 2439 973 2481 25)
987 2450 994 2478 ;

313 2547 392 2588 per
424 2534 767 2577 “fermentum”
799 2537 918 2587 enim
955 2537 1236 2591 significatur
1272 2537 1447 2588 falsum,
1483 2545 1531 2580 et
1568 2552 1647 2592 per
1686 2537 1811 2578 “fer-

312 2596 604 2637 mentatum”
634 2611 791 2638 verum
821 2598 1111 2649 falsificatum
1143 2610 1303 2649 (videatur
1321 2619 1352 2640 n.
1374 2620 1463 2649 2342,
1483 2611 1573 2648 7906,
1590 2613 1682 2647 8051,
1700 2610 1811 2647 9992).

313 2657 460 2699 Causa
474 2658 596 2712 quod
610 2658 760 2701 “Caro
776 2660 982 2701 Domini”
995 2661 1219 2714 significet
1236 2661 1448 2703 Divinum
1465 2662 1641 2703 Bonum
1659 2662 1811 2702 Divini

311 2720 512 2771 Amoris,
537 2728 583 2763 et
608 2723 731 2776 quod
756 2723 990 2777 “Sanguis
1019 2725 1164 2778 Ipsius
1176 2725 1195 2740 ’'
1221 2725 1448 2779 significet
1479 2726 1692 2766 Divinum
1716 2725 1812 2766 Ve-

310 2797 407 2825 rum
430 2785 684 2838 procedens
706 2800 765 2827 ex
787 2786 867 2828 illo
890 2787 1033 2836 Bono,
1058 2794 1128 2830 est
1150 2789 1253 2842 quia
1274 2789 1364 2829 duo
1385 2795 1491 2830 sunt
1514 2802 1628 2842 quae
1651 2801 1811 2841 proce-

311 2847 424 2888 dunt
451 2861 510 2888 ex
538 2848 705 2890 Divino
733 2849 948 2892 Humano
976 2850 1173 2901 Domini,
1199 2865 1363 2905 nempe
1391 2852 1604 2892 Divinum
1632 2851 1809 2892 Bonum

311 2917 358 2951 et
391 2910 603 2952 Divinum
631 2912 829 2964 Verum;
856 2914 948 2969 ‘hoc
982 2915 1086 2956 inde
1117 2922 1188 2956 est
1221 2915 1414 2969 Sanguis
1447 2916 1591 2969 Ipsius
1620 2922 1667 2956 et
1698 2915 1810 2956 illud

311 2979 382 3014 est
414 2973 531 3015 Caro
564 2975 719 3029 Ipsius.
782 2977 834 3017 Id
862 2978 980 3031 quod
1013 2979 1218 3031 procedit
1251 2986 1321 3020 est
1355 2979 1566 3019 Divinum
1594 2977 1806 3019 Caeleste

310 3043 356 3078 et
385 3036 597 3079 Divinum
623 3037 879 3093 Spirituale,
907 3055 1021 3095 quae
1053 3041 1222 3084 faciunt
1249 3042 1401 3083 caelos
1427 3043 1471 3082 in
1498 3042 1727 3083 communi
1758 3048 1806 3083 et
