2060 3476
403 359 484 414 556
814 368 1146 402 APOCALYPSIS
1177 368 1477 402 EXPLICATA.

467 484 489 497 ⁴⁴
501 478 716 514 Benedieius
742 481 919 514 Dominus
938 482 1034 514 Deus
1053 481 1207 520 Israelis,
1228 482 1322 523 quod
1345 480 1505 513 inviserit
1521 486 1556 511 et
1573 480 1760 512 redemerit
1776 489 1885 521 popu-

572 526 643 557 lum
655 535 771 563 suum,
785 531 820 557 et
831 526 982 557 erexerit
992 535 1103 557 cornu
1114 525 1236 557 salutis
1248 526 1282 556 in
1294 525 1402 556 domo
1416 523 1578 556 Davidis.
1593 548 1601 556 .
1614 548 1622 555 .
1637 533 1663 562 .;
1681 529 1719 556 ut
1728 529 1887 555 servaret

572 579 638 601 nos
656 579 699 600 ex
716 569 868 601 inimicis
886 569 1018 601 nostris
1029 569 1047 581 ’'
1064 569 1100 610 (i.
1115 569 1168 607 68,
1182 569 1235 610 69,
1251 566 1359 608 [¹171);

398 646 711 699 propheticum
753 646 998 686 Zachariae
1039 646 1094 686 de
1141 645 1338 686 Domino
1383 649 1430 685 et
1476 643 1620 698 Ipsius
1659 642 1883 684 adventu:

399 712 576 750 “cornu
601 707 760 749 salutis
785 709 829 749 in
853 709 990 749 domo
1017 707 1234 749 Davidis‘’
1256 705 1481 759 significat
1507 706 1886 759 omnipotentiam

396 771 601 812 salvandi
632 785 711 825 per
743 771 954 812 Divinum
987 770 1158 811 Verum
1190 784 1249 810 ex
1282 769 1447 810 Divino
1477 768 1634 819 Bono;
1680 767 1887 809 “cornu”

397 839 466 874 est
485 833 562 874 illa
577 834 923 887 omnipotentia,
942 833 1133 874 “domus
1149 832 1336 873 Davidis
1347 831 1366 847 ”
1381 837 1452 873 est
1470 830 1662 872 ecclesia
1677 830 1884 871 Domini:

399 896 644 945 ⁴‘inimici‚'’
670 910 729 937 ex
756 897 913 950 quibus
945 901 1160 944 servaret,
1189 901 1294 936 sunt
1324 893 1436 935 falsa
1466 893 1598 945 mali;
1630 900 1735 934 sunt
1768 894 1887 934 enim

396 958 508 1000 haec
547 959 713 1000 inimici
750 973 809 999 ex
847 958 1005 1012 quibus
1042 958 1263 999 Dominus
1300 963 1451 999 servat
1488 956 1589 998 illos
1622 957 1696 1010 qui
1734 956 1887 1010 Ipsum

396 1022 646 1075 recipiunt3
679 1022 797 1075 quod
825 1035 915 1061 non
942 1021 1016 1062 alii
1046 1021 1211 1062 inimici
1242 1020 1404 1062 suerint
1430 1034 1456 1061 a
1480 1020 1638 1074 quibus
1668 1019 1888 1060 Dominus

397 1085 594 1125 servavit
614 1084 715 1124 illos
731 1085 804 1137 qui
823 1084 882 1124 ibi
900 1083 1214 1137 intelliguntur
1227 1097 1306 1138 per
1319 1082 1534 1137 populum
1553 1082 1712 1135 Ipsius,
1729 1087 1887 1123 notum

397 1153 480 1188 est.
542 1146 679 1200 Apud
705 1147 916 1195 Mz'clzam,

467 1238 489 1250 ‘⁴
501 1236 612 1276 Surge
629 1244 664 1268 et
681 1237 817 1273 tritura,
838 1236 909 1268 filia
925 1235 1058 1274 Zionis‚
1075 1236 1158 1277 quia
1173 1245 1284 1268 cornu
1301 1241 1398 1267 tuum
1417 1235 1544 1266 faciam
1562 1234 1706 1272 ferrum,
1726 1239 1762 1266 et
1776 1243 1890 1275 ungu-

573 1281 626 1311 las
643 1286 722 1311 tuas
740 1280 866 1311 faciam
884 1290 957 1318 aes,
977 1286 1015 1312 ut
1032 1279 1254 1311 comminuas
1271 1279 1423 1320 populos
1441 1279 1572 1310 multos
1583 1277 1601 1290 '¹
1618 1278 1678 1317 (iv.
1697 1277 1769 1317 13):

401 1359 426 1376 “
440 1354 582 1409 Surge
600 1362 647 1397 et
665 1357 838 1405 tritura,
858 1355 948 1396 filia
967 1355 1158 1405 Zionis‚”
1176 1354 1401 1409 significat
1420 1354 1762 1408 dissipationem
1782 1353 1888 1394 mali

399 1419 517 1472 apud
540 1419 641 1459 illos
659 1419 732 1472 qui
751 1419 808 1459 ab
827 1418 1020 1460 ecclesia
1041 1417 1088 1472 (“
1102 1419 1311 1460 triturare
1323 1417 1342 1434 ''
1360 1423 1429 1458 est
1449 1417 1679 1470 dissipare,
1699 1422 1746 1457 et
1763 1415 1890 1456 “filia

399 1481 582 1522 Zionis’'
604 1488 674 1523 est
697 1481 890 1522 ecclesia
912 1495 1026 1535 quae
1052 1481 1095 1522 in
1117 1479 1352 1522 affeffi‘cione
1374 1478 1500 1533 boni)
1520 1493 1529 1530 ;
1565 1482 1742 1520 “cornu
1763 1485 1889 1520 tuum

398 1545 559 1585 faciam
574 1544 775 1594 ferrum,'’
787 1543 1011 1597 significat
1027 1544 1239 1584 Divinum
1251 1543 1422 1584 Verum
1433 1542 1631 1583 validum
1646 1548 1692 1583 et
1706 1547 1888 1595 potens:

401 1607 545 1648 simile
564 1607 789 1660 significat
807 1607 1038 1660 “ungulas
1057 1613 1157 1647 tuas
1175 1606 1335 1647 faciam
1354 1620 1430 1646 aes
1448 1605 1481 1657 ;’'
1506 1609 1532 1626 “
1545 1604 1772 1658 ungulae”
1786 1611 1890 1646 sunt

399 1684 506 1711 vera
528 1671 572 1710 in
595 1670 788 1711 ultimis:
816 1674 902 1711 “ut
925 1670 1205 1710 comminuas
1228 1668 1420 1722 populos
1443 1667 1651 1717 multos,''
1666 1666 1891 1721 significat

401 1739 448 1774 ut
482 1733 715 1786 dispergas
746 1733 871 1781 falsa,
909 1736 933 1753 “
950 1732 1102 1786 populi
1118 1732 1137 1747 ''
1169 1733 1287 1773 enim
1321 1731 1639 1785 praedicantur
1669 1730 1725 1771 de
1758 1728 1889 1779 veris',

400 1803 446 1837 et
473 1797 517 1836 in
545 1797 756 1850 opposito
782 1809 917 1836 sensu
943 1795 999 1836 de
1024 1795 1159 1836 falsis.
1220 1794 1358 1848 Apud
1385 1793 1663 1842 Sachariam,

469 1888 490 1900 ‘¹
502 1885 583 1917 Vidi
600 1891 635 1916 et
652 1895 731 1917 ecce
749 1891 899 1926 quatuor
912 1895 1045 1916 cornua
1049 1909 1141 1922 .....
1150 1894 1239 1925 quae
1256 1884 1501 1924 disperserunt
1516 1882 1703 1925 Jehudam,
1720 1882 1889 1914 Israelem

574 1936 610 1961 et
623 1929 926 1969 Hierosolymam.
959 1928 1126 1960 Ostendit
1140 1928 1242 1959 mihi.
1257 1952 1264 1959 .
1278 1933 1444 1968 .quatuor
1454 1927 1586 1964 fabros,
1598 1951 1605 1958 .
1620 1951 1628 1958 .
1641 1932 1692 1959 ,et
1705 1926 1804 1964 dixit,
1818 1925 1893 1958 Ista

573 1982 708 2004 cornua
719 1982 808 2013 quae
825 1973 1070 2013 disperserunt
1082 1971 1270 2013 Jehudam‚
1285 1971 1375 2002 sicut
1387 1971 1441 2002 vir
1454 1980 1527 2001 non
1543 1969 1636 2001 tollit
1651 1975 1756 2010 caput
1772 1979 1888 2007 suum,

575 2022 752 2047 venerunt
775 2016 812 2047 hi
836 2016 881 2047 ad
905 2016 1110 2047 terrendum
1131 2015 1222 2052 illos,
1241 2014 1286 2046 ad
1309 2013 1546 2054 dejiciendum
1566 2023 1699 2044 cornua
1716 2012 1888 2053 gentium.

574 2059 814 2091 attollentium
832 2069 943 2090 cornu
959 2065 1084 2090 contra
1101 2064 1230 2090 terram
1242 2057 1412 2100 Jehudae,
1428 2057 1474 2089 ad
1490 2056 1765 2097 dispergendum
1782 2066 1861 2088 eam
1874 2055 1892 2068 ’'

574 2103 624 2142 (ii.
640 2112 701 2142 1-4
720 2101 780 2145 [B.
794 2104 840 2135 A.
860 2103 882 2135 i.
903 2100 1060 2144 18-21]);

401 2179 668 2220 describitur
699 2192 777 2232 per
807 2178 883 2219 illa
914 2177 1115 2218 vastatio
1146 2176 1380 2225 ecclesiae,
1408 2181 1455 2217 et
1487 2175 1590 2216 dein
1622 2175 1893 2216 restauratio

402 2241 519 2295 ejus:
554 2255 633 2295 per
661 2241 936 2294 “Jehudam,
972 2240 1188 2281 Israelem
1219 2246 1265 2280 et
1299 2238 1667 2291 Hierosolymam
1679 2238 1698 2253 '’
1724 2237 1893 2291 signifi-
1931 2247 1934 2250 ⁴

403 2310 530 2345 eatur
546 2303 740 2344 ecclesia
758 2310 804 2344 et
822 2303 914 2356 ejus
933 2301 1138 2344 doctrina
1155 2316 1164 2354 ;
1201 2306 1226 2322 “
1239 2301 1437 2343 cornua''
1455 2315 1568 2354 quae
1586 2301 1892 2354 disperserunt

403 2367 519 2415 illos,
534 2366 791 2419 significant
806 2366 918 2407 falsa
932 2366 1038 2406 mali
1053 2379 1166 2419 quae
1181 2364 1421 2406 ecclesiam
1435 2370 1672 2405 vastarunt
1691 2378 1700 2415 ;
1723 2364 1862 2404 “fabri
1874 2363 1894 2379 ”

404 2429 661 2483 significant
680 2429 840 2469 similia
854 2443 967 2483 quae
985 2429 1160 2477 serrum,
1178 2441 1341 2481 nempe
1357 2440 1511 2468 verum
1529 2427 1573 2467 in
1591 2426 1759 2467 ultimis
1773 2426 1894 2480 quod

402 2492 601 2533 validum
625 2499 671 2533 et
695 2499 874 2545 potens,
894 2492 958 2532 ita
980 2491 1142 2532 similia
1165 2505 1278 2545 quae
1299 2494 1475 2531 “cornu
1497 2490 1684 2530 ferreum
1702 2489 1736 2540 ;”
1758 2503 1894 2543 quare

403 2556 565 2597 dicitur
603 2555 658 2596 de
695 2554 796 2603 illis,
839 2554 1115 2596 “Venerunt
1152 2554 1197 2595 hi
1215 2586 1223 2595 .
1243 2586 1251 2594 .
1271 2586 1280 2594 .
1298 2553 1355 2594 ad
1393 2552 1689 2605 dejiciendum
1727 2565 1894 2592 cornua

405 2619 625 2672 gentium,
639 2617 950 2659 attollentium
969 2631 1109 2658 cornu
1126 2623 1287 2658 contra
1304 2623 1469 2657 terram
1483 2615 1685 2668 Jehudae
1702 2614 1735 2665 ;”
1755 2618 1780 2635 ‘⁴
1793 2628 1892 2656 cor-

404 2695 492 2722 nua
528 2681 732 2734 gentium
744 2680 764 2696 '’
795 2687 900 2721 sunt
936 2680 1048 2721 falsa
1084 2680 1190 2720 mali
1221 2693 1335 2733 quae
1365 2684 1603 2719 vastarunt
1636 2677 1890 2726 ecclesiam,

405 2757 519 2798 quae
545 2743 805 2797 dissipanda
830 2749 935 2785 sunt
962 2748 1010 2783 ut
1037 2748 1325 2783 restauretur.
1387 2742 1439 2782 In
1474 2740 1676 2790 Threnis,

472 2835 495 2849 ‘⁴
507 2833 698 2865 Dominus.
712 2857 720 2865 .
734 2857 741 2864 .
756 2833 944 2865 ‚destruxit
955 2833 991 2864 in
1003 2832 1299 2864 excandescentia
1309 2841 1373 2863 sua
1385 2831 1607 2862 munimenta
1617 2830 1709 2862 filiae
1720 2829 1890 2872 Jehudae,

577 2876 727 2917 projecit
743 2876 779 2907 in
797 2882 939 2913 terram,
955 2876 1159 2916 profanavit
1175 2884 1324 2915 regnum
1342 2881 1377 2906 et
1393 2875 1569 2915 principes
1586 2874 1675 2914 ejus,
1691 2873 1839 2905 abscidit
1857 2873 1893 2904 in

577 2920 873 2952 excandescentia
889 2920 961 2951 irae
979 2929 1086 2951 omne
1103 2929 1214 2951 cornu
1233 2918 1377 2950 Israelis
1390 2918 1408 2930 ’¹
1424 2918 1473 2958 (ii.
1492 2915 1558 2960 [2,]
1578 2918 1632 2958 3);

404 2997 552 3050 agitur
583 2996 642 3037 ibi
673 2995 729 3037 de
755 2996 1013 3037 vastatione
1040 2994 1258 3036 ecclesiae
1285 2993 1443 3035 totali:
1479 2993 1686 3035 ultimum
1713 2999 1891 3046 tempus
