2060 3476
725 361 833 395 CAP.
857 362 903 403 1.,
926 360 1066 399 VERs.
1096 342 1267 405 15.—N.
1290 360 1359 405 71.
1739 349 1792 401 83

288 483 335 519 et
362 477 509 519 adhuc
535 477 610 526 ibi,

357 567 543 608 “Spiritus
560 572 596 599 et
612 567 754 608 Sponsa
769 566 903 605 dicunt,
927 563 1052 608 [Veni]
1070 574 1078 604 ;
1106 564 1166 606 qui
1190 563 1302 602 audit,
1322 564 1418 595 dicat
1434 562 1552 600 Veni:
1577 567 1613 594 et
1637 558 1696 603 qui
1721 560 1796 593 sitit

463 611 583 643 veniat
598 620 605 650 ;
630 617 665 643 et
682 611 741 653 qui
758 611 846 649 vult,
865 610 1015 651 accipiet
1031 618 1162 651 aquam
1180 608 1276 640 vitae
1293 607 1405 648 gratis
1417 606 1436 619 ’'
1453 606 1550 647 (xxii.
1571 605 1635 647 17).

290 690 418 742 Haec
450 700 593 742 allata
623 692 751 750 sunt,
777 706 827 742 ut
858 700 1028 740 sciatur
1058 698 1180 753 quod
1212 711 1291 752 per
1325 700 1502 750 “aquas
1515 695 1534 711 ''
1561 695 1605 736 in
1637 693 1795 735 Verbo

288 763 600 817 significentur
625 778 731 805 vera
756 762 873 812 fidei,
902 769 949 804 et
984 762 1089 803 inde
1121 762 1227 815 quid
1260 774 1339 814 per
1364 772 1528 814 aquam
1555 758 1792 813 Baptismi,

289 828 346 869 de
371 842 460 882 quo
486 829 551 870 ita
577 827 799 869 Dominus
824 827 963 869 docet
992 825 1112 880 apud
1138 824 1425 874 Johannem:

358 921 380 933 ¹⁴
393 919 471 951 Nisi
495 919 605 950 homo
621 924 814 959 generatus
831 917 939 950 fuerit
956 927 1001 949 ex
1016 927 1113 959 aqua
1128 921 1164 948 et
1188 916 1328 957 spiritu,
1349 924 1423 947 non
1449 919 1569 955 potest
1593 912 1733 953 ingredi
1759 912 1794 943 in

464 973 615 1004 regnum
634 963 702 995 Dei
713 962 733 975 ’'
749 963 813 1003 (iii.
832 961 863 1003 5)
879 972 887 1000 ;

292 1055 472 1107 “aquae
484 1052 504 1067 ”
525 1052 586 1094 ibi
608 1058 715 1094 sunt
739 1065 847 1093 vera
863 1050 982 1101 fidei,
1002 1058 1049 1092 et
1070 1049 1322 1105 “spiritus’'
1340 1054 1411 1090 est
1428 1048 1524 1089 vita
1546 1046 1794 1087 secundum

288 1115 366 1156 illa
392 1127 554 1167 (videatur
568 1126 599 1155 in
616 1126 779 1156 Doctrina
793 1127 904 1156 Novae
918 1125 1167 1163 Hierosolymae,
1183 1133 1215 1155 n.
1232 1132 1383 1160 202-209‚
1399 1122 1495 1160 seq.).
1559 1109 1676 1163 Quia
1702 1123 1795 1150 non

289 1185 450 1220 notum
483 1179 628 1220 fuerat
666 1178 789 1233 quod
825 1177 1040 1233 “aquae''
1071 1176 1380 1231 significarent
1412 1189 1519 1216 vera
1559 1174 1676 1223 fidei,
1710 1187 1793 1214 nec

289 1242 411 1296 quod
437 1243 590 1298 omnia
621 1255 736 1296 quae
767 1241 887 1296 apud
919 1240 1034 1282 filios
1061 1240 1242 1282 Israelis
1273 1241 1486 1281 instituta
1511 1238 1690 1279 fuerunt
1722 1251 1794 1278 es-

287 1312 389 1347 sent
421 1306 818 1360 repraesentativa
848 1303 1162 1359 spiritualium,
1190 1304 1293 1345 ideo
1321 1303 1544 1345 creditum
1576 1308 1647 1343 est
1673 1302 1795 1356 quod

287 1383 366 1423 per
392 1369 647 1410 lavationes
674 1368 762 1410 illis
785 1369 1028 1410 mandatas
1050 1368 1258 1409 abstersa
1282 1367 1446 1408 fuerint
1473 1366 1560 1407 illis
1586 1372 1792 1419 peccata,

287 1446 389 1474 cum
421 1439 576 1475 tamen
608 1446 665 1475 ne
697 1432 867 1484 hilum;
907 1432 1316 1487 repraesentabant
1349 1430 1487 1471 modo
1518 1430 1793 1484 purificatio-

287 1510 390 1538 nem
417 1511 442 1538 a
465 1497 595 1539 malis
618 1503 664 1539 et
691 1496 817 1538 falsis
843 1510 922 1551 per
943 1510 1050 1537 vera
1076 1495 1179 1538 fidei
1205 1501 1252 1536 et
1275 1496 1418 1536 vitam
1442 1493 1689 1534 secundum
1716 1492 1795 1534 illa

287 1567 446 1606 (videatur
459 1569 491 1598 in
505 1569 648 1599 Arcanis
667 1569 865 1603 caelestibus,
881 1577 912 1598 n.
928 1577 1019 1606 3147,
1034 1575 1124 1606 5954,
1143 1576 1251 1606 10237,
1270 1567 1395 1606 10240).
1471 1555 1547 1596 EX
1579 1554 1649 1596 his
1675 1567 1793 1595 nunc

286 1628 415 1676 patet
439 1622 560 1677 quod
586 1636 665 1676 per
690 1621 930 1671 “vocem,'’
953 1635 1068 1675 quae
1091 1622 1206 1663 sicut
1233 1624 1363 1661 “vox
1386 1631 1603 1673 aquarum
1626 1617 1794 1659 multa-

287 1686 425 1735 rum,’‘
443 1686 728 1740 intelligatur
746 1685 959 1727 Divinum
978 1685 1150 1727 Verum
1168 1699 1177 1736 ;
1206 1690 1254 1726 ut
1274 1697 1451 1739 quoque
1470 1682 1589 1737 apud
1606 1681 1794 1723 Ezechi-

286 1749 406 1799 elem,

356 1839 378 1852 ‘¹
392 1838 480 1870 Ecce
504 1838 620 1878 gloria
645 1838 711 1870 Dei
738 1837 881 1874 Israelis
898 1838 999 1869 venit
1022 1847 1044 1869 a
1060 1837 1118 1869 via
1141 1837 1304 1874 orientis,
1325 1842 1361 1868 et
1377 1846 1448 1867 vox
1473 1835 1591 1878 Ipsius
1616 1835 1707 1867 sicut
1723 1845 1795 1866 vox

460 1892 632 1924 aquarum
646 1882 850 1920 multarum,
870 1888 906 1914 et
922 1887 1018 1914 terra
1034 1882 1213 1914 illustrata
1229 1891 1250 1912 a
1266 1881 1382 1922 gloria
1400 1878 1518 1921 Ipsius
1529 1879 1548 1892 '’
1565 1879 1664 1920 (xliii.
1682 1877 1769 1919 [¹]2);

286 1970 406 2024 apud
433 1969 673 2019 Davidem,

356 2061 470 2093 “Vox
493 2060 654 2146 Jehoxgae
679 2070 787 2102 super
810 2060 911 2102 aquis
916 2084 1010 2098 .....
1016 2059 1182 2102 Jehovah
1206 2068 1314 2099 super
1337 2058 1439 2100 aquis
1469 2057 1590 2090 multis
1600 2056 1620 2070 '’
1643 2056 1792 2098 (Psalm-

462 2115 559 2137 xxix.
576 2114 595 2144 3
625 2114 633 2143 ;

287 2198 334 2234 et
361 2193 406 2233 in
434 2191 727 2246 sequentibus
753 2192 798 2232 in
823 2190 1113 2244 Apocalypsi,

358 2284 381 2297 ‘⁸
392 2282 525 2314 Audivi
542 2292 666 2314 vocem
683 2292 703 2314 e
720 2282 818 2313 caelo
836 2288 1005 2323 tanquam
1023 2291 1149 2312 vocem
1167 2290 1338 2322 aquarum
1357 2280 1550 2312 multarum
1563 2278 1581 2292 ’'
1598 2278 1683 2321 (xiv.
1702 2285 1745 2320 2).

288 2370 392 2413 Scio
423 2372 543 2425 quod
575 2371 777 2412 miraturi
809 2371 900 2412 sint
933 2363 1116 2424 quidam
1148 2383 1285 2424 quare
1317 2370 1361 2410 in
1395 2369 1552 2410 Verbo
1581 2369 1782 2423 “aquae’

288 2436 594 2484 nominantur,
618 2442 664 2476 et
688 2448 780 2476 non
802 2449 912 2475 vera
925 2433 1053 2488 fidei,
1078 2447 1180 2474 cum
1203 2439 1360 2474 tamen
1382 2432 1586 2474 Verbum
1610 2433 1794 2474 docebit

288 2499 520 2540 hominem
560 2499 616 2539 de
655 2500 751 2540 vita
791 2497 1012 2551 spirituali
1053 2497 1146 2550 ejus
1167 2511 1176 2548 ;
1228 2503 1275 2538 et
1316 2497 1352 2538 si
1392 2511 1499 2537 vera
1543 2496 1646 2537 fidei
1692 2496 1794 2538 loco

291 2559 576 2616 ‘²aquarum'’
603 2561 724 2603 dieta
749 2562 954 2610 fuissent,
984 2561 1191 2602 scivisset
1221 2560 1360 2601 homo
1386 2561 1506 2614 quod
1533 2574 1624 2614 non
1651 2575 1794 2614 aquae

289 2625 513 2679 Baptismi
539 2631 586 2667 et
618 2615 905 2666 lavationum
932 2624 1101 2678 aliquid
1127 2624 1184 2664 ad
1211 2624 1571 2678 purificationem
1598 2624 1793 2665 hominis

290 2703 317 2731 a
338 2688 470 2729 malis
493 2695 540 2730 et
562 2688 684 2729 falsis
706 2688 950 2729 fecissent:
985 2687 1065 2728 sed
1089 2688 1321 2728 sciendum
1345 2693 1415 2728 est
1434 2688 1554 2741 quod
1573 2687 1792 2735 Verbum,

289 2760 339 2795 ut
366 2753 579 2794 Divinum
602 2753 675 2801 sit,
700 2758 747 2793 et
774 2751 907 2792 simul
935 2765 1017 2805 pro
1041 2751 1171 2792 caelo
1197 2757 1244 2792 et
1271 2765 1352 2805 pro
1374 2751 1582 2800 ecclesia,
1607 2752 1794 2793 omnino

289 2816 495 2857 naturale
523 2816 607 2857 erit
633 2816 677 2855 in
705 2814 887 2866 littera;
922 2828 1027 2855 narn
1055 2815 1139 2855 nisi
1169 2814 1376 2856 naturale
1403 2821 1524 2856 esset
1551 2816 1595 2855 in
1622 2815 1791 2863 littera,

288 2893 381 2921 non
417 2879 534 2920 foret
573 2892 652 2933 per
688 2877 1096 2932 illud'conjunGtio
1134 2878 1250 2919 caeli
1289 2891 1390 2936 cum
1429 2878 1636 2927 ecclesia,
1676 2878 1792 2918 foret

289 2943 410 2984 enim
436 2944 553 2984 sicut
576 2942 738 2983 domus
760 2942 931 2996 absque
957 2942 1270 2991 fundamento,
1295 2948 1342 2983 et
1370 2943 1486 2983 sicut
1509 2943 1660 2982 anima
1686 2941 1792 2981 abs-

289 3020 375 3061 que
405 3019 619 3060 corpore;
653 3005 814 3046 ultima
846 3007 965 3047 enim
999 3005 1279 3047 concludunt
1312 3007 1463 3047 omnia
1496 3006 1710 3046 interiora
1743 3011 1790 3046 et
