2060 3476
686 379 792 413 CAP.
814 379 894 420 1v.,
917 377 1056 411 VERs.
1083 376 1252 409 11.—N.
1277 378 1370 421 293.
1687 367 1771 419 487

283 497 419 537 homo
446 490 565 536 enim
591 508 650 536 ex
676 498 909 548 potestate
936 491 1101 533 Divina
1125 490 1404 538 reformatur,
1428 494 1474 530 et
1501 484 1604 529 dein
1630 488 1770 528 intro-

279 558 454 599 ducitur
470 558 514 598 in
533 556 721 605 caelum,
739 562 787 597 et
808 555 868 596 ibi
890 554 1118 595 detinetur
1134 567 1161 594 a
1183 552 1303 593 malo
1321 558 1367 592 et
1385 551 1499 592 falso
1517 564 1567 592 ac
1592 556 1772 592 tenetur

280 621 324 661 in
351 620 472 661 bono
495 626 541 660 et
563 633 696 669 vero;
725 618 811 658 hoc
835 629 969 658 nemo
991 621 1145 669 potest
1168 615 1251 655 nisi
1274 614 1395 655 solus
1418 613 1664 654 Dominus:
1698 612 1772 665 qui

278 683 360 723 sibi
382 688 662 736 potestatem
683 680 806 721 illam
827 679 1074 727 vindicant,
1093 677 1156 718 illi
1179 690 1358 731 prorsus
1382 689 1471 717 non
1495 676 1642 716 sciunt
1664 674 1769 728 quid

278 744 484 793 salvatio,
509 757 613 784 nam
639 756 729 784 non
755 742 902 782 sciunt
927 741 1032 795 quid
1050 740 1331 787 'reformatio,
1355 752 1437 779 nec
1464 738 1569 791 quid
1596 736 1771 778 caelum

278 806 396 860 apud
433 806 676 847 hominem.
737 804 982 845 Vindicate
1023 803 1105 843 sibi
1146 807 1426 855 potestatem
1465 800 1662 847 Domini,
1701 805 1770 839 est

277 874 556 923 potestatem
583 881 715 921 super
741 867 893 920 Ipsum
921 866 1178 913 Dominum,
1206 877 1320 917 quae
1346 869 1552 917 potestas
1584 868 1772 902 vocatur

279 935 526 985 “potestas
557 930 846 971 tenebrarum
861 928 879 944 ”
908 927 1028 982 (Luc.
1047 925 1194 967 mxxii.
1225 925 1310 980 53).
1381 924 1516 978 Quod
1548 930 1769 978 potestaS,

279 1006 380 1034 cum
407 993 463 1034 de
486 993 698 1040 Domino,
723 990 1028 1045 principaliter
1050 987 1226 1043 spectet
1252 987 1565 1036 salvationem,
1589 991 1770 1027 constat

277 1069 336 1097 ex
362 1055 430 1096 his
455 1054 565 1096 locis
581 1053 790 1107 z—-Apud
812 1053 1079 1102 Johannm,

341 1154 447 1196 Jesus
475 1153 574 1192 dixit,
605 1153 747 1184 “Pater
750 1177 842 1190 .....
850 1150 1009 1183 dedisti”
1035 1150 1124 1182 Filio
1152 1151 1401 1191 “potestatem
1429 1148 1548 1180 omnis
1577 1147 1705 1184 carnis,
1733 1152 1772 1178 ut

450 1207 590 1236 omnes,
611 1206 700 1239 quos
716 1196 846 1228 dedisti
868 1195 953 1236 Ipsi,
974 1195 1034 1226 det
1051 1194 1120 1226 illis
1137 1194 1248 1226 vitam
1268 1199 1451 1224 aeternam
1463 1191 1481 1204 ’¹
1501 1192 1598 1232 (xvii.
1615 1191 1668 1231 2);

276 1271 396 1325 apud
421 1269 630 1319 eundem,

345 1351 368 1365 ‘⁸
379 1350 564 1392 Quotquot
576 1354 786 1389 receperunt
799 1348 895 1379 dedit
908 1347 951 1379 iis
965 1352 1178 1388 potestatem
1190 1352 1229 1378 ut
1242 1345 1304 1377 filii
1318 1345 1385 1377 Dei
1398 1350 1531 1382 essent,
1548 1343 1772 1376 credentibus

450 1394 486 1425 in
508 1403 641 1425 nomen
663 1393 781 1433 Ipsius
792 1391 810 1404 '¹
830 1392 867 1432 (i.
888 1391 962 1432 12);

276 1466 395 1521 apud
421 1466 630 1515 eundem,

345 1546 457 1588 “Ego
477 1555 556 1578 sum
576 1545 679 1584 Vitis,
702 1554 768 1576 vos
789 1544 977 1585 palmites;
1002 1552 1153 1575 manens
1173 1542 1209 1574 in
1232 1541 1293 1574 Me
1311 1547 1348 1573 et
1369 1541 1446 1582 Ego
1470 1541 1506 1572 in
1527 1540 1600 1578 illo,
1622 1539 1679 1571 hic
1702 1539 1772 1571 fert

450 1588 606 1622 fruc'tum
631 1589 804 1628 multum;
837 1589 920 1630 quia
943 1588 1022 1620 sine
1052 1587 1112 1619 Me
1137 1596 1210 1623 non
1235 1585 1384 1627 potestis
1411 1585 1526 1616 facere
1555 1584 1769 1625 quicquam’'

450 1633 522 1674 (xv.
540 1633 571 1674 5)
586 1645 593 1666 ι

277 1707 396 1762 apud
416 1707 635 1756 Marcum,

345 1789 368 1803 “
379 1788 654 1828 obstupuerunt
670 1796 779 1828 super
794 1784 964 1818 doctrina
982 1785 1113 1827 Ipsius,
1133 1790 1212 1816 erat
1228 1784 1326 1816 enim
1343 1784 1480 1816 docens
1497 1783 1581 1815 illos
1598 1789 1637 1815 ut
1654 1788 1774 1824 potes-

452 1837 563 1863 tatem
582 1830 750 1864 habens''
770 1829 806 1871 (i.
831 1830 904 1870 22):

278 1918 324 1954 et
349 1912 468 1966 apud
493 1911 672 1960 Lucam,

345 1992 475 2074 “Cu11(1⁸
490 1997 671 2076 potg)state
691 1997 726 2023 et
746 1990 910 2038 potentia
928 1990 1105 2031 praecipit
1125 1989 1321 2021 immundis
1339 1989 1536 2030 spiritibus,
1557 1995 1593 2020 et
1613 1993 1745 2019 exeunt
1755 1984 1773 1996 ’⁹

466 2046 513 2069 iv.
531 2044 551 2075 3
592 2047 599 2068 z

276 2138 456 2186 praeter
480 2131 576 2172 aliis
608 2131 652 2172 in
679 2130 802 2172 locis.
863 2130 949 2171 Est
975 2144 1152 2184 quoque
1179 2130 1378 2170 Domino
1410 2134 1616 2182 potestas
1642 2141 1773 2181 super

276 2195 440 2243 omnia,
473 2194 575 2248 quia
606 2199 676 2234 est
707 2193 830 2234 solus
862 2193 1012 2244 Deus;
1046 2192 1125 2233 sed
1157 2192 1349 2233 salvatio
1381 2192 1564 2232 humani
1595 2191 1773 2244 generis

276 2263 348 2298 est
374 2255 619 2310 principale
642 2256 899 2309 potestatis,
924 2256 1026 2309 quia
1051 2261 1238 2308 propter
1259 2253 1383 2295 illam
1406 2253 1520 2294 caeli
1547 2259 1592 2294 et
1619 2253 1773 2293 mundi

277 2319 418 2360 creati
445 2325 563 2367 sunt,
591 2331 641 2359 ac
670 2318 746 2358 illa
768 2324 838 2359 est
864 2318 1065 2371 receptio
1098 2317 1248 2358 Divini
1274 2317 1576 2370 procedentis.
1638 2314 1772 2368 Quod

277 2394 358 2434 per
385 2381 599 2434 “Dignus
630 2394 692 2430 es,
721 2380 955 2429 Domine,”
981 2379 1260 2433 significetur
1285 2380 1495 2419 meritum
1528 2385 1574 2419 et
1601 2377 1774 2431 justitia

276 2457 390 2497 quae
416 2443 582 2484 Divino
609 2443 823 2484 Humano
846 2443 1043 2491 Domini,
1067 2448 1137 2483 est
1162 2443 1265 2495 quia
1290 2442 1505 2494 “Dignus
1532 2441 1610 2482 es”
1633 2441 1770 2494 signi-

276 2505 382 2547 ficat
422 2505 542 2559 quod
579 2506 753 2546 meruit.
826 2505 1039 2546 Meritum
1082 2504 1265 2545 Domini
1306 2510 1390 2552 est,
1428 2504 1549 2558 quod
1587 2517 1688 2544 cum
1728 2504 1772 2544 in

276 2568 445 2608 mundo
467 2567 548 2608 fuit
571 2566 876 2620 subjugaverit
898 2567 1082 2615 inferna,
1107 2573 1153 2607 et
1176 2567 1328 2607 omnia
1354 2567 1398 2607 in
1424 2566 1560 2607 caelis
1586 2567 1630 2606 in
1653 2566 1771 2607 ordi-

276 2643 382 2671 nem
413 2630 656 2683 redegerit,
684 2636 730 2670 et
762 2629 881 2683 quod
912 2628 1233 2682 glorificaverit
1268 2629 1529 2669 Humanum
1556 2642 1697 2677 suum,
1725 2635 1771 2669 et

274 2693 361 2733 hoc
379 2706 438 2733 ex
457 2692 635 2745 propria
652 2692 859 2745 potentia
875 2706 884 2742 ;
912 2705 991 2745 per
1005 2692 1090 2732 hoc
1110 2691 1302 2732 salvavit
1317 2705 1375 2732 ex
1391 2705 1558 2744 genere
1573 2691 1772 2732 humano

275 2751 433 2796 or'nnes
468 2754 541 2807 qui
579 2754 768 2795 credunt
805 2754 849 2794 in
887 2754 1053 2807 Ipsum,
1087 2754 1173 2795 hoc
1205 2760 1290 2802 est,
1323 2755 1397 2807 qui
1433 2760 1588 2794 amant
1626 2753 1770 2794 facere

275 2823 520 2870 praecepta
552 2816 697 2870 Ipsius
731 2815 858 2869 (Joh.
882 2816 907 2857 i.
937 2827 998 2863 12,
1028 2816 1112 2870 13).
1180 2816 1282 2857 Hoc
1316 2817 1524 2857 meritum
1557 2816 1694 2856 etiam
1727 2816 1771 2855 in

276 2878 432 2920 Verbo
476 2878 664 2920 vocatur
709 2882 734 2899 ‘⁴
744 2878 957 2932 justitia,”
999 2892 1050 2920 ac
1096 2879 1317 2920 Dominus
1362 2879 1511 2932 quoad
1558 2878 1769 2918 Divinum

277 2940 539 2982 Humanum
565 2955 624 2982 ex
651 2940 729 2982 illo
755 2947 944 2982 vocatur

439 3035 634 3078 “Jehovah
650 3036 824 3079 Justitia’'
844 3035 987 3079 (Jerem.
1005 3037 1103 3069 xxiii.
1123 3045 1151 3076 5,
1168 3037 1209 3075 6;
1234 3046 1312 3078 cap.
1326 3036 1450 3069 xxxiii.
1471 3044 1520 3075 15,
1541 3036 1604 3076 16).
