2060 3476
335 359 418 426 6333
544 377 550 383 ’
747 380 1079 417 APOCALYPSIS
1110 382 1441 419 EXPL1CATA.'·›

332 499 382 534 et
408 505 563 535 verum
589 507 640 535 ac
666 494 770 536 inde
795 494 971 537 caelum
997 502 1043 538 et
1073 496 1264 539 felicitas
1289 496 1476 539 aeterna
1500 498 1591 539 sint
1617 499 1674 539 ab
1700 498 1820 552 Ipso,

335 556 439 597 inde
465 563 594 610 patet
616 557 722 611 quid
748 557 1026 611 significatur
1051 573 1129 613 per
1148 560 1463 601 “Praevenisti
1486 560 1662 613 Regem
1683 561 1822 602 bene—

335 617 612 675 dictionibus
643 620 789 670 boni‚'’
825 627 871 663 et
908 634 987 675 per
1026 621 1197 663 “Ponis
1235 622 1368 663 Illum
1404 621 1742 664 benedictiones
1778 623 1822 664 in

335 689 602 735 perpetuum
619 681 653 723 :”
674 687 699 704 “
711 682 1049 725 benedidtiones
1062 684 1168 725 boni
1180 684 1467 738 ”significant
1482 699 1587 726 vera
1600 699 1659 726 ex
1673 685 1794 726 bono
1811 699 1821 736 ;

210 768 216 771 -
278 789 282 793 ,
338 749 543 787 “corona
560 747 653 787 auri
675 747 834 800 optimi
847 747 866 762 ''
883 746 1108 800 significat
1131 748 1299 789 bonum
1321 762 1379 789 ex
1397 762 1486 802 quo
1507 747 1610 799 illa;
1639 747 1823 790 “honor

334 815 381 850 et
407 808 551 862 gloria
562 808 581 824 ’'
603 809 859 862 significant
887 810 1099 851 Divinum
1125 810 1301 852 Bonum
1327 817 1374 852 et
1400 811 1612 852 Divinum
1634 810 1821 852 Verum.

335 874 447 911 (Quod
458 882 515 912 per
528 871 545 882 '¹
557 874 715 904 Davidem
727 874 743 884 ''
757 875 789 904 in
801 875 910 904 Verbo
923 875 1114 913 intelligatur
1126 875 1294 911 Dominus,
1303 876 1449 906 videatur
1459 885 1564 914 supra,
1575 884 1605 906 n.
1617 874 1697 918 205
1711 885 1719 911 ς
1738 876 1824 905 simi-

332 927 403 956 liter
420 936 478 965 per
493 924 509 935 '¹
523 928 644 965 Regem
656 927 673 937 ''
690 927 722 956 in
741 928 886 962 Psalmis.
901 937 932 958 n.
951 929 973 970 3
985 929 999 958 Ι
1009 928 1076 967 [α];
1100 929 1188 966 quod
1206 938 1264 972 per
1279 926 1296 938 “
1308 938 1460 959 coronam
1478 937 1590 967 regum
1601 928 1618 940 ''
1631 929 1824 967 significetur

335 980 486 1010 Divinum
502 981 638 1015 Bonum,
648 989 679 1010 n.
691 979 772 1022 272
786 990 792 1016 ;
813 981 954 1010 similiter
965 991 1022 1019 per
1034 979 1200 1016 “aurum,''
1211 991 1242 1012 n.
1254 982 1334 1023 242
1341 982 1447 1021 [a,d,e]
1460 992 1467 1018 ;
1487 987 1519 1012 et
1527 982 1616 1020 quod
1626 979 1711 1021 per¹¹
1721 982 1824 1012 hono-

333 1034 400 1063 rem
415 1038 446 1063 et
459 1034 592 1071 gloriam
604 1033 620 1043 '¹
639 1034 790 1063 Divinum
807 1035 933 1063 Bonum
948 1039 979 1063 et
995 1035 1146 1064 Divinum
1161 1035 1293 1070 Verum,
1308 1044 1339 1065 n.
1356 1026 1466 1074 288.)

417 1088 500 1142 [b.]
543 1088 619 1129 Ex
650 1088 718 1130 his
749 1095 963 1130 constare
993 1095 1149 1143 potest
1177 1090 1283 1144 quid
1313 1089 1539 1144 significat
1566 1090 1821 1131 “benedic-

334 1150 447 1200 tus,’'
473 1164 575 1192 cum
601 1150 657 1192 de
685 1150 897 1200 Domino,
925 1157 974 1192 ut
1000 1152 1044 1192 in
1070 1152 1363 1206 sequentibus
1388 1152 1458 1193 his
1484 1151 1595 1193 locis
1611 1165 1682 1193 :—-

408 1246 579 1287 Discipuli
596 1257 727 1287 magna
741 1254 827 1279 voce
844 1247 1057 1286 clamabant,
1077 1249 1099 1263 “
1110 1246 1324 1280 BenediCtus
1337 1248 1396 1290 qui
1413 1247 1511 1280 venit
1529 1247 1606 1279 Rex
1622 1247 1658 1278 ln
1675 1246 1822 1279 nomine

510 1290 683 1322 Domini''
700 1291 797 1330 (Luc.
812 1291 882 1323 xix.
897 1299 950 1331 37,
965 1291 1039 1331 38);

406 1333 526 1365 Turba
538 1334 725 1372 clamabat,
745 1336 767 1349 ‘¹
778 1334 927 1366 Osanna
938 1334 1028 1366 Filio
1042 1334 1210 1373 Davidis;
1227 1333 1435 1367 benedicitus
1449 1334 1507 1376 qui
1517 1334 1616 1366 venit
1628 1334 1665 1366 in
1675 1333 1822 1366 nomine

508 1377 652 1409 Domini
663 1377 682 1390 ’'
698 1377 842 1418 (Matth.
857 1378 927 1410 xxi.
941 1387 983 1419 9;
1007 1379 1119 1411 Marc.
1133 1379 1179 1411 xi.
1193 1388 1224 1419 9,
1240 1387 1299 1417 10;
1328 1379 1410 1420 Joh.
1432 1378 1491 1410 xii.
1508 1385 1558 1415 12,
1575 1380 1648 1418 13);

405 1420 511 1462 Jesus
522 1421 620 1459 dixit,
629 1420 737 1452 “Non
754 1421 813 1453 Me
824 1421 989 1453 videbitis
1001 1422 1160 1462 posthac,
1173 1422 1286 1453 donec
1296 1422 1431 1459 dicatis,
1448 1419 1662 1453 Benedid'tus
1674 1420 1821 1453 veniens

506 1465 542 1496 in
560 1465 705 1496 nomine
724 1465 868 1496 Domini
879 1464 896 1477 ’¹
914 1464 1057 1505 (Matth.
1072 1465 1167 1497 xxiii.
1183 1474 1245 1506 39;
1268 1466 1353 1497 Luc.
1370 1465 1443 1497 xiii.
1461 1464 1536 1505 35);
1701 1502 1704 1505 Δ

401 1509 423 1523 ··
435 1505 603 1549 Princeps
620 1508 842 1540 sacerdotum
863 1509 1095 1549 interrogavit
1110 1508 1232 1551 Jesum
1236 1533 1329 1547 .....
1337 1509 1439 1541 Tune
1458 1518 1497 1540 es
1517 1508 1691 1546 Christus,
1712 1506 1821 1540 Filius

509 1550 735 1585 Benedicti?
752 1551 878 1592 (Marc.
892 1553 962 1584 xiv.
977 1553 1015 1584 61
1031 1552 1054 1594 z)

336 1644 645 1688 “Benedictus
670 1647 856 1688 veniens
882 1647 925 1688 in
953 1648 1133 1689 nomine
1160 1646 1373 1688 Domini'’
1399 1645 1623 1701 significat
1650 1645 1819 1700 glorifi-

332 1715 462 1750 catus
501 1709 604 1763 quia
643 1709 700 1750 ab
740 1709 845 1764 Ipso
885 1723 1019 1751 omne
1060 1710 1271 1751 Divinum
1308 1709 1479 1751 Verum
1519 1715 1566 1751 et
1607 1709 1820 1751 Divinum

333 1771 508 1813 Bonum
526 1786 535 1823 ;
571 1775 775 1814 “nomen
794 1773 1007 1814 Domini''
1023 1772 1246 1827 significat
1262 1786 1394 1814 omne
1412 1786 1490 1827 per
1504 1772 1623 1827 quod
1641 1771 1818 1822 colitur,

332 1841 378 1876 et
404 1836 506 1889 quia
537 1849 671 1877 omne
702 1836 746 1877 id
778 1849 825 1877 se
856 1837 990 1878 refert
1022 1837 1079 1877 ad
1110 1836 1278 1877 bonum
1309 1836 1473 1877 amoris
1504 1842 1551 1878 et
1577 1836 1634 1877 ad
1664 1847 1819 1878 verum

331 1896 449 1946 fidei,
475 1897 578 1938 ideo
602 1897 715 1938 haec
742 1911 821 1951 per
848 1901 1054 1938 “nornen
1087 1897 1302 1938 Domini’'
1327 1897 1650 1951 significantur.
1708 1907 1820 1947 (Quod

332 1957 349 1968 ‘¹
361 1970 479 1990 nomen
499 1961 657 1990 Domini''
678 1961 832 1999 significet
851 1971 946 1991 omne
965 1970 1022 2000 per
1040 1962 1129 1998 quod
1148 1961 1270 1996 colitur,
1285 1961 1429 1990 videatur
1446 1969 1551 1999 supra.
1567 1969 1598 1992 n.
1620 1961 1708 1996 102,
1730 1958 1819 2003 135⁸,

336 2004 426 2055 148,
440 2014 541 2055 ²24³
565 2019 596 2043 et
608 2015 696 2051 quod
713 2015 871 2044 Dominus
883 2015 1006 2044 dicatur
1019 2011 1036 2023 '¹
1049 2014 1207 2043 Dominus
1219 2014 1235 2024 ''
1249 2023 1289 2044 ex
1304 2014 1422 2044 Divino
1436 2014 1537 2050 Bono,
1550 2014 1583 2043 in
1594 2014 1732 2043 Arcanis
1746 2015 1819 2043 Cae-

331 2067 463 2102 lestibus,
479 2077 510 2097 n.
526 2076 615 2105 4973,
631 2068 720 2105 9167,
736 2068 841 2106 9194.)
898 2057 1038 2110 Apud
1065 2057 1242 2106 Mosen,

372 2146 377 2150 ⁵
404 2150 668 2183 Melchizedech
692 2151 873 2182 benedixit
891 2151 1062 2189 Abramo,
1084 2156 1120 2183 et
1138 2150 1247 2188 dixit.v
1264 2148 1512 2183 “Benedictus
1536 2150 1714 2182 Abramus
1740 2150 1818 2183 Deo

503 2195 690 2230 altissimo.
709 2194 913 2226 possessori
927 2195 1015 2226 caeli
1028 2202 1063 2226 et
1076 2200 1190 2226 terrae
1204 2204 1211 2232 ;
1228 2200 1263 2226 et
1276 2192 1483 2226 benedietus
1498 2194 1594 2226 Deus
1608 2194 1815 2232 altissimus,

504 2238 562 2280 qui
579 2238 722 2269 tradidit
738 2238 859 2269 hostes
877 2244 957 2269 tuos
974 2238 1010 2269 in
1028 2247 1172 2269 manum
1190 2244 1286 2270 tuam
1298 2237 1316 2250 ’¹
1333 2238 1462 2278 (Genes.
1476 2238 1547 2270 xiv.
1564 2237 1701 2278 18-20):

330 2327 401 2368 hic
424 2327 586 2368 dicitur
602 2325 911 2367 “Benedictus
931 2326 1052 2367 Deus
1075 2325 1334 2375 altissimus,
1354 2327 1427 2380 qui
1449 2326 1636 2367 tradidit
1659 2325 1818 2367 hostes

331 2396 434 2431 tuos
470 2390 514 2430 in
551 2402 734 2429 manum
772 2389 937 2438 tuam‚’'
969 2395 1014 2430 et
1047 2388 1272 2442 significat
1308 2389 1428 2443 quod
1465 2388 1734 2442 glorificatio
1770 2395 1818 2432 et

329 2453 576 2506 gratiarum
594 2450 712 2493 afflo
730 2453 787 2493 sit
812 2452 902 2505 Ipsi
924 2458 1177 2506 propterea.
1239 2451 1310 2493 Illi
1332 2453 1484 2506 itaque
1501 2453 1575 2506 qui
1597 2453 1817 2506 recipiunt

331 2516 544 2557 Divinum
571 2515 746 2556 Bonum
773 2521 819 2556 et
847 2515 1059 2556 Divinum
1086 2515 1256 2556 Verum
1282 2529 1309 2556 a
1335 2516 1547 2565 Domino,
1573 2522 1795 2557 vocantur

430 2613 452 2627 ‘⁴
463 2609 647 2643 Benedidti
658 2610 676 2623 ’'
692 2610 837 2652 (Psalm.
851 2611 983 2644 xxxvii.
998 2619 1038 2642 22
1053 2621 1060 2650 ;
1084 2611 1218 2644 Psalm.
1232 2616 1309 2644 cxv.
1325 2618 1362 2650 15
1377 2620 1384 2650 ;
1407 2611 1538 2644 Matth.
1553 2618 1636 2644 xxv.
1650 2610 1716 2652 34).

330 2705 464 2761 Quod
503 2721 583 2760 per
621 2704 1060 2755 “benedictionem,’'
1097 2719 1198 2747 cum
1234 2705 1290 2747 de
1330 2705 1528 2755 homine,
1567 2719 1657 2747 non
1693 2706 1815 2747 aliud

327 2770 610 2823 intelligatur
635 2782 768 2822 quam
794 2767 995 2822 receptio
1027 2769 1176 2809 Divini
1203 2769 1311 2810 Veri
1337 2775 1383 2810 et
1417 2769 1566 2810 Divini
1599 2769 1726 2818 Boni,
1754 2783 1815 2810 ex

329 2846 464 2874 causa
485 2833 587 2886 quia
612 2832 656 2872 in
682 2831 768 2872 illis
796 2838 865 2872 est
891 2831 1066 2872 caelum
1092 2837 1138 2872 et
1165 2831 1355 2872 felicitas
1380 2830 1580 2881 aeterna,
1604 2837 1821 2878 constare,

327 2901 482 2950 potest
508 2909 534 2935 a
560 2894 850 2949 sequentibus
876 2894 985 2935 locis
1003 2893 1212 2948 z——Apud
1239 2893 1476 2944 Davidem,

395 2985 416 2999 ‘¹
429 2983 584 3016 Mundus
598 2984 761 3015 manibus
774 2989 809 3015 et
825 2993 933 3024 purus
947 2983 1068 3016 corde.
1081 3008 1089 3015 .
1104 3008 1111 3015 .
1125 2982 1230 3015 .feret
1241 2981 1526 3014 benedictionem
1540 2993 1561 3014 a
1573 2992 1692 3014 coram
1705 2981 1811 3025 Jeho-

500 3028 580 3066 vah,
594 3037 634 3059 ac
650 3027 824 3068 justitiam
840 3037 862 3059 a
879 3027 957 3059 Deo
974 3027 1097 3059 salutis
1114 3026 1285 3059 nostrae”
1302 3026 1446 3067 (Psalm.
1460 3027 1556 3059 xxiv.
1572 3024 1638 3069 [4,]
1660 3028 1691 3067 5)
1705 3037 1712 3060 2
