2060 3476
285 349 368 403 198⁴
693 356 1025 390 APOCALYPSIS
1057 357 1355 390 EXPLICATA.

350 470 520 503 “Effudit
543 470 706 512 Jehovah
730 480 838 511 super
854 481 919 503 vos
944 471 1107 512 spiritum
1132 472 1406 510 somnolentiae,
1427 478 1461 504 et
1485 473 1633 506 occlusit
1648 474 1771 507 oeulos

452 520 604 552 vestros,
625 515 819 555 prophetas
837 520 871 546 et
888 515 1005 556 capita
1021 521 1151 554 vestra,
1171 516 1333 547 videntes
1350 516 1514 548 obtexit'’
1532 515 1640 557 (xxix.
1657 518 1710 558 10)
1725 527 1733 556 ;

281 607 511 649 “occlusit
537 607 707 656 oculos,
735 607 982 662 prophetas
1000 614 1047 650 et
1066 610 1230 662 capita,
1251 615 1297 650 et
1315 608 1524 650 videntes
1547 610 1770 660 obtexit,”

278 676 348 711 est
380 668 663 712 intellectum
689 671 806 712 veri:
844 671 1165 725 “prophetae’'
1191 673 1329 713 etiam
1356 678 1460 713 sunt
1492 673 1566 726 qui
1598 672 1767 715 docent

277 746 396 781 vera,
430 734 503 787 qui
539 734 679 774 etiam
710 740 932 775 vocantur
969 734 1191 788 “capita’'
1228 735 1330 788 quia
1366 741 1502 788 caput
1540 735 1767 788 significat

278 795 659 848 intelligentiam;
692 801 739 836 et
766 809 943 850 quoque
964 802 1185 837 vocantur
1209 796 1456 837 “videntes
1471 796 1491 812 ''
1513 810 1572 838 ex
1594 797 1768 839 revela-

278 858 403 899 tione
430 858 581 899 Divini
606 857 716 899 Veri
742 859 861 912 apud
887 858 1002 900 illos.
1064 858 1203 913 Apud
1230 860 1439 909 eundem,

348 956 370 968 ‘⁴
383 954 414 986 N
418 951 464 1038 or}
482 954 725 986 connivebunt
741 954 835 987 oculi
851 955 1060 993 videntium,
1081 961 1116 986 et
1133 965 1237 986 aures
1253 945 1474 987 audientium
1488 956 1741 989 auscultabunt
1750 955 1770 970 '⁹

466 998 574 1030 xxxii.
589 1001 621 1038 3)
635 1007 642 1035 ;
1806 1004 1810 1007 '

281 1086 569 1128 “videntium
593 1085 741 1128 oculi''
763 1100 845 1140 pro
867 1085 1045 1128 illorum
1067 1087 1141 1141 qui
1167 1086 1431 1141 intelligunt
1453 1101 1573 1129 vera.
1627 1088 1767 1143 Apud

280 1150 488 1198 eundem,
645 1158 647 1160 ·

348 1240 370 1254 “
382 1239 451 1280 Qui
467 1239 621 1271 occludit
638 1239 762 1271 oculos
785 1249 870 1271 suos
895 1249 940 1271 ne
956 1239 1102 1272 videant
1125 1239 1258 1271 malum
1272 1250 1297 1272 ε.
1311 1264 1319 1272 .
1332 1264 1340 1272 .
1355 1249 1491 1281 .regem
1516 1240 1551 1272 in
1576 1240 1769 1282 pulchritu-

451 1283 534 1315 dine
551 1293 615 1314 sua
631 1282 803 1315 videbunt
820 1283 912 1315 oculi
930 1283 979 1315 tui
992 1282 1011 1295 ”
1028 1283 1162 1324 (xxxiii.
1179 1291 1229 1323 15,
1246 1283 1299 1324 17)
1313 1292 1321 1323 ς

280 1378 556 1421 “occludere
582 1378 737 1420 oculos
764 1393 819 1420 ne
842 1379 1027 1421 videant
1054 1379 1262 1429 malum,”
1285 1386 1355 1421 est
1378 1379 1545 1421 malum
1569 1393 1659 1421 non
1685 1381 1765 1421 ad-

276 1444 459 1484 mittere
490 1443 533 1483 in
561 1443 916 1495 cogitationem;
953 1446 1145 1496 “regem
1167 1443 1211 1483 in
1243 1442 1576 1497 pulchritudine
1599 1457 1678 1484 sua
1699 1444 1765 1484 vi-

276 1506 449 1546 debunt
476 1505 634 1552 oculi.”
661 1512 731 1546 est
758 1506 877 1559 quod
901 1503 1173 1546 intellecturi
1194 1518 1349 1546 verum
1371 1506 1415 1546 in
1442 1519 1522 1546 sua
1544 1505 1643 1547 luce
1664 1519 1765 1548 cum

276 1569 569 1615 amoenitate.
595 1581 697 1609 nam
725 1582 803 1622 per
828 1568 1052 1622 “regem”
1074 1569 1133 1609 ibi
1156 1582 1246 1610 non
1272 1567 1543 1622 intelligitur
1563 1583 1662 1619 rex,
1685 1570 1765 1612 sed

275 1644 429 1672 verum
459 1630 686 1685 (videatur
712 1645 859 1684 supra,
884 1644 925 1671 n.
951 1630 1113 1685 31[a]).
1173 1631 1313 1685 Apud
1339 1631 1600 1681 Jeremz'am,

345 1728 508 1760 “Audite
526 1728 624 1763 haec.
645 1727 775 1768 popule
795 1727 913 1765 stulte,
934 1728 989 1759 cui
1014 1737 1087 1759 non
1112 1737 1193 1766 cor;
1218 1728 1345 1769 quibus
1369 1728 1462 1760 oculi
1487 1737 1560 1759 non
1578 1728 1711 1766 vident,
1730 1734 1767 1762 et

449 1772 576 1813 quibus
593 1781 697 1803 aures
715 1781 786 1802 non
805 1771 983 1803 audiunt’'
1000 1772 1047 1811 (v,
1063 1780 1100 1802 21
1117 1781 1124 1810 ;
1149 1771 1271 1804 Ezech.
1288 1771 1347 1804 xii.
1363 1771 1406 1812 2).

276 1849 328 1890 In
364 1848 404 1889 T
400 1848 565 1897 hrenis,

341 1919 510 1951 “Cecidit
537 1930 672 1951 corona
694 1920 820 1960 capitis
846 1920 957 1951 nostri
963 1944 1054 1956 .....
1064 1926 1207 1959 propter
1230 1919 1296 1950 hoc
1321 1917 1453 1950 factum
1478 1924 1532 1950 est
1556 1918 1763 1958 languidum

445 1973 506 1995 cor
525 1970 698 2001 nostrum,
714 1970 748 1995 et
767 1970 910 2004 propter
927 1964 993 1994 hoc
1011 1963 1210 2002 caligarunt
1227 1963 1319 1994 oculi
1337 1962 1450 1994 nostri
1461 1961 1479 1974 '’
1496 1961 1542 2002 (v.
1559 1959 1646 2004 [16‚]
1667 1962 1740 2000 17);

275 2054 480 2092 “corona
516 2048 710 2103 capitis’'
742 2056 810 2090 est
854 2049 1076 2102 sapientia
1110 2048 1335 2102 (videatur
1370 2061 1518 2101 supra,
1552 2061 1593 2088 n.
1631 2047 1758 2102 126);

275 2116 300 2132 ‘⁶
313 2124 392 2151 cor
408 2110 675 2163 languidum
688 2110 707 2124 ”
724 2110 794 2150 es't
812 2109 1027 2150 voluntas
1049 2109 1156 2149 boni
1173 2121 1264 2148 non
1282 2107 1476 2161 amplius
1495 2121 1504 2158 ;
1531 2118 1635 2157 (quod
1648 2115 1664 2126 ‘⁴
1677 2119 1760 2148 eor··

271 2181 310 2210 sit
322 2181 468 2210 voluntas
482 2186 512 2209 et
527 2189 627 2215 amor,
639 2180 784 2209 videatur
795 2181 826 2208 in
842 2188 938 2217 opere
955 2180 1003 2208 De
1019 2179 1108 2208 Caelo
1117 2182 1146 2207 et
1158 2179 1292 2217 lnferno,
1303 2187 1334 2207 n.
1344 2185 1382 2216 95
1394 2178 1416 2217 ;)
1447 2171 1472 2188 “
1485 2166 1605 2208 oculi
1617 2166 1637 2182 ”
1653 2174 1758 2208 sunt

271 2229 530 2272 intellectus
561 2231 668 2279 veri,
702 2230 774 2284 qui
809 2229 1100 2282 “caligantes
1113 2228 1131 2244 ”
1163 2229 1372 2270 dicuntur
1403 2241 1506 2269 cum
1538 2242 1629 2269 non
1662 2242 1758 2269 arn-

271 2294 386 2352 plius
408 2293 678 2346 intelligitur
699 2305 866 2333 verum.
927 2291 1065 2345 Apud
1093 2290 1371 2340 Sacharz'am,

276 2406 280 2412 ·
341 2390 498 2422 “Poena
514 2389 667 2430 pastoris
690 2389 889 2420 deserentis
913 2397 1080 2428 gregem:
1104 2388 1243 2428 gladius
1267 2396 1375 2427 super
1390 2387 1494 2418 oculo
1518 2387 1644 2419 dextro
1667 2386 1758 2428 ejus,

451 2457 459 2466 .
473 2457 481 2466 .
494 2458 502 2466 .
517 2439 568 2466 .et
583 2432 706 2464 oculus
723 2433 847 2464 dexter
863 2432 1051 2473 caligando
1068 2431 1263 2472 caligabit”
1280 2431 1340 2472 (xi.
1357 2430 1431 2471 17);

275 2522 489 2577 “gladius
521 2535 653 2575 super
684 2520 815 2562 oculo
847 2521 1028 2565 dextro,
1056 2528 1103 2561 et
1134 2519 1290 2561 oculus
1322 2519 1487 2560 dexter
1518 2518 1759 2572 caligando

271 2584 529 2639 caligabit,''
561 2591 630 2626 est
662 2584 782 2638 quod
819 2584 1064 2637 periturum
1096 2596 1231 2624 omne
1261 2594 1415 2623 verum
1448 2582 1493 2622 in
1524 2578 1759 2622 intellectu

271 2664 350 2704 per
375 2649 535 2691 falsum
565 2647 703 2702 (quod
733 2647 979 2701 “gladius’'
1005 2648 1063 2688 sit
1090 2644 1337 2688 destructio
1354 2645 1447 2687 veri
1478 2659 1558 2699 per
1581 2643 1757 2694 salsum,

271 2713 478 2754 videatur
502 2725 648 2765 supra,
677 2725 719 2752 n.
751 2710 936 2764 131[b]).
996 2710 1134 2764 Apud
1161 2709 1369 2758 eundem,

341 2811 363 2824 ‘⁴
377 2810 498 2850 Plaga,
519 2819 588 2850 qua
604 2809 777 2849 percutiet
800 2808 963 2850 Jehovah
988 2818 1115 2839 omnes
1139 2807 1292 2848 populos
1317 2806 1376 2848 qui
1402 2807 1612 2847 pugnabunt
1635 2812 1758 2837 contra

447 2853 738 2893 Hierosolymam
753 2862 776 2890 ;.
791 2876 799 2884 .
812 2877 819 2884 .
834 2852 943 2884 ,oculi
966 2851 1044 2892 ejus
1062 2852 1317 2883 contabescent
1340 2851 1376 2882 in
1401 2849 1637 2886 foraminibus
1654 2849 1727 2881 suis
1739 2848 1759 2861 ”

445 2896 528 2936 (xiv.
545 2896 599 2936 12)
613 2905 620 2933 ;

274 2983 466 3039 “populi
497 2984 570 3038 qui
606 2983 872 3038 pugnabunt
909 2988 1068 3024 contra
1107 2980 1514 3035 Hierosolymam,’'
1540 2985 1645 3021 sunt
1683 2980 1757 3034 qui
