2060 3476
323 347 379 398 48
743 355 1077 389 APOCALYPSIS
1108 356 1405 389 EXPLICATA.

326 467 478 509 vinum
512 467 787 530 Humanum,
819 473 963 522 patet,
991 468 1093 522 quia
1124 468 1298 518 dicitur,
1329 468 1431 510 “Et
1463 467 1666 510 Verbum
1698 468 1815 511 Caro

324 529 490 572 faetum
516 537 600 580 est,
629 537 676 572 et
707 530 932 572 habitavit
963 532 1008 572 in
1035 531 1213 582 nobis;'’
1244 538 1291 573 et
1317 532 1420 586 quia
1447 532 1593 572 omnis
1624 531 1815 585 angelo-

323 607 421 635 rum
446 595 540 635 vita
564 594 668 635 inde
694 600 779 643 est,
807 600 853 635 et
879 608 1055 648 quoque
1081 595 1227 635 omnis
1257 594 1336 635 lux
1361 595 1405 635 in
1433 594 1569 636 caelis
1594 595 1698 636 inde
1725 601 1811 644 est,

323 656 498 706 dicitur,
535 657 626 698 “In
664 657 770 710 Ipso
800 658 894 698 vita
930 663 1043 706 erat,
1076 663 1123 698 et
1156 658 1251 698 vita
1288 663 1385 698 erat
1423 656 1505 698 lux
1541 657 1813 699 hominum.”

324 718 402 756 (Sed
413 719 491 749 haec
503 719 610 748 omnia
620 719 731 748 melius
742 719 894 748 illustrata
903 719 1069 748 videantur
1079 719 1111 748 in
1122 728 1218 757 opere
1230 720 1281 749 De
1295 720 1387 749 Caelo
1398 723 1429 748 et
1441 720 1583 758 Inferna:
1600 721 1688 757 quod
1699 729 1814 759 nempe

323 766 473 795 Divinum
490 766 619 795 Domini
634 766 726 795 faciat
740 767 872 800 caelum,
888 775 918 796 n.
934 774 1029 802 7-12;
1049 766 1138 804 quod
1151 766 1212 796 hoc
1227 766 1265 795 sit
1281 767 1432 796 Divinum
1450 766 1638 796 Humanum
1655 767 1766 805 Ipsius,
1782 777 1812 798 n.

321 814 436 849 78-86;
461 814 549 850 quod
565 814 639 842 inde
657 813 760 842 omnis
777 813 840 842 vita
857 813 985 851 angelis,
1003 822 1035 842 n.
1053 823 1089 850 93
1113 817 1144 842 et
1161 822 1291 851 quoque
1308 813 1411 843 omnis
1427 814 1483 843 lux
1501 813 1588 848 caeli,
1606 822 1637 844 n.
1658 815 1812 852 126—140;

321 861 409 898 quod
427 860 529 890 omnis
546 860 687 898 potentia
703 860 823 897 angelis
840 860 878 889 sit
896 869 935 889 ex
954 860 1105 895 Domino,
1121 864 1152 889 et
1168 860 1257 890 nulla
1273 869 1293 890 a
1309 869 1343 890 se
1360 861 1444 898 ipsis,
1459 869 1490 890 11.
1507 862 1656 898 228—233.
1700 862 1748 890 Ex
1765 862 1814 891 his

321 910 1239 949 patet,quodomnipotenssitexcseesse,vivere,etposse.)
1300 900 1435 955 Quod
1467 901 1680 942 Divinum
1713 901 1811 943 Hu-

325 978 507 1005 manum
535 965 716 1006 Domini
743 978 884 1018 aeque
911 978 970 1005 ex
997 963 1055 1005 Se
1082 966 1154 1014 sit,
1181 965 1319 1013 vivat,
1348 970 1394 1005 et
1420 965 1577 1018 possit,
1606 977 1658 1005 ac
1686 964 1811 1005 Divi-

324 1042 431 1068 num
463 1028 607 1082 Ipsius
637 1028 681 1068 in
720 1027 839 1082 Ipso.
873 1027 993 1082 quod
1028 1027 1200 1069 “Pater
1214 1027 1233 1043 ”
1263 1033 1466 1077 vocatur,
1500 1028 1638 1069 etiam
1674 1027 1810 1069 docet
1856 1058 1864 1067 .

324 1090 570 1132 Dominus:

390 1188 411 1202 ⁸‘
425 1187 732 1229 Quemadmodum
760 1186 865 1219 Pater
888 1187 996 1219 habet
1012 1187 1122 1219 vitam
1146 1187 1182 1219 in
1208 1186 1252 1219 Se
1271 1186 1366 1227 Ipso,
1386 1187 1436 1219 ita
1451 1187 1548 1219 dedit
1572 1186 1662 1219 Filio
1681 1178 1810 1219 habere

494 1231 604 1262 vitam
622 1231 658 1262 in
676 1231 720 1262 Se
739 1231 824 1272 Ipso
835 1230 853 1243 ''
870 1230 970 1273 (Jolz.
986 1241 1020 1263 v.
1037 1231 1114 1271 26);

322 1325 368 1360 et
395 1318 515 1372 quod
542 1332 676 1360 nemo
702 1317 814 1359 alius
839 1319 980 1360 vitam
1006 1317 1175 1360 habeat
1202 1318 1246 1359 in
1273 1332 1321 1360 se
1347 1318 1471 1372 ipso:

385 1416 489 1458 Jesus
505 1416 604 1454 dixit,
628 1415 745 1448 “Sine
763 1415 824 1448 Me
841 1425 913 1447 non
931 1415 1080 1457 potestis
1097 1415 1214 1448 facere
1231 1416 1416 1458 quiequam
1428 1415 1447 1428 ”
1463 1415 1563 1458 (Joh.
1578 1426 1637 1449 xv.
1655 1417 1697 1455 5).

782 1573 792 1590 ι
937 1569 1073 1594 VERSUS
1089 1571 1150 1603 9-1
1158 1570 1186 1595 1.

479 1659 495 1675 ο
533 1647 615 1680 ''qu
629 1647 785 1678 ιΙοΙιαηηεε,
801 1647 851 1681 qu!
868 1648 899 1674 et
913 1646 1014 1680 frater
1030 1649 1135 1679 vester,
1150 1649 1181 1674 et
1197 1647 1348 1674 consocius
1366 1647 1396 1674 ln
1414 1647 1580 1681 affllotlone.
1595 1647 1646 1680 [et]
1664 1648 1694 1675 Ιη
1710 1655 1806 1681 rayno,

318 1688 349 1713 et
360 1687 512 1718 [patiente]
526 1687 744 1723 exspectatione
756 1687 827 1713 «lesu
840 1687 949 1714 christ!
956 1695 967 1719 ,’
987 1694 1065 1714 eram
1078 1687 1108 1713 ln
1121 1687 1217 1714 Insula
1231 1689 1332 1714 uocata
1344 1687 1468 1718 Patmos,
1483 1689 1603 1720 propter
1619 1687 1735 1714 Verbum
1748 1688 1807 1720 Del,

318 1729 349 1753 et
361 1728 481 1759 propter
495 1727 691 1754 testImonlum
706 1727 777 1754 ‹le-su
792 1726 909 1754 Ghrlsti.
946 1727 1050 1754 Factus
1064 1734 1128 1754 eum
1142 1727 1172 1753 1η
1186 1727 1294 1759 spiritu
1306 1727 1337 1754 ln
1352 1727 1502 1754 Domlnlea·
1511 1728 1568 1759 die,
1584 1730 1615 1754 et
1629 1728 1728 1754 audiv!
1740 1730 1808 1761 poet

318 1774 363 1793 me
378 1774 472 1793 vocem
487 1774 628 1800 magnam,
645 1769 782 1800 tanquam
797 1767 893 1799 tubae,
909 1767 1044 1799 dicentis,
1060 1763 1116 1800 qu
1134 1774 1197 1794 sum
1213 1767 1304 1800 alpha
1318 1769 1349 1794 et
1364 1767 1476 1800 Omeqa.
1491 1767 1603 1795 Primus
1618 1769 1649 1795 et
1665 1768 1786 1795 Ultimus
1795 1776 1807 1800 ,·

317 1807 392 1839 quod
405 1806 485 1833 vides
499 1807 595 1834 scribe
610 1807 639 1833 1ἠ
654 1806 735 1838 libro,
752 1808 783 1833 et
797 1807 881 1833 mltte
893 1807 1037 1838 fecie-vlle,
1052 1807 1112 1834 ΙΙΙΙε
1126 1807 1156 1834 in
1171 1807 1249 1839 Asia,
1266 1807 1416 1839 Ephesum.
1433 1809 1464 1834 et
1481 1806 1640 1841 Smyrnam,
1657 1809 1688 1835 et
1702 1808 1809 1841 Perqu-

318 1853 402 1877 mum,
419 1848 450 1874 ot
466 1846 608 1880 Πιματίνα.
625 1848 655 1873 et
668 1846 785 1878 8ardes,
802 1848 833 1874 et
846 1847 1082 1879 philadelphiam.
1098 1849 1130 1874 et
1144 1847 1319 1874 Laodiceam.
1325 1847 1343 1858 ”

340 1940 372 1973 9.
406 1929 495 1973 ’Ἔρο
513 1928 728 1985 dohannffes''
746 1928 907 1971 significat
922 1930 1112 1961 dodrinam
1129 1930 1167 1961 de
1184 1929 1333 1961 Domino
1352 1929 1402 1973 [n.
1419 1929 1504 1972 45];
1534 1929 1620 1973 “qui
1639 1932 1675 1963 et
1698 1931 1809 1964 frater

497 1974 636 2011 restern'
644 1972 827 2015 'significat
843 1978 873 2005 et
886 1975 925 2005 de
940 1974 1020 2005 bono
1036 1975 1160 2006 amoris
1176 1975 1212 2005 in
1230 1975 1344 2015 Ipsum
1364 1974 1415 2017 [n.
1433 1973 1518 2016 46];
1545 1979 1561 1992 ‘⁴
1575 1977 1613 2007 et
1626 1974 1807 2009 consocius

493 2017 526 2050 in
542 2017 759 2054 afflictiones
773 2017 932 2058 significat
947 2029 1066 2050 verum
1070 2019 1161 2060 fidet
1171 2019 1363 2060 infestatum
1376 2019 1509 2060 afalsis
1524 2019 1574 2062 [n.
1587 2018 1672 2061 47];
1699 2023 1716 2036 ¹‘
1731 2019 1803 2062 [et]

493 2061 527 2094 in
548 2063 678 2105 reyno,'
686 2061 871 2102 'significat
888 2073 925 2093 m
942 2063 1069 2094 ecclesm
1085 2062 1144 2093 ubz
1157 2073 1240 2093 vera
1261 2062 1312 2105 [n.
1329 2061 1414 2104 48];
1441 2067 1457 2079 ‘⁴
1471 2065 1507 2095 et
1532 2062 1717 2105 [patiente]
1746 2073 1806 2096 ex-

493 2106 705 2148 spectatione
727 2106 814 2139 desu
840 2105 1002 2144 chr-[stiffi
1019 2106 1178 2148 significat
1202 2107 1261 2138 ubi
1282 2107 1421 2147 cogmtzb
1437 2107 1570 2138 Di'vzni
1591 2108 1628 2138 in
1645 2107 1808 2139 Humano

493 2151 605 2192 Jpszm
623 2151 673 2194 [n.
690 2150 775 2193 49];
802 2154 818 2167 ¹‘
831 2160 925 2184 eram
941 2150 975 2184 in
994 2150 1107 2184 insula
1127 2153 1245 2184 vocata
1268 2150 1445 2188 Patmosss'
1461 2151 1621 2192 signifieat
1636 2153 1806 2183 revelatzo-

494 2205 568 2226 nem
579 2195 733 2236 gentzbus
751 2194 802 2237 [n.
822 2195 902 2235 50]-
893 2219 903 2233 ,
930 2197 1098 2238 “propter
1117 2195 1255 2228 Verbum
1279 2194 1612 2236 oei,”S1gn1ficat2ut
1627 2196 1810 2237 recipzatur

490 2239 663 2271 Divinum
690 2239 809 2270 Verum
837 2239 887 2281 [n.
913 2239 996 2282 51];
1028 2242 1094 2272 “et
1111 2242 1254 2282 propter
1277 2239 1506 2273 testimonium
1529 2239 1617 2273 desu
1643 2239 1805 2277 christi.''

492 2282 652 2324 significat
667 2294 706 2314 ac
721 2288 760 2315 ut
774 2288 974 2325 agnoscatur
988 2284 1163 2316 Dzvz'num
1179 2284 1383 2315 Humanum
1400 2285 1547 2316 Domini
1564 2285 1615 2327 [n.
1634 2284 1708 2327 52].

321 2354 370 2378 10.
404 2346 551 2380 “Factus
563 2356 640 2380 sum
653 2346 686 2379 in
699 2346 847 2389 spiritu,'
854 2346 1034 2388 'significat
1045 2352 1168 2379 statum
1180 2348 1387 2389 spi'rztualem
1401 2359 1474 2379 cum
1488 2348 1643 2380 revelatio
1657 2348 1707 2391 [n.
1722 2355 1740 2390 5
1743 2348 1805 2391 3]

495 2390 557 2424 “in
582 2390 751 2424 Dominica
775 2391 868 2428 dief'
885 2391 1045 2432 significat
1068 2392 1243 2423 Divinum
1265 2397 1346 2423 tunc
1369 2392 1540 2434 znfluxum
1566 2393 1616 2435 [n.
1635 2392 1717 2435 54];
1744 2394 1806 2427 “et

492 2435 609 2468 audiri
628 2438 711 2478 post
732 2445 786 2468 me
812 2445 925 2468 rocem
949 2445 1104 2478 magnam
1129 2438 1288 2479 tanquam
1305 2435 1806 2479 tubae,'¹s1gn1ficatpercept10

493 2490 568 2511 nem
585 2481 796 2522 manifl’stam
813 2480 945 2511 Dzvini
968 2480 1044 2511 Veri
1057 2491 1074 2511 e
1089 2481 1174 2511 caelo
1191 2481 1331 2512 revelati
1348 2481 1399 2523 [n.
1418 2487 1435 2522 5
1441 2480 1492 2523 5].

321 2549 371 2574 ιι.
406 2542 586 2580 “Dic-entis,
612 2542 679 2586 590
702 2553 779 2576 sum
803 2542 907 2585 alpha
931 2546 967 2576 et
989 2543 1123 2586 Omeya,
1149 2542 1283 2577 Primus
1308 2545 1344 2577 et
1366 2543 1548 2581 Ultimus,''
1570 2543 1732 2585 significat
1747 2545 1809 2587 qui

493 2588 607 2619 omnia
624 2588 709 2629 reg-it
722 2599 764 2619 ex
780 2588 904 2628 primis
920 2593 984 2628 per
998 2589 1130 2626 ultima,
1146 2592 1178 2619 et
1196 2588 1242 2619 sic
1257 2588 1370 2619 omnia
1395 2589 1478 2619 caeli
1500 2589 1537 2619 in
1554 2594 1725 2620 aeternum
1753 2589 1804 2631 [n.

494 2631 554 2674 56]
568 2643 577 2670 ;
604 2637 620 2649 ¹⁴
633 2632 725 2675 quod
742 2631 835 2665 vides
847 2631 960 2665 scribe
975 2631 1008 2665 in
1025 2631 1147 2669 libr0,''
1160 2631 1320 2673 significat
1332 2637 1372 2663 ut
1382 2633 1528 2664 revelata
1544 2633 1614 2664 sint
1620 2633 1808 2674 posteritati

497 2676 548 2719 [n.
567 2675 646 2718 57]‚
638 2688 645 2695 ·
674 2681 689 2693 “
703 2679 740 2709 et
759 2675 855 2709 mitte
875 2675 1045 2713 Ecclesiis,
1062 2676 1131 2709 illis
1154 2675 1187 2709 Ῐη
1204 2675 1292 2714 Λεία,
1300 2677 1323 2688 ”
1341 2676 1501 2717 significat
1516 2681 1547 2708 et
1559 2682 1641 2708 tunc
1655 2677 1806 2708 omnibus

493 2721 562 2751 illis
583 2721 644 2762 qui
666 2720 704 2751 in
727 2721 797 2751 luce
820 2721 1056 2761 intelligentiae
1081 2720 1132 2763 [n.
1151 2719 1234 2762 58];
1265 2725 1281 2738 ¹⁴
1295 2720 1474 2763 Ephesum,
1500 2723 1536 2754 et
1558 2721 1746 2763 Smyrnam,
1771 2723 1806 2754 ei

493 2763 705 2814 Pergamum,
725 2767 760 2797 et
778 2763 944 2807 Thyatira,
963 2767 1010 2798 et
1014 2764 1150 2801 Sardes,
1169 2767 1206 2797 et
1227 2764 1804 2808 i’lma‹2(‹=,·lp!11’am,e.·tL11012(1'c‚·‹=.·am‚n

492 2807 654 2850 significat
670 2810 707 2840 z'n
723 2809 821 2850 specie
835 2810 1016 2840 secundum
1033 2809 1242 2850 receptionem
1263 2809 1313 2852 [n.
1332 2809 1406 2852 59].

395 2915 491 2960 45.
539 2914 651 2957 [Vers.
670 2913 721 2956 9.]
753 2906 872 2959 “qu
898 2905 1348 2960 dohannes.''—Quod
1381 2906 1603 2960 significet
1632 2906 1799 2947 doari-

319 2960 421 3008 nizm
451 2967 503 3008 de
531 2967 729 3018 Domino,
758 2974 970 3010 constare
1000 2973 1154 3022 potest
1186 2982 1245 3009 ex
1277 2968 1694 3022 repraesentatione
1723 2967 1800 3021 Jo—
