2060 3476
285 350 371 392 240
699 349 1030 382 APOCALYPSIS
1062 350 1362 384 EXPLICATA.

285 463 501 505 similiter.
582 463 698 517 Quia
731 464 931 506 “mane'’
962 465 1186 518 significat
1228 466 1487 516 Dominum,
1525 464 1771 511 adventum

286 527 441 580 Ipsius,
466 534 562 568 tum
585 541 772 581 regnum
797 529 940 582 Ipsius
963 536 1008 570 et
1031 529 1284 578 ecclesiam,
1309 537 1357 571 ut
1380 537 1426 572 et
1458 531 1625 572 bonum
1647 545 1772 574 amo-

283 591 341 630 ris
372 590 491 644 quod
523 591 580 631 ab
612 591 730 644 Ipso,
764 592 868 633 inde
899 599 1109 634 constare
1140 599 1293 646 potest
1325 593 1430 647 quid
1462 607 1540 648 per
1572 594 1773 637 “mane’'

284 654 327 693 in
350 655 640 707 sequentibus
663 655 729 695 his
752 655 861 696 locis
883 655 1149 709 intelligitur
1166 656 1375 710 :—Apud
1399 657 1635 707 Davidem,

374 744 397 757 ‘⁸
410 742 478 774 Fac
495 753 552 775 me
568 744 690 775 audire
707 745 773 776 sub
790 754 895 776 mane
912 745 1190 777 misericordiam
1209 751 1304 777 tuam
1317 745 1335 758 ''
1352 745 1497 786 (psalm.
1511 747 1617 780 cxliii.
1633 747 1686 787 8);

287 822 406 875 apud
433 823 640 871 eundem,

355 897 552 929 “Cantabo
571 899 636 930 sub
653 908 758 930 mane
776 899 1054 931 misericordiam
1069 905 1167 931 tuam
1178 898 1197 911 ”
1214 897 1358 940 (Psalm.
1375 899 1435 932 lix.
1455 907 1494 939 17
1513 897 1572 943 [B.
1590 901 1635 933 A.
1653 898 1746 943 16]);

285 969 402 1022 apud
426 969 634 1017 eundem,

355 1042 517 1074 “Satura
540 1052 607 1074 nos
633 1043 699 1074 sub
723 1052 829 1074 mane
854 1043 1098 1074 misericordia
1121 1049 1192 1081 tua,
1220 1049 1258 1075 ut
1281 1043 1472 1084 jubilemus
1496 1050 1531 1076 et
1554 1044 1774 1085 gaudeamus

457 1093 623 1125 omnibus
640 1093 764 1125 diebus
782 1092 941 1124 nostris”
958 1093 1104 1134 (Psalm.
1118 1103 1171 1126 xc.
1189 1092 1241 1134 14)
1255 1103 1262 1133 ;

285 1169 401 1223 apud
425 1169 632 1219 eundem,

353 1244 375 1257 ‘⁸
391 1242 678 1329 Ῐεὴονειὴίἒιεὲε
691 1243 813 1329 αῧάἰεε
826 1253 952 1276 vocem
968 1253 1097 1282 meam,
1114 1254 1219 1276 mane
1231 1245 1419 1286 disponam
1433 1254 1490 1277 me
1503 1245 1584 1277 Tibi
1594 1244 1612 1257 '¹
1626 1245 1772 1287 (Psalm.

459 1297 491 1319 v.
505 1296 526 1327 4
602 1312 608 1319 .
664 1312 672 1320 .
689 1296 708 1327 3
756 1297 763 1326 ;

285 1365 402 1418 apud
425 1365 632 1415 eundem,

354 1438 486 1471 “Deus
510 1439 547 1471 in
570 1439 690 1471 medio
713 1439 791 1480 ejus
795 1463 888 1477 .....
895 1438 1079 1480 adjuvabit
1103 1436 1216 1472 ffleam
1243 1439 1352 1478 Deus,
1379 1449 1459 1472 cum
1484 1438 1623 1481 spetstat
1639 1449 1744 1473 mane
1753 1439 1774 1454 '²

459 1482 604 1523 (Psalm.
618 1483 703 1516 xlvi.
717 1484 738 1514 6
753 1482 813 1525 [B.
833 1484 880 1515 A.
896 1481 946 1524 5])
959 1492 966 1521 ;

286 1560 404 1614 apud
427 1561 634 1609 eundem,

384 1634 406 1647 “
419 1633 527 1672 Deus,
549 1633 646 1665 Deus
663 1643 775 1672 meus,
796 1643 901 1665 mane
918 1643 1051 1675 quaero
1068 1633 1119 1666 Te
1132 1633 1151 1646 ’'
1167 1632 1313 1672 (Psalm.
1330 1634 1416 1666 lxiii.
1432 1642 1450 1666 2
1464 1631 1525 1677 [B.
1541 1635 1588 1667 A.
1605 1631 1654 1677 1])
1668 1643 1677 1674 ς

286 1709 403 1763 apud
426 1708 631 1758 Esaiam,

355 1782 429 1815 “In
443 1783 500 1866 d(ie
513 1783 671 1868 piant3m
685 1789 782 1815 tuam
799 1793 956 1816 crescere
969 1783 1090 1823 facies,
1106 1789 1142 1816 et
1155 1794 1260 1816 mane
1276 1794 1400 1817 semen
1413 1791 1513 1817 tuum
1526 1784 1746 1819 efflorescere
1755 1783 1776 1800 ’⁹

474 1837 558 1859 xvn.
577 1835 614 1858 11
644 1836 651 1866 ;

285 1903 403 1956 apud
426 1903 634 1951 eundem,

397 1976 603 2018 “Jehovah,
621 1974 734 2009 [²1esto
751 1977 933 2009 brachium
948 1987 1071 2009 eorum
1089 1978 1239 2019 singulis
1256 1977 1431 2010 matutis''
1447 1977 1581 2019 (xxxiii.
1596 1977 1650 2019 2);

285 2053 403 2107 apud
427 2054 634 2102 eundem,

354 2125 593 2179 '‘[31Dominus
606 2128 758 2212 Je30v3h
769 2128 866 2160 dedit
879 2128 965 2160 mihi
979 2128 1138 2169 linguam
1152 2126 1339 2160 doctorum
1344 2153 1436 2167 .....
1444 2128 1610 2161 excitavit
1623 2128 1775 2170 singulis

459 2178 604 2203 matutis
614 2171 631 2184 ''
678 2196 685 2204 .
700 2181 722 2212 4
747 2181 754 2211 ;

285 2248 402 2302 apud
428 2248 688 2297 Jeremz'am,

354 2327 375 2339 ‘⁴
387 2324 540 2356 Locutus
551 2334 629 2356 sum
643 2324 688 2356 ad
699 2334 763 2357 vos
774 2325 924 2365 singulis
938 2326 1080 2357 matutis
1092 2325 1110 2337 ”
1121 2325 1193 2367 (vii.
1209 2334 1246 2365 13
1261 2335 1268 2365 ;
1293 2335 1368 2366 cap.
1381 2326 1427 2358 xi.
1441 2332 1459 2365 7
1472 2335 1479 2365 ;
1504 2335 1580 2366 cap.
1591 2335 1672 2357 XXV.
1686 2333 1715 2364 3,
1726 2324 1773 2366 4).

286 2408 359 2449 Ex
383 2407 712 2461 significatione
737 2408 946 2457 “mane,''
964 2415 1172 2450 constare
1194 2415 1347 2463 potest
1365 2409 1469 2463 quid
1493 2407 1773 2450 intellectum

285 2478 356 2513 est
382 2485 460 2525 per

351 2548 455 2589 Quod
471 2557 577 2579 mane
594 2548 768 2588 depluerit
785 2558 918 2579 manna
934 2547 1057 2587 (Exod.
1074 2549 1143 2581 xvi.
1163 2556 1213 2587 12,
1230 2557 1280 2588 13,
1296 2548 1370 2589 21);

351 2591 455 2633 Quod
471 2591 632 2633 Jehovah
649 2602 753 2623 mane
770 2592 993 2624 descenderit
1009 2602 1115 2632 super
1132 2592 1256 2624 Monte
1273 2593 1369 2624 Sinai
1387 2591 1509 2633 (Ex-od.
1526 2593 1596 2625 xix.
1616 2592 1687 2632 16);

352 2635 456 2677 Quod
472 2635 638 2667 sacerdos
655 2636 863 2667 accenderet
881 2645 987 2675 super
1002 2636 1104 2667 altari
1128 2636 1226 2676 ligna
1242 2636 1366 2677 quovis
1383 2646 1500 2674 mane,
1520 2642 1555 2668 et
1571 2636 1777 2677 disponeret

459 2689 565 2720 super
581 2689 623 2710 eo
640 2680 888 2711 holocaustum
905 2680 1026 2719 (Levit.
1043 2679 1089 2712 vi.
1108 2687 1124 2718 5
1145 2678 1204 2722 [B.
1220 2681 1266 2712 A.
1285 2678 1356 2721 12])
1370 2689 1377 2718 ;

285 2775 332 2810 et
358 2768 462 2822 quid
487 2767 690 2816 involvit,
719 2767 838 2821 quod
865 2768 1026 2809 dicitur
1052 2767 1108 2809 de
1134 2767 1359 2809 Sacrificio
1386 2768 1631 2815 Paschatis,

354 2860 376 2874 ‘⁴
387 2857 606 2891 Sacrificabis
632 2858 784 2891 Pascha.
798 2883 806 2891 .
819 2883 827 2890 .
842 2868 937 2891 ,cum
962 2858 1130 2890 occiderit
1153 2858 1208 2890 sol
1222 2867 1245 2894 ς.
1260 2883 1268 2890 .
1282 2883 1289 2890 .
1304 2858 1447 2890 ,deinde
1471 2857 1635 2889 comedes
1640 2881 1732 2895 .....
1739 2865 1776 2891 et

459 2902 626 2942 respicies
643 2911 759 2940 mane,
781 2908 815 2934 et
832 2902 900 2934 ibis
917 2902 953 2933 in
970 2902 1125 2934 tentoria
1140 2901 1229 2933 tua'’
1245 2901 1363 2942 (Deut.
1380 2901 1451 2933 xvi.
1468 2902 1498 2938 6.
1517 2901 1549 2942 7)
1563 2910 1570 2939 ;

286 2992 405 3047 quod
439 2990 778 3034 “sacrificarent
817 2992 987 3033 Pascha
1024 3005 1124 3033 cum
1157 2991 1370 3033 occiderit
1407 2990 1513 3040 sol‚“
1544 2996 1640 3032 erat
1672 2990 1774 3044 quia
