2060 3476
633 334 739 368 CAP.
763 334 848 375 111.,
872 333 1011 366 VERs.
1035 333 1182 377 7.—N.
1206 322 1375 378 204[a].
1672 331 1750 376 295

253 450 437 492 homine
460 456 507 492 et
533 464 593 492 ex
619 449 802 498 mundo,
827 454 874 490 et
900 461 991 489 non
1014 462 1073 489 ex
1098 447 1296 488 Domino
1318 453 1365 488 et
1388 461 1413 488 e
1439 446 1594 497 caelo;
1627 452 1753 487 amat

253 514 374 555 enim
406 527 563 569 verum
603 526 694 554 non
731 527 791 554 ex
831 525 985 553 amore
1017 511 1124 560 veri,
1158 510 1238 552 sed
1272 524 1332 551 ex
1364 521 1518 551 amore
1551 509 1750 557 honoris,

253 575 363 618 lucri
381 582 427 618 et
445 577 605 625 famae,
625 576 695 617 cui
712 575 851 616 servit
868 588 878 625 ;
905 580 952 615 et
971 574 1074 628 quia
1091 587 1245 614 verum
1265 573 1358 614 tale
1377 579 1462 621 est,
1483 573 1622 614 etiarn
1640 571 1752 612 fides

253 639 358 680 talis
384 645 469 680 est.
530 638 643 679 Inde
670 644 740 679 est
772 637 894 692 quod
920 636 1032 678 haec
1066 635 1178 677 fides
1205 649 1296 677 non
1323 637 1382 677 sit
1414 635 1527 676 fides
1553 635 1648 676 veri
1675 648 1750 675 ec-

253 701 434 752 elesiae,
463 716 543 743 seu
568 701 680 742 fides
711 702 755 742 in
788 699 1009 754 spirituali
1040 713 1190 748 sensu,
1219 699 1298 740 sed
1331 700 1375 740 in
1403 698 1612 747 naturali,
1637 711 1752 751 quae

254 771 324 807 est
350 766 554 806 scientia.
596 763 887 818 Quapropter
904 764 1057 812 etiam,
1077 763 1180 817 quia
1197 762 1308 803 nihil
1326 762 1418 816 ejus
1437 768 1507 803 est
1530 762 1574 802 in
1593 761 1751 815 spiritu

255 828 464 878 hominis,
498 828 579 869 sed
611 828 749 869 modo
772 828 829 868 jin
862 826 956 880 ejus
988 827 1205 867 memoria
1237 839 1325 866 una
1357 839 1458 866 cum
1491 825 1588 865 aliis
1620 824 1751 865 rebus

254 892 424 940 mundi,
448 888 554 932 ideo
578 892 717 933 etiam
743 897 848 944 post
871 896 1065 931 mortem
1089 890 1333 943 dissipatur
1352 902 1360 929 ε
1378 889 1438 942 ,id
1461 889 1580 929 enim
1604 887 1750 928 solum

255 955 374 1008 apud
397 954 628 996 hominem
655 961 760 1008 post
787 960 984 995 mortem
1011 959 1166 993 manet
1193 952 1314 1006 quod
1337 958 1407 993 est
1439 951 1532 1004 ejus
1559 951 1749 1000 amoris;

256 1030 362 1058 nam
385 1024 433 1059 ut
457 1016 625 1059 dictum
648 1024 732 1066 est,
752 1030 878 1058 amor
899 1017 1064 1057 format
1088 1016 1294 1069 spiritum
1317 1015 1526 1063 hominis,
1547 1020 1593 1056 et
1612 1013 1751 1054 homo

254 1079 406 1133 quoad
437 1079 644 1132 spiritum
680 1084 751 1119 est
786 1092 970 1132 prorsus
1006 1077 1152 1131 qualis
1187 1077 1282 1130 ejus
1317 1090 1458 1117 amor.
1530 1086 1682 1124 (Reliqua
1712 1087 1752 1115 de

252 1141 403 1169 charitate
415 1144 446 1169 et
459 1140 534 1168 inde
548 1140 611 1168 fide
622 1140 790 1168 videantur
800 1140 832 1167 in
846 1139 1003 1168 Doctrina
1016 1140 1126 1167 Novae
1138 1139 1383 1176 Hierosolymae,
1396 1138 1450 1166 ubi
1466 1135 1569 1174 agitur
1580 1137 1630 1165 De
1642 1136 1752 1166 Chari-

252 1190 316 1214 tate
334 1189 366 1213 et
388 1185 476 1220 Fide,
492 1194 524 1216 n.
540 1185 661 1223 84-106
675 1189 707 1214 et
724 1187 881 1221 108-122;
904 1190 935 1215 et
949 1186 982 1215 in
997 1185 1153 1223 opusculo
1170 1185 1221 1214 De
1239 1185 1358 1214 Ultimo
1372 1184 1516 1224 Judici0‚
1534 1194 1564 1214 n.
1581 1193 1690 1221 33-39.
1707 1183 1761 1212 ubi

252 1239 431 1268 ostenditur
449 1241 538 1277 quod
557 1240 646 1269 nulla
664 1239 743 1269 fides
762 1240 801 1269 sit
820 1241 875 1269 ubi
895 1249 960 1269 non
981 1240 1146 1278 charitas.)
1214 1228 1349 1281 Quod
1388 1234 1413 1249 ‘⁴
1431 1227 1640 1269 Sanfflium
1656 1227 1676 1242 '¹
1715 1227 1761 1267 in

252 1290 409 1332 Verbo
446 1290 623 1331 dicatur
659 1290 716 1330 de
756 1289 922 1330 Divino
950 1289 1088 1337 Vero,
1117 1296 1163 1330 et
1201 1289 1306 1330 inde
1345 1289 1401 1330 de
1439 1289 1665 1330 charitate
1703 1296 1749 1330 et

252 1354 344 1408 ejus
367 1353 469 1403 fide,
494 1359 679 1394 constat
707 1367 733 1393 a
756 1352 868 1393 locis
891 1353 950 1393 ibi
974 1353 1047 1392 ubi
1070 1354 1342 1393 nominatur.
1386 1351 1501 1393 Sunt
1524 1352 1612 1392 duo
1635 1366 1750 1405 quae

213 1417 217 1420 ’
252 1417 507 1472 procedunt
538 1431 565 1458 a
596 1417 796 1458 Domino
827 1430 879 1458 ac
912 1417 1191 1470 recipiuntur
1222 1417 1280 1457 ab
1311 1415 1501 1469 angelis,
1537 1415 1749 1456 Divinum

252 1481 430 1522 Bonum
457 1486 503 1522 et
528 1480 742 1521 Divinum
769 1479 956 1520 Verum.
1020 1479 1148 1520 Haec
1177 1480 1266 1520 duo
1292 1480 1418 1520 unita
1444 1478 1698 1532 procedunt
1724 1492 1751 1518 a

252 1544 466 1593 Domino,
495 1544 575 1584 sed
608 1543 666 1584 ab
697 1543 874 1596 angelis
900 1544 1175 1596 recipiuntur
1200 1543 1347 1583 varie:
1381 1542 1564 1596 quidam
1590 1542 1749 1594 recipi-

252 1613 335 1648 unt
359 1607 572 1648 Divinum
592 1606 769 1647 Bonum
787 1606 887 1660 plus
909 1620 1043 1660 quam
1064 1606 1276 1647 Divinum
1296 1605 1483 1654 Verum,
1502 1611 1549 1646 et
1567 1605 1749 1658 quidam

251 1671 475 1724 recipiunt
498 1670 712 1710 Divinum
735 1670 907 1710 Verum
931 1669 1030 1724 plus
1053 1683 1188 1723 quam
1213 1670 1425 1710 Divinum
1450 1669 1653 1719 Bonum;
1686 1667 1750 1708 illi

251 1734 325 1788 qui
351 1733 451 1788 plus
476 1734 699 1787 recipiunt
726 1733 938 1774 Divinum
966 1733 1143 1774 Bonum
1165 1746 1300 1786 quam
1325 1733 1538 1774 Divinum
1561 1732 1747 1779 Verum,

251 1798 540 1839 constituunt
577 1810 767 1850 regnum
805 1796 1005 1837 caeleste
1044 1797 1227 1837 Domini
1265 1802 1312 1837 et
1350 1796 1560 1836 dicuntur
1596 1794 1750 1848 angeli

251 1860 492 1909 caelestes,
521 1873 572 1901 ac
599 1860 644 1900 in
671 1859 828 1900 Verbo
854 1866 1077 1900 vocantur
1106 1859 1248 1912 “justi
1264 1859 1298 1910 ;'’
1325 1866 1372 1900 at
1398 1858 1463 1899 illi
1489 1859 1562 1912 qui
1588 1858 1748 1911 recipi-

251 1930 333 1965 unt
364 1923 465 1977 plus
499 1922 712 1963 Divinum
740 1922 911 1963 Verum
943 1935 1078 1976 quam
1106 1922 1320 1963 Divinum
1353 1921 1544 1970 Bonum,
1574 1916 1747 1961 consti-

251 1993 386 2028 tuunt
411 1999 602 2039 regnum
629 1985 861 2039 spirituale
888 1985 1086 2034 Domini,
1115 1999 1166 2026 ac
1200 1985 1411 2026 dicuntur
1436 1984 1589 2037 angeli
1620 1984 1749 2038 spiri-

251 2049 417 2098 tuales,
447 2054 494 2088 et
524 2048 570 2088 in
595 2047 754 2088 Verbo
778 2053 1004 2087 vocantur
1032 2046 1216 2088 “sancti
1233 2046 1268 2086 :“
1297 2057 1352 2095 (de
1371 2057 1453 2086 binis
1472 2057 1531 2086 iuis
1546 2057 1650 2094 regnis
1665 2061 1695 2085 et
1710 2058 1751 2085 de

250 2113 371 2151 angelis
383 2121 494 2141 eorum
506 2112 651 2141 videatur
662 2111 695 2140 in
711 2120 807 2149 opere
821 2112 871 2140 De
887 2111 977 2141 Caelo
989 2114 1020 2140 et
1029 2111 1167 2150 Inferna,
1180 2120 1211 2140 n.
1225 2112 1324 2140 20-28
1335 2110 1358 2149 z)
1388 2099 1495 2140 inde
1525 2106 1596 2140 est
1626 2099 1749 2153 quod

253 2178 332 2219 per
351 2163 556 2216 “justum
567 2162 586 2178 ’¹
605 2168 652 2203 et
678 2161 965 2217 “justitiam”
982 2163 1027 2202 in
1050 2161 1206 2203 Verbo
1228 2161 1512 2214 intelligatur
1534 2161 1748 2201 Divinum

254 2227 432 2268 Bonum'
459 2232 506 2267 et
532 2225 652 2280 quod
678 2226 783 2266 inde
806 2225 1039 2279 procedit3
1073 2238 1125 2266 ac
1152 2225 1273 2278 quod
1300 2238 1378 2278 per
1403 2220 1679 2265 “sanctum'’
1702 2230 1749 2264 et

255 2287 618 2331 “sanctitatem’'
649 2288 935 2342 intelligatur
964 2288 1179 2329 Divinum
1206 2287 1379 2328 Verum
1411 2294 1458 2328 et
1490 2287 1611 2341 quod
1644 2287 1748 2328 inde

252 2353 471 2408 procedit.
533 2352 608 2393 Ex
635 2352 704 2393 his
730 2359 942 2393 constare
969 2358 1124 2406 potest
1150 2351 1255 2405 quid
1282 2351 1326 2392 in
1350 2351 1506 2392 Verbo
1531 2350 1749 2404 intelligi-

254 2424 326 2457 tur
342 2430 421 2470 per
437 2415 703 2469 “justificari
714 2415 733 2431 ''
751 2421 798 2456 et
816 2415 921 2469 quid
945 2429 1023 2469 per
1040 2418 1065 2435 ‘⁴
1078 2413 1346 2455 sanctificari
1363 2414 1524 2456 :'’—Ut
1541 2415 1585 2455 in
1599 2413 1749 2467 Apoc-

253 2479 416 2534 alypsi,

321 2576 344 2590 ‘⁴
356 2574 440 2659 Qui(
448 2574 566 2626 jus-tus
583 2580 638 2659 {est
659 2574 872 2616 justificetur
887 2574 1013 2613 adhuc,
1034 2574 1093 2616 qui
1118 2572 1264 2605 sandius
1281 2580 1336 2605 est
1352 2571 1592 2606 sandiificetur
1608 2572 1751 2605 adhuc”

441 2628 524 2651 xxii.
544 2627 581 2650 11
609 2627 618 2657 ;

253 2701 301 2738 et
328 2694 447 2750 apud
472 2684 652 2744 Luca'm,

388 2771 478 2804 “Ad
495 2771 722 2803 serviendum
741 2770 830 2812 Ipsi.
844 2795 853 2804 .
866 2796 874 2803 .
888 2771 941 2804 ‚in
958 2769 1148 2803 sanctitate
1165 2777 1200 2803 et
1215 2770 1382 2811 justitia''
1399 2770 1434 2810 (i.
1453 2767 1522 2812 74[,
1541 2767 1623 2811 75]).

253 2860 370 2914 Quia
397 2860 611 2901 Divinum
633 2859 805 2900 Verum
827 2860 1078 2914 procedens
1104 2874 1130 2900 a
1157 2859 1356 2900 Domino
1377 2858 1648 2911 intelligitur
1671 2871 1750 2911 per

255 2921 541 2972 “sanctum,'’
577 2923 680 2963 ideo
718 2922 939 2963 Dominus
976 2923 1020 2963 in
1057 2922 1212 2963 Verbo
1249 2928 1438 2963 vocatur
1477 2919 1748 2968 “San&u5,''

255 2985 488 3028 “Sanctus
521 2985 645 3036 Dei,''
677 2984 907 3027 “Sanctus
939 2985 1158 3036 Israelis,”
1188 2984 1418 3027 “Sanctus
1447 2984 1656 3038 Jacobi;’'
1700 2989 1747 3025 et
