2060 3476
703 353 811 387 CAP.
833 352 879 395 1.,
902 352 1041 386 VERS.
1063 352 1211 397 7.—N.
1236 342 1302 396 36.
1694 353 1746 394 41

252 468 373 498 Verum
387 467 420 498 in
434 467 533 503 caelo,
547 467 592 497 ita
605 475 733 496 sensum
747 466 916 501 internum,
931 465 1007 503 quia
1019 465 1071 495 hic
1085 470 1132 494 est
1147 465 1300 494 Divinum
1314 464 1436 494 Verum
1450 463 1484 492 in
1498 463 1596 497 melo,
1612 471 1645 492 n.
1661 470 1750 500 5922.

251 522 342 551 9429,
356 520 470 551 105743
492 513 581 550 quod
595 513 718 541 dicatur
729 514 746 526 ¹⁴
756 516 907 540 venturus
921 511 953 540 in
967 510 1139 548 potentia,''
1153 515 1200 539 est
1210 510 1286 547 quia
1299 509 1403 538 omnis
1416 508 1560 547 potentia
1573 512 1620 537 est
1636 507 1752 536 Divino

254 562 341 592 Vero
359 563 448 600 quod
467 571 488 592 a
506 562 658 596 Domino,
678 562 711 591 in
730 570 827 599 opere
848 561 898 590 De
919 561 1010 590 Caelo
1028 563 1059 590 et
1076 561 1212 599 Inferna,
1228 568 1260 589 n.
1276 561 1427 596 228-233,
1443 558 1529 597 539.)
1594 546 1751 588 Simile

253 613 523 666 intelligitur
548 626 627 667 per
654 612 837 653 Domini
862 611 1001 652 verba
1025 611 1083 652 ad
1109 610 1359 664 principem
1385 608 1673 650 sacerdotum
1694 621 1704 647 :

323 709 462 752 “Jesus
478 709 567 742 dixit
577 708 595 721 ”
613 708 764 749 principi
783 708 1020 745 sacerdotum,
1044 708 1066 722 ‘⁴
1080 707 1133 738 Ex
1150 717 1244 738 nunc
1262 706 1428 738 videbitis
1446 705 1574 738 Filium
1592 706 1750 739 hominis

430 754 615 785 sedentem
639 753 685 784 ad
709 753 872 784 dextram
892 751 1087 793 potentiae,
1107 757 1143 783 et
1159 751 1365 783 venientem
1390 751 1427 782 in
1451 751 1606 782 nubibus
1630 751 1718 782 caeli
1731 750 1750 763 ’'

427 797 574 839 (Matth.
590 796 686 829 xxvi.
702 793 800 835 [¹164;
824 796 938 828 Marc.
958 795 1030 828 xiv.
1050 794 1127 836 62);

257 895 435 936 “Filius
453 894 648 936 hominis
658 894 678 910 ”
692 900 763 935 est
782 894 1004 935 Dominus
1017 893 1167 947 quoad
1187 893 1399 933 Divinum
1414 881 1614 943 Verum}
1640 896 1666 913 “
1679 907 1749 934 se-

255 959 362 1000 dere
393 959 451 1000 ad
483 959 696 999 dextram
727 956 1003 1011 potentiae,''
1034 964 1104 998 est
1137 958 1206 998 cui
1238 957 1598 1009 omnipotentia;
1635 960 1749 997 “ve-

254 1024 348 1064 nire
373 1023 418 1063 in
444 1022 635 1063 nubibus
661 1021 806 1062 caeli''
832 1027 904 1062 est
929 1020 1151 1062 revelatio
1177 1020 1328 1061 Divini
1355 1020 1465 1061 Veri
1490 1020 1547 1061 de
1574 1020 1680 1074 Ipso
1706 1021 1751 1061 in

255 1086 426 1135 Verbo,
459 1098 565 1126 nam
597 1084 655 1126 Se
693 1085 846 1138 Ipsum
878 1084 1123 1135 revelavit;
1167 1091 1213 1125 et
1245 1098 1422 1138 quoque
1454 1085 1606 1124 omnia
1636 1098 1751 1138 quae

255 1150 549 1190 continentur
578 1149 622 1189 in
655 1161 791 1188 sensu
822 1148 1019 1196 interno,
1047 1148 1090 1187 in
1123 1161 1212 1201 quo
1243 1148 1393 1200 agitur
1423 1147 1663 1201 praecipue
1694 1146 1751 1188 de

256 1209 585 1264 glorificatione
605 1209 803 1250 Humani
823 1210 983 1264 Ipsius,
1002 1209 1221 1264 implevit.
1275 1209 1430 1251 Simile
1449 1223 1528 1263 per
1545 1214 1569 1229 “
1583 1210 1724 1251 nubes
1735 1208 1755 1224 '’

255 1274 299 1314 in
325 1273 617 1327 sequentibus
643 1273 712 1313 his
738 1273 849 1314 locis
875 1273 1154 1327 significatur
1170 1273 1380 1327 :—Apud
1406 1272 1649 1322 Danielem,

324 1368 531 1400 “Videbam
551 1365 621 1409 [in]
639 1367 839 1399 visionibus
857 1365 985 1405 noetis,
1006 1366 1101 1408 quod
1125 1376 1206 1398 ecce
1223 1376 1303 1398 cum
1329 1367 1486 1399 nubibus
1510 1367 1599 1399 caeli
1622 1368 1752 1401 similis

431 1412 522 1444 Filio
538 1411 696 1443 hominis
712 1411 880 1443 veniebat
890 1410 908 1423 ”
925 1410 999 1451 (vii.
1020 1410 1095 1450 13);

254 1497 300 1538 in
326 1495 618 1549 Apocalypsi,

325 1588 347 1601 ‘⁸
359 1586 508 1627 Aspexi,
527 1591 563 1617 et
579 1595 659 1617 ecce
677 1586 790 1616 nubes
808 1584 980 1622 candida;
1005 1589 1041 1615 et
1058 1584 1143 1615 nubi
1160 1580 1340 1615 insidebat
1355 1583 1484 1614 similis
1495 1580 1622 1614 [²]Filio
1637 1582 1754 1615 homi-

430 1630 498 1669 nis,
517 1630 655 1662 habens
671 1629 877 1670 impositam
895 1628 1002 1669 capiti
1018 1638 1084 1660 suo
1100 1637 1271 1660 coronam
1283 1626 1301 1639 '’
1318 1627 1404 1668 (xiv.
1423 1635 1474 1667 14,
1493 1627 1568 1668 16);

257 1714 376 1767 apud
400 1712 606 1762 Esaiam,

436 1784 437 1787 Ἴ
544 1802 567 1816 “
579 1801 669 1833 Ecce
684 1800 848 1843 Jehovah
865 1801 1026 1833 insidens
1043 1797 1165 1832 [³]nubi
1182 1800 1253 1832 levi
1263 1798 1282 1812 '’
1296 1799 1380 1841 (xix.
1400 1799 1431 1840 1)
1445 1809 1453 1838 ;

257 1878 376 1933 apud
404 1877 642 1927 Davidem,

327 1969 350 1983 ‘⁸
363 1967 515 2000 Cantate
533 1967 624 2005 Deo,
643 1967 786 1998 laudate
804 1977 939 1998 nomen
958 1965 1088 2007 Ipsius,
1108 1966 1269 1998 extollite
1285 1966 1505 2008 equitantem
1529 1976 1637 2008 super
1650 1967 1754 1999 nubi·

431 2013 497 2044 bus
508 2010 526 2024 ¹¹
543 2011 689 2052 (Psalm.
706 2011 815 2043 lxviii.
835 2018 851 2050 5
872 2008 933 2053 [B.
949 2012 996 2043 A.
1011 2008 1064 2052 4])
1078 2020 1086 2049 ;

258 2088 378 2143 apud
404 2088 612 2137 eundem,

327 2177 523 2228 “Jehovah
536 2177 638 2262 ponit
651 2178 763 2209 nubes
777 2161 918 2209 currum
936 2186 1040 2209 suurn
1054 2186 1062 2216 ;
1079 2176 1239 2208 ambulat
1254 2186 1362 2218 super
1371 2176 1440 2209 alis
1455 2177 1555 2209 venti
1567 2176 1586 2189 ”
1603 2175 1751 2218 (Psalm.

434 2231 501 2254 civ.
518 2229 537 2261 3
555 2246 563 2253 .

261 2316 372 2371 Quis
403 2330 495 2358 non
527 2317 680 2358 videre
711 2323 867 2370 potest
898 2317 1020 2371 quod
1057 2316 1169 2358 haec
1203 2330 1295 2358 non
1327 2316 1632 2370 intelligenda
1662 2317 1753 2358 sint

261 2380 508 2422 secundum
530 2393 713 2421 sensum
740 2379 935 2429 litterae,
960 2393 1123 2433 nempe
1145 2380 1266 2434 quod
1286 2380 1494 2433 Jehovah
1519 2381 1753 2421 “insideat

262 2443 407 2492 nubi,‘'
432 2443 552 2498 quod
580 2444 792 2497 “equitet
818 2457 952 2496 super
977 2443 1208 2492 nubibus‚’'
1235 2449 1281 2484 et
1307 2444 1428 2497 quod
1457 2447 1645 2497 “ponat
1671 2457 1754 2484 nu-

262 2507 342 2548 bes
383 2519 559 2547 currum
599 2506 782 2547 suum'’?
861 2505 949 2560 Qui
987 2507 1280 2560 spiritualiter
1324 2508 1597 2560 cogitat,>is
1642 2508 1755 2548 scire

263 2576 417 2624 potest
455 2569 576 2623 quod
611 2569 822 2622 Jehovah
855 2570 900 2610 in
936 2584 1019 2610 suo
1053 2569 1219 2610 Divino
1247 2569 1371 2611 Vero
1402 2571 1476 2619 sit,
1509 2570 1596 2611 hoc
1636 2571 1754 2611 enim

263 2633 469 2687 procedit
509 2632 567 2673 ab
612 2633 744 2686 Ipso;
791 2639 1124 2687 consequenter
1163 2633 1285 2686 quod
1330 2633 1375 2673 id
1425 2647 1504 2686 per
1545 2634 1726 2674 “nubes
1737 2633 1756 2648 ‘'

264 2697 323 2737 ibi
348 2695 644 2750 intelligatur.
705 2696 816 2737 Ideo
842 2697 981 2737 etiam
1007 2696 1170 2736 dicitur
1195 2696 1316 2749 quod
1341 2695 1583 2748 “Jehovah
1610 2703 1754 2749 ponat

265 2760 407 2800 nubes
432 2772 607 2799 currum
633 2759 801 2807 suum,''
822 2773 902 2812 per
929 2763 1144 2800 “currum
1156 2758 1175 2774 ’'
1196 2760 1316 2799 enim
1342 2758 1623 2812 significatur
1644 2759 1754 2799 doc-

263 2821 389 2862 trina
412 2821 508 2861 veri
533 2830 692 2869 (videatur
705 2839 737 2861 n.
751 2829 876 2868 [⁴12762.
892 2838 983 2869 5321,
996 2831 1105 2870 8215).
1163 2819 1386 2862 Similiter
1409 2820 1455 2861 in
1479 2820 1551 2861 his
1575 2820 1689 2862 locis
1706 2833 1758 2860 :-

263 2887 403 2942 Apud
428 2886 633 2935 Esaiam,

363 2979 382 2992 ⁴¹
394 2977 581 3010 Destillate
598 2975 687 3008 caeli
703 2984 866 3017 superne,
883 2981 919 3007 et
935 2974 1138 3016 superiores
1154 2975 1269 3007 nubes
1285 2973 1463 3016 justitiam
1474 2973 1494 2987 ”
1511 2972 1595 3015 (xlv.
1613 2972 1668 3015 8);
