2060 3476
375 367 454 413 502
784 369 1118 404 APOCALYPSIS
1149 371 1448 404 EXPLICATA.

371 483 511 536 spirat
538 486 584 525 et
614 484 812 535 animat;
854 497 990 538 quare
1016 485 1073 526 ad
1104 484 1206 526 illos
1232 485 1354 539 cupit
1379 485 1453 539 qui
1478 485 1523 525 in
1548 484 1680 526 simili
1705 498 1858 527 amore

371 545 477 586 mali
513 553 632 588 sunt.
702 546 884 588 Exinde
920 554 1132 589 constare
1167 554 1322 602 potest
1354 547 1473 601 quod
1510 560 1601 588 non
1638 547 1858 593 Dominus

333 656 350 667 .
365 606 536 660 judicet
554 609 763 663 aliquem,
781 610 861 650 sed
879 609 999 664 quod
1022 610 1235 651 Divinum
1253 610 1424 651 Verum
1441 616 1674 663 receptum
1688 609 1858 662 judicet

369 670 426 711 ad
453 671 628 712 caelum
654 671 756 713 illos
777 673 851 726 qui
876 679 1142 727 receperunt
1170 673 1382 713 Divinum
1405 673 1574 714 Verum
1598 673 1747 721 corde,
1771 672 1856 713 hoc

369 739 453 781 est,
469 747 622 775 amore
640 748 649 786 ;
677 741 723 776 et
741 735 798 776 ad
815 735 1034 776 infernum
1048 735 1150 776 illos
1165 736 1239 789 qui
1256 748 1346 776 non
1360 741 1627 788 receperunt
1646 735 1857 776 Divinum

369 794 540 837 Verum
572 797 721 847 corde,
755 803 801 839 et
832 799 905 851 qui
941 804 1223 851 negaverunt
1255 797 1378 838 illud.
1439 798 1514 838 Ex
1547 797 1615 838 his
1646 804 1857 839 constare

367 864 523 910 potest
540 860 768 913 quomodo
790 859 1137 912 intelligendum
1155 860 1274 913 quod
1298 860 1517 901 Dominus
1536 860 1717 908 dixerit,
1737 861 1856 914 quod

371 923 543 962 “omne
564 921 778 975 judicium
802 923 859 963 sit
888 922 1004 963 Filio
1025 923 1128 976 quia
1155 922 1293 963 Filius
1316 922 1509 964 hominis
1531 923 1641 972 est,’'
1663 929 1708 964 et
1736 923 1854 971 alibi,

367 983 488 1036 quod
513 987 642 1025 “non
663 985 837 1026 venerit
864 991 913 1026 ut
934 984 1106 1038 judicet
1128 985 1358 1034 mundum,
1382 985 1462 1026 sed
1487 992 1536 1027 ut
1558 985 1704 1027 salvet
1727 999 1855 1026 mun·

367 1045 513 1094 dum,”
538 1052 585 1088 et
610 1047 731 1101 quod
760 1047 1001 1088 “Verbum
1027 1048 1147 1101 quod
1175 1047 1352 1088 locutus
1378 1054 1448 1089 est
1470 1047 1772 1101 judicaturum
1797 1049 1855 1090 sit

366 1107 531 1149 illurn.''
591 1108 680 1150 Sed
702 1109 813 1150 haec
832 1109 942 1150 talia
964 1116 1070 1151 sunt
1088 1124 1202 1164 quae
1225 1123 1315 1151 non
1337 1110 1505 1151 cadunt
1525 1111 1571 1151 in
1594 1110 1854 1163 intelligen—

366 1172 478 1212 tiam
504 1173 729 1226 propriam
757 1172 966 1221 hominis,
994 1179 1099 1214 sunt
1125 1174 1244 1214 enim
1274 1174 1392 1214 inter
1417 1186 1581 1213 arcana
1607 1173 1855 1226 sapientiae

366 1231 649 1285 angelorum.
707 1243 786 1282 (Sed
804 1253 906 1281 usque
921 1244 961 1272 de
975 1244 1035 1273 hac
1051 1253 1084 1273 re
1098 1244 1218 1281 aliquid
1232 1244 1426 1274 elucidatum
1441 1248 1488 1273 est
1502 1244 1534 1273 in
1548 1253 1644 1282 opere
1660 1245 1711 1275 De
1726 1245 1815 1274 Caelo
1829 1249 1857 1274 et

366 1296 504 1335 Inferna,
518 1306 547 1326 n.
564 1304 713 1334 545-551,
726 1297 780 1327 ubi
795 1297 902 1326 aetum
919 1301 965 1326 est
979 1298 1019 1326 de
1034 1306 1083 1332 eo,
1096 1297 1193 1334 Quod
1210 1297 1367 1326 Dominus
1381 1297 1541 1326 neminem
1556 1297 1587 1325 in
1605 1298 1765 1326 Inferuum
1782 1307 1855 1327 con-

361 1349 458 1387 jiciat,
471 1351 527 1380 sed
540 1352 628 1388 quod
642 1351 708 1389 ipse
720 1351 846 1389 spiritus
857 1351 982 1389 semet.)
1023 1340 1158 1394 Quod
1176 1340 1400 1381 Dominus
1417 1341 1475 1381 Sit
1493 1341 1567 1394 qui
1582 1340 1855 1394 intelligstur

365 1414 445 1455 per
473 1401 757 1443 “Sedentem
789 1415 922 1456 super
953 1401 1159 1451 thron0‚”
1186 1408 1232 1443 et
1264 1415 1354 1443 non
1386 1401 1498 1442 alius
1530 1413 1662 1455 quem
1694 1402 1854 1442 distin-

365 1470 510 1517 guunt
523 1464 585 1506 ‘ab
604 1465 709 1518 Ipso
727 1471 772 1506 et
788 1471 955 1506 vocant
973 1468 998 1485 ‘⁴
1012 1465 1158 1505 Deum
1177 1464 1397 1514 Patrem,'’
1411 1470 1622 1505 constare
1641 1465 1854 1505 unicuivis

365 1533 520 1580 potest
543 1541 602 1568 ex
625 1541 693 1576 eo,
713 1528 834 1582 quod
857 1541 947 1568 non
966 1527 1086 1568 aliud
1110 1527 1321 1568 Divinum
1343 1527 1473 1568 fuerit
1491 1527 1611 1580 quod
1634 1527 1854 1567 Dominus

365 1591 548 1631 vocavit
565 1590 800 1631 “Patrem'’
814 1603 948 1644 quam
963 1603 1090 1630 suum
1110 1590 1322 1631 Divinum
1340 1604 1348 1640 ;
1376 1590 1462 1631 hoc
1478 1591 1597 1630 enim
1612 1591 1854 1643 assumpsit

366 1652 642 1702 Humanum,
676 1667 812 1706 quare
844 1653 929 1694 hoc
961 1653 1041 1694 fuit
1075 1653 1208 1694 Pater
1240 1652 1410 1706 Ipsius;
1448 1658 1494 1693 et
1527 1652 1646 1706 quod
1677 1651 1764 1693 hoc
1795 1653 1853 1694 sit

364 1715 601 1765 infinitum,
615 1722 864 1764 aeternum,
878 1716 1142 1764 increatum,
1156 1714 1603 1768 omnipotens‚DeuS‚
1618 1714 1852 1763 Dominus,

364 1784 411 1820 et
438 1792 618 1832 prorsus
645 1778 754 1819 nihil
781 1778 989 1820 differens
1015 1779 1072 1819 ab
1103 1779 1201 1832 ipso
1233 1778 1398 1819 Divino
1423 1778 1543 1831 quod
1570 1777 1852 1830 distinguunt

364 1841 422 1882 ab
459 1841 564 1895 Ipso
600 1848 646 1883 et
678 1848 846 1883 vocant
881 1842 1140 1890 “Patrem‚’'
1171 1847 1382 1883 constare
1418 1846 1572 1894 potest
1609 1854 1635 1881 a
1670 1846 1853 1894 recepta

364 1904 477 1946 Fide
502 1918 617 1958 quae
642 1904 962 1946 Athanasiana
986 1911 1200 1946 vocatur:
1235 1904 1308 1945 ubi
1334 1904 1472 1945 etiam
1498 1903 1661 1944 dicitur

435 2012 554 2060 Quod
573 2024 692 2049 nemo
709 2013 855 2049 Eorum
872 2013 1066 2049 maximus
1085 2020 1125 2048 et
1143 2013 1331 2048 minimus
1345 2019 1385 2048 et
1399 2023 1516 2047 nemo
1533 2011 1680 2047 Eorum
1699 2011 1848 2057 primus

362 2067 403 2096 et
415 2061 589 2102 ultimus,
602 2060 672 2096 sed
687 2071 847 2106 prorsus
859 2061 1043 2106 aequales
1057 2072 1064 2101 ;
1082 2067 1122 2095 et
1133 2060 1240 2106 quod
1255 2060 1358 2095 sicut
1369 2070 1471 2094 unus
1486 2058 1540 2093 ita
1551 2059 1650 2093 alter
1663 2057 1851 2098 infinitus,

362 2114 558 2148 aeternus,
579 2108 787 2148 increatus,
806 2107 1071 2153 omnipotens,
1093 2107 1210 2147 Deus,
1233 2106 1439 2146 Dominus,
1458 2112 1498 2141 et
1518 2112 1654 2140 tamen
1673 2116 1753 2140 non
1770 2112 1852 2140 tres

363 2154 507 2189 infiniti
522 2155 591 2190 sed
607 2165 719 2194 unus,
733 2164 813 2189 non
826 2161 906 2189 tres
917 2154 1065 2189 aeterni
1078 2154 1147 2189 sed
1163 2165 1275 2194 unus,
1289 2164 1368 2188 non
1381 2160 1461 2188 tres
1477 2152 1639 2188 increati
1654 2153 1723 2188 sed
1739 2163 1841 2187 unus

362 2212 443 2237 non
462 2208 542 2237 tres
560 2201 857 2248 omnipotentes
876 2201 945 2236 sed
965 2212 1082 2241 unus,
1098 2211 1177 2236 non
1196 2207 1277 2235 tres
1297 2199 1361 2234 Dii
1380 2207 1420 2235 et
1439 2199 1602 2235 Domini
1620 2199 1689 2234 sed
1709 2210 1821 2234 unus.

363 2312 492 2354 Haec
517 2310 637 2354 dicta
662 2318 782 2361 sunt,
810 2318 859 2353 ut
886 2313 1053 2353 sciatur
1078 2312 1198 2366 quod
1225 2325 1316 2352 non
1342 2311 1430 2352 duo
1457 2309 1657 2352 distinffi
1682 2309 1851 2352 intelli-

361 2381 528 2429 gantur
559 2389 638 2429 per
665 2374 952 2417 “Sedentem
979 2389 1112 2429 super
1138 2374 1336 2416 throno’'
1363 2380 1409 2415 et
1438 2373 1704 2427 “Agnum,”
1729 2387 1781 2415 ac
1807 2375 1849 2415 in

361 2439 653 2493 sequentibus
676 2452 755 2492 per
779 2438 996 2480 “Deum''
1019 2445 1065 2480 et
1091 2437 1350 2492 “Agnum‚‘'
1373 2438 1452 2478 sed
1475 2437 1595 2491 quod
1617 2450 1696 2490 per
1716 2449 1851 2477 unum

359 2501 645 2556 intelligatur
660 2496 872 2542 Divinum
892 2501 1067 2542 Bonum
1086 2507 1132 2542 et
1151 2514 1229 2555 per
1243 2500 1436 2542 alterum
1455 2500 1667 2546 Divinum
1681 2498 1850 2541 Verum

359 2564 405 2605 in
431 2563 572 2614 caelo,
601 2570 839 2618 utrumque
866 2564 1116 2618 procedens
1142 2578 1168 2605 a
1195 2564 1405 2605 Domino.
1468 2561 1601 2615 Quod
1632 2561 1851 2603 Dominus

359 2627 644 2681 intelligatur
675 2641 753 2681 per
781 2627 1067 2668 “Sedentem
1099 2641 1231 2680 super
1262 2625 1468 2675 thron0‚”
1497 2631 1680 2666 constat
1713 2625 1849 2666 etiam

359 2705 420 2733 ex
443 2690 631 2744 singulis
654 2690 698 2730 in
721 2691 870 2743 capite
893 2690 1196 2743 praecedente
1218 2690 1297 2738 iv.,‘
1316 2689 1390 2729 ubi
1415 2688 1564 2741 agitur
1585 2687 1642 2728 de
1664 2686 1851 2728 Throno

329 2756 406 2796 'et
440 2754 496 2795 de
533 2753 733 2795 Sedente
764 2767 896 2807 super
927 2752 1006 2794 illo
1045 2751 1179 2807 (quae
1210 2752 1448 2793 videantur
1478 2750 1710 2804 explicata
1745 2764 1771 2791 a
1807 2763 1848 2790 n.

358 2819 440 2870 258
466 2817 523 2858 ad
550 2816 678 2871 295):
713 2822 759 2857 et
786 2823 1023 2870 praeterea
1048 2816 1167 2869 apud
1192 2814 1484 2863 Matthaeum,

427 2925 614 2967 “Quando
633 2925 771 2957 venerit
796 2924 904 2956 Filius
928 2924 1084 2956 hominis
1109 2924 1144 2955 in
1163 2923 1278 2964 gloria
1298 2933 1372 2960 sua¹
1395 2929 1431 2954 et
1450 2932 1574 2954 omnes
1595 2920 1709 2954 sancti
1728 2921 1846 2962 angeli

531 2968 739 3052 {¹3:¹1⁰218pso')
751 2974 834 3000 tunc
853 2968 989 3000 sedebit
1008 2977 1115 3008 super
1134 2967 1263 2998 throno
1283 2966 1417 3007 gloriae
1437 2976 1521 2998 suae
1532 2965 1550 2978 '’
1567 2966 1661 3006 (xxv,
1679 2973 1718 3005 31
1734 2975 1741 3003 ;
1766 2974 1844 3006 cap.

596 3037 603 3045 ·
663 3038 669 3050 2
685 3020 726 3053 29
753 3021 760 3050 ἱ
