2060 3476
703 378 1374 422 cAP.V„·VERs.1oss—Nx333.
1639 416 1650 420 ἒ
1699 367 1784 422 6²7

359 495 383 510 ⁸⁸
392 493 533 528 A’schur
544 493 646 535 virga
657 493 858 532 iraeneum,
867 517 876 526 .
889 518 899 526 .
911 518 920 525 .
934 498 1074 525 .contra
1085 498 1231 533 gentem
1248 492 1504 534 hypocriticam
1517 491 1655 524 mittam
1669 490 1781 528 illum,

464 544 499 570 et
529 544 655 570 contra
682 537 854 580 populum
881 537 1199 570 excandescentiae
1230 545 1332 568 meae
1363 535 1543 568 mandabo
1574 534 1675 567 illum
1687 534 1706 547 ’'
1733 534 1782 574 (x.

465 581 564 623 5‚6);

289 657 409 712 apud
434 657 644 708 eundem,

357 725 471 758 “Vox
490 725 726 757 multitudinis
749 725 786 757 in
805 724 1000 763 montibus,
1021 722 1175 767 [species
1199 723 1322 765 populi
1345 720 1499 765 magni,]
1519 732 1592 754 vox
1610 722 1784 754 tumultus

462 778 654 810 regnorum
673 769 834 810 gentium
854 775 1151 809 congregatarum
1166 777 1190 806 ;.
1205 792 1212 800 .
1225 792 1233 800 .
1248 767 1413 800 ,veniunt
1431 777 1450 799 e
1469 765 1785 807 terralonginqui-

462 813 557 851 tatis,
584 813 629 845 ab
653 813 877 845 extremitate
900 813 1091 850 caelorum,
1117 811 1280 854 Jehovah
1302 820 1383 843 cum
1406 810 1505 844 vasis
1531 810 1605 842 irae
1629 819 1715 842 suae
1739 809 1785 841 ad

461 857 682 898 perdendum
699 866 845 889 omnem
862 862 994 889 terram
1004 855 1023 868 ''
1040 853 1161 897 (leiii.
1174 863 1207 895 4,
1223 855 1255 896 5)
1269 864 1277 894 ;

287 932 407 987 apud
433 933 642 983 eundem,

351 1005 514 1048 Jehovah
535 1006 768 1047 “percutiens
788 1005 958 1047 populos.
971 1030 981 1038 .
993 1030 1002 1038 .
1016 1005 1140 1047 ,plaga
1157 1014 1231 1037 non
1248 1004 1407 1043 curabiii‚
1425 1003 1618 1037 dominans
1634 1012 1716 1035 cum
1729 1003 1784 1035 ira

460 1050 627 1091 gentibus
638 1049 656 1062 ”
673 1049 759 1090 (xiv.
773 1050 829 1091 6>;

287 1125 407 1180 apud
432 1126 642 1175 eundem,

355 1200 379 1214 ¹⁴
388 1199 422 1231 A
434 1209 522 1231 voce
534 1199 706 1231 tumultus
716 1199 931 1240 divagentur
942 1198 1077 1241 populi,
1091 1205 1127 1231 et
1139 1207 1224 1240 prae
1237 1197 1446 1230 celsitudine
1459 1203 1521 1230 tua
1531 1197 1784 1239 dispergantur

459 1249 587 1284 gentes
597 1243 616 1255 ”
632 1243 768 1284 (xxxiii.
783 1244 836 1284 3):

286 1319 407 1374 apud
432 1318 696 1368 Jeremiam,

354 1393 376 1407 ‘¹
387 1392 478 1424 Ecce
494 1392 647 1433 populus
659 1392 759 1424 venit
775 1402 794 1424 e
811 1398 906 1424 terra
921 1392 1188 1434 septentrionis,
1205 1397 1240 1424 et
1256 1401 1346 1432 gens
1363 1400 1496 1432 magna
1511 1390 1723 1422 excitabitur
1738 1399 1784 1422 ex

459 1436 628 1468 lateribus
648 1442 784 1474 terrae:
812 1446 933 1468 arcum
953 1443 989 1468 et
1011 1436 1152 1468 hastam
1177 1435 1424 1477 prehendunt;
1451 1434 1603 1467 crudelis
1623 1434 1695 1473 illa,
1717 1443 1783 1466 nec

459 1481 673 1512 miserantur
683 1480 701 1492 ’¹
718 1480 778 1521 (vi.
793 1488 846 1519 22,
860 1480 936 1522 23):

285 1556 404 1610 apud
428 1555 714 1606 Ezechielem,

353 1628 468 1661 “Non
492 1629 618 1662 audire
646 1635 680 1661 te
708 1629 836 1661 faciam
864 1629 1017 1670 amplius
1043 1628 1258 1661 calumniam
1285 1628 1459 1669 gentium,
1487 1633 1524 1660 et
1548 1627 1781 1669 opprobrium

458 1673 670 1714 populorum
688 1683 761 1705 non
779 1674 938 1715 portabis
953 1673 1107 1714 amplius
1118 1672 1136 1685 '’
1153 1672 1286 1714 (xxxvi.
1303 1673 1377 1713 15):

284 1749 403 1803 apud
431 1749 668 1799 Davidem,

352 1824 375 1837 ‘⁸
387 1822 497 1855 Ponis
517 1833 584 1855 nos
603 1823 832 1864 proverbium
852 1823 946 1855 inter
963 1828 1101 1863 gentes,
1124 1822 1320 1855 motionem
1341 1822 1467 1863 capitis
1486 1822 1580 1854 inter
1598 1821 1750 1863 populos
1762 1819 1781 1834 '¹

458 1866 603 1907 (Psalm.
618 1867 701 1900 xliv.
718 1875 756 1906 15
777 1865 837 1909 [B.
853 1868 900 1899 A.
916 1864 1010 1908 14]);

283 1949 330 1985 et
356 1944 476 1998 apud
502 1944 711 1994 eundem,

351 2017 545 2059 “Jehovah
558 2017 696 2049 irritum
711 2017 826 2049 reddit
839 2017 1028 2049 consilium
1040 2017 1213 2058 gentium,
1230 2017 1405 2049 subvertit
1417 2016 1654 2058 cogitationes
1668 2024 1782 2058 popu-

456 2061 571 2093 lorum
583 2060 601 2073 '¹
618 2060 765 2102 (Psalm.
780 2061 902 2094 xxxiii.
919 2061 992 2102 10):

282 2149 326 2190 in
362 2149 432 2190 his
469 2149 580 2191 locis
615 2149 841 2204 “populi”
872 2164 954 2204 pro
986 2149 1074 2191 illis
1107 2150 1181 2204 qui
1218 2155 1380 2191 contra
1415 2164 1522 2191 vera
1558 2149 1780 2191 ecclesiae

274 2212 525 2267 spiritualis
567 2220 686 2263 sunt,
724 2215 789 2255 ita
825 2215 898 2268 qui
938 2214 983 2255 in
1023 2213 1160 2263 falsis,
1199 2220 1245 2255 et
1285 2217 1310 2234 “
1328 2220 1493 2268 gentes
1507 2213 1527 2229 ’'
1567 2228 1649 2268 pro
1689 2213 1779 2255 illis

281 2277 355 2330 qui
386 2282 547 2317 contra
577 2277 697 2318 bona
722 2276 942 2318 ecclesiae
973 2276 1193 2333 caelestis⁸
1211 2283 1331 2326 sunt,
1364 2278 1430 2318 ita
1454 2278 1528 2331 qui
1559 2277 1604 2317 in
1633 2276 1778 2318 malis.

283 2339 410 2381 Haec
446 2353 623 2394 quoque
661 2339 971 2393 significantur
1007 2354 1086 2394 per
1121 2340 1352 2394 “populos
1389 2347 1436 2382 et
1474 2339 1670 2393 gentes'’
1704 2340 1779 2394 qui

281 2402 459 2457 expulsi
482 2417 506 2444 e
528 2403 669 2444 Terra
691 2403 904 2445 Canaane
927 2409 1045 2444 sunt.
1110 2401 1378 2458 (Addantur
1399 2403 1469 2444 his
1491 2417 1605 2457 quae
1628 2417 1776 2457 supra,

281 2479 322 2506 n.
347 2464 499 2520 1²¹175.)

357 2537 486 2581 332.
522 2538 630 2576 [Vers.
653 2538 715 2577 ια]
748 2528 834 2568 “Et
860 2527 1003 2568 fecisti
1025 2540 1099 2568 nos
1128 2528 1211 2568 Deo
1239 2531 1381 2568 nostro
1408 2540 1535 2581 reyes
1563 2531 1608 2568 et
1632 2539 1780 2568 sacer·-

280 2586 632 2640 dote's.”-—Quod
654 2587 882 2641 significet
903 2588 1023 2641 quod
1040 2587 1116 2629 illi
1138 2602 1166 2628 a
1187 2587 1497 2629 Domino·sint
1519 2588 1568 2628 in
1589 2587 1712 2628 veris
1735 2593 1780 2627 et

279 2648 403 2690 bonis
427 2649 627 2690 ecclesiae
649 2655 692 2690 et
719 2649 839 2698 caeli,
867 2655 1079 2690 constare
1111 2655 1267 2703 potest
1300 2663 1360 2691 ex
1388 2649 1476 2690 illis
1502 2663 1617 2704 quae
1643 2661 1778 2702 supra

282 2710 344 2766 (n.
373 2711 445 2766 31)
474 2718 661 2753 ostensa
687 2718 806 2761 sunt,
834 2712 908 2753 ubi
934 2712 1097 2753 similia
1121 2713 1272 2754 verba.

356 2783 490 2827 333.
519 2773 598 2814 “Et
607 2773 866 2827 reynabimus
877 2787 1004 2827 supet·
1012 2774 1365 2827 tet-m.”—Quod
1380 2773 1607 2827 significet
1617 2778 1776 2825 poten-

278 2834 388 2875 tiam
412 2848 524 2888 quae
546 2835 634 2876 soli
658 2835 844 2877 Domino
867 2842 954 2889 per
977 2836 1192 2877 Divinum
1228 2835 1387 2877 Verum
1412 2836 1583 2877 unitum
1609 2834 1775 2876 Divino

275 2897 410 2947 Bono,
429 2912 480 2939 ac
494 2898 595 2939 inde
608 2899 851 2951 potentiam
866 2905 910 2939 et
922 2899 1189 2952 sapientiam
1205 2899 1299 2940 illis
1314 2899 1429 2952 quie
1443 2912 1576 2951 regno
1591 2896 1778 2938 Domini

276 2960 511 3013 spirituali
535 2967 578 3002 et
606 2961 785 3002 caelesti
809 2969 925 3011 sunt,
954 2968 1138 3003 constat
1170 2976 1230 3003 ex
1262 2961 1594 3016 significatione
1628 2964 1772 3013 “reg-

276 3023 423 3074 nare,''
445 3024 565 3078 quod
591 3025 649 3066 sit
675 3025 720 3065 in
741 3025 857 3066 veris
883 3031 930 3067 et
956 3025 1086 3066 bonis
1108 3039 1222 3075 esse,
1246 3032 1292 3067 et
1319 3025 1423 3067 inde
1448 3038 1475 3065 a
1502 3024 1700 3065 Domino
1725 3024 1771 3064 in
