2060 3476
330 372 416 415 450
745 369 1078 408 APOCALYPSIS
1108 370 1408 404 EXPLICATA.

505 485 652 525 sculpsit
671 494 798 516 omnes
810 474 971 525 'parietes
991 484 1130 516 Domus
1149 484 1340 526 sculpturis
1359 484 1606 523 cheruborum,
1625 490 1661 517 et
1680 494 1818 528 quoque

505 538 611 569 super
627 528 723 560 fores
741 529 771 569 (1
790 529 871 570 Reg.
887 529 934 561 vi.
949 525 1101 569 [¹123—29,
1118 528 1259 568 32-35);

331 631 410 670 per
438 617 717 671 “Templum
729 617 749 632 ”
777 618 916 658 etiam
947 616 1285 670 significabatur
1315 615 1490 657 caelum
1521 621 1568 657 et
1599 615 1817 667 ecclesia;

331 687 377 721 et
395 694 474 734 per
494 680 719 732 “adytum
732 679 752 696 ’‘
769 679 876 733 ejus,
892 681 1100 720 intimum
1119 678 1232 720 caeli
1254 684 1301 719 et
1323 677 1543 719 ecclesiae
1561 692 1570 730 ;
1597 691 1677 732 per
1693 678 1817 732 “lig-

330 757 437 784 num
463 742 581 784 olei”
603 757 662 784 ex
685 757 773 797 quo
798 743 981 784 cherubi
1004 741 1282 795 significatur
1303 741 1471 782 bonum
1493 742 1672 790 amoris,
1695 741 1817 782 simi-

331 806 433 847 liter
454 820 532 860 per
551 810 744 847 “aurum
757 805 776 821 '³
794 820 882 860 quo
904 803 1087 846 obducti
1110 811 1238 846 erant
1257 819 1266 856 ;
1299 818 1377 858 per
1401 803 1665 857 “parietes”
1687 817 1819 857 super

330 870 488 923 quibus
520 869 684 923 sculpti
715 875 845 910 erant
877 868 1074 917 cherubi,
1102 867 1413 921 significantur
1436 867 1596 908 ultima
1626 866 1740 908 caeli
1770 873 1817 908 et

330 932 563 980 ecclesiae,
597 945 648 972 ac
681 945 759 985 per
793 930 1084 972 “cherubos‘’
1115 930 1175 971 ibi
1212 931 1472 971 custodiae:
1517 943 1596 983 per
1629 929 1818 971 “sores'’

330 1006 461 1046 super
477 993 635 1046 quibus
658 994 795 1034 etiam
818 999 948 1040 erant
965 993 1162 1041 cherubi,
1182 992 1460 1046 significatur
1476 993 1625 1033 aditus
1647 993 1691 1033 in
1713 1005 1817 1034 cae-

331 1055 421 1096 lum
439 1062 485 1096 et
504 1055 742 1096 ecclesiam
759 1069 768 1096 :
796 1056 900 1096 inde
917 1062 1045 1109 patet
1063 1056 1183 1110 quod
1201 1060 1226 1076 ‘⁶
1239 1050 1452 1096 cherubi”
1466 1055 1817 1108 significaverint

330 1119 561 1159 custodias
583 1132 639 1159 ne
661 1119 850 1159 adeatur
867 1118 1041 1160 caelum
1064 1119 1147 1159 nisi
1169 1133 1248 1172 per
1269 1119 1436 1159 bonum
1454 1119 1617 1159 amoris
1640 1124 1686 1159 et
1709 1118 1817 1159 cha-

330 1182 504 1232 ritatis;
542 1187 588 1222 et
621 1182 723 1235 quia
756 1181 1009 1223 “cherubi'’
1041 1181 1406 1235 significaverunt
1438 1181 1668 1222 custodias
1700 1180 1815 1229 illas,

330 1245 468 1285 etiam
490 1244 747 1298 significant
775 1244 985 1286 Divinam
1011 1245 1342 1298 providentiam
1369 1244 1565 1293 Domini,
1590 1258 1694 1286 nam
1717 1258 1816 1286 cus-

330 1308 482 1348 todiae
504 1307 607 1348 illae
625 1314 729 1348 sunt
752 1322 778 1348 a
802 1307 1012 1357 Domino,
1032 1314 1079 1349 et
1103 1314 1206 1349 sunt
1230 1307 1393 1348 Divina
1415 1307 1560 1361 Ipsius
1576 1308 1816 1361 providen-

330 1369 408 1409 tia.
442 1379 554 1418 (Quod
567 1377 584 1387 ¹⁴
596 1380 767 1417 Templum
779 1379 796 1390 '⁸
810 1384 841 1409 et
854 1376 871 1388 ‘¹
885 1380 1009 1409 Domus
1023 1380 1083 1409 Dei
1095 1379 1112 1389 '⁹
1125 1380 1302 1418 significent
1311 1380 1434 1410 caelum
1447 1383 1478 1409 et
1490 1380 1665 1415 ecclesiam,
1674 1379 1820 1409 videatur

291 1445 293 1448 ⁴
328 1441 433 1470 supra.
448 1441 480 1463 n.
496 1432 597 1468 220:
621 1433 696 1462 inde
716 1430 876 1471 “adytum
889 1433 905 1443 ”
925 1433 1079 1471 significat
1098 1433 1244 1462 intimum
1264 1442 1384 1463 eorum.
1441 1433 1538 1470 Quod
1558 1429 1707 1471 “lignum
1727 1433 1816 1462 olei''

328 1481 482 1518 significet
502 1482 622 1510 bonum
645 1481 770 1517 amoris,
793 1482 825 1510 in
845 1481 985 1511 Arcanis
1010 1482 1204 1516 Caele-stibus,
1226 1491 1258 1511 n.
1281 1481 1349 1516 886,
1371 1483 1461 1519 3728,
1478 1479 1602 1518 [²14582.
1622 1484 1711 1519 9780,
1727 1488 1817 1519 9954,

331 1531 445 1566 10261;
474 1531 615 1560 similiter
634 1528 807 1566 “aurum,''
827 1540 932 1569 supra,
953 1540 983 1560 n.
1006 1531 1098 1572 242.
1166 1531 1263 1568 Quod
1283 1528 1421 1560 “fores''
1445 1531 1622 1568 significent
1643 1531 1764 1560 aditum
1787 1535 1820 1560 et

328 1584 604 1619 intromissionem,
625 1585 718 1613 etiam
738 1593 843 1622 supra,
863 1593 894 1614 n.
916 1574 1025 1625 248.)
1095 1572 1314 1615 Similiter
1352 1574 1563 1614 CherublS
1603 1579 1816 1614 ornatum

329 1635 595 1687 describitur
621 1635 862 1689 Templum
889 1648 1069 1684 novum,
1098 1635 1154 1676 de
1180 1649 1268 1690 quo
1294 1635 1412 1688 apud
1438 1634 1738 1676 Ezechielem:

396 1726 419 1739 ‘⁴
431 1722 528 1756 Faffl
542 1724 686 1756 cherubi
699 1730 734 1756 et
747 1724 897 1765 palmae,
914 1724 964 1756 ita
975 1730 1014 1756 ut
1030 1724 1149 1764 palma
1161 1724 1254 1756 inter
1265 1724 1457 1756 cherubum
1470 1729 1505 1755 et
1518 1723 1709 1755 cherubum
1721 1735 1728 1756 :
1738 1749 1746 1756 .
1760 1748 1768 1756 .
1782 1749 1789 1756 .
1803 1749 1812 1756 .

502 1769 552 1800 ita
567 1766 701 1800 facium·
718 1769 763 1799 ad
787 1778 931 1799 omnem
956 1768 1111 1800 Domum
1129 1768 1354 1799 circumcirca
1369 1777 1391 1798 a
1406 1773 1500 1799 terra
1516 1777 1626 1808 usque
1642 1767 1688 1799 ad
1711 1777 1819 1808 supra

502 1812 644 1850 ostium,
665 1812 808 1844 cherubi
825 1818 860 1843 et
877 1812 1016 1852 palmae
1032 1810 1117 1843 {affl
1132 1821 1139 1850 ;
1164 1817 1199 1843 et
1214 1811 1331 1852 paries
1349 1810 1519 1852 Templi”
1535 1811 1609 1851 (xli.
1628 1811 1768 1852 18—2o);

329 1900 550 1954 “palma”
572 1899 795 1954 significat
822 1900 990 1941 bonum
1012 1899 1257 1953 spirituale,
1283 1899 1402 1953 quod
1425 1905 1494 1941 est
1516 1899 1684 1940 bonum
1706 1899 1814 1941 cha-

328 1962 477 2002 ritatis
495 1972 654 2010 (videatur
665 1981 695 2002 n.
708 1969 849 2010 [⁸18369).
899 1960 1128 2014 Quoniam
1147 1960 1361 2001 Divinum
1380 1959 1552 2001 Verum
1569 1974 1629 2000 ex
1647 1960 1815 2001 Divino

329 2023 456 2064 Bono
493 2024 708 2076 protegit,
741 2024 843 2064 ideo
880 2023 983 2064 Rex
1017 2023 1125 2075 Tyri
1162 2028 1351 2063 vocatur
1385 2021 1696 2073 “cherubus;”
1737 2036 1816 2076 per

330 2090 521 2138 “regem
534 2085 553 2100 ”
585 2087 703 2126 enim
735 2085 1012 2139 significatur
1045 2085 1255 2126 Divinum
1286 2084 1470 2133 Verum,
1498 2090 1544 2125 et
1576 2098 1654 2138 per
1682 2084 1814 2138 “Ty-

326 2147 454 2188 rum”
471 2149 770 2201 cognitiones,
791 2154 837 2189 et
859 2148 963 2189 inde
986 2162 1064 2201 per
1085 2148 1300 2201 “Regem
1324 2147 1432 2200 Tyri
1445 2146 1463 2162 ’⁵
1480 2147 1813 2200 intelligentia;

326 2211 382 2252 de
407 2224 495 2264 quo
521 2212 584 2251 ita
611 2211 729 2264 apud
753 2210 1024 2251 Ezechielem
1040 2226 1056 2251 .·

392 2300 469 2332 Rex
482 2300 580 2341 Tyri,
598 2300 667 2332 “in
687 2300 786 2332 Eden
799 2300 904 2332 horto
920 2295 986 2331 Dei
1000 2299 1098 2331 fuisti
1112 2309 1120 2336 ς
1145 2299 1263 2330 omnis
1276 2299 1366 2339 lapis
1380 2299 1556 2339 pretiosus
1570 2304 1815 2339 tegumentum

498 2350 678 2380 tuum;...
694 2350 747 2376 .tu
771 2344 945 2375 cherubus
973 2343 1145 2384 expansio
1174 2343 1405 2384 protegentis,
1434 2343 1536 2382 posui
1565 2349 1599 2374 te
1627 2342 1664 2374 in
1692 2348 1815 2374 monte

499 2386 701 2419 sanctitatis
719 2387 797 2423 Dei.
817 2387 852 2418 in
870 2387 989 2418 medio
1011 2387 1168 2427 lapidum
1186 2386 1279 2426 ignis
1296 2386 1554 2424 ambulaveras,
1575 2384 1753 2426 perfectus
1778 2386 1814 2418 in

497 2432 563 2462 viis
581 2432 650 2463 tuis
668 2429 739 2462 [ssin
756 2431 813 2462 die
830 2440 899 2472 quo
917 2436 1055 2462 creatus
1069 2440 1106 2462 es
1118 2430 1135 2442 ’¹
1153 2429 1288 2470 (xxviii.
1308 2438 1358 2468 12,
1378 2427 1466 2471 [13‚]
1488 2438 1539 2468 14,
1559 2429 1622 2469 15).

325 2510 437 2548 (Quod
451 2518 508 2547 per
522 2506 539 2518 ‘¹
551 2519 658 2547 regem
670 2509 686 2518 ''
702 2509 895 2547 significetur
910 2509 1061 2538 Divinum
1074 2509 1205 2543 Verum,
1218 2508 1362 2537 videatur
1373 2516 1477 2545 supra,
1490 2517 1521 2537 n.
1537 2508 1558 2548 3
1570 2508 1584 2536 1
1595 2508 1638 2546 [b]
1652 2517 1658 2542 ;
1682 2512 1714 2537 et
1725 2508 1815 2545 quod

323 2563 379 2592 per
394 2554 543 2592 “Tyrum
554 2553 570 2562 ''
587 2553 792 2590 cognitiones,
808 2553 840 2581 in
861 2553 1001 2582 Arcanis
1019 2549 1216 2587 Caelestibus,
1232 2561 1263 2582 n.
1281 2560 1374 2586 1201:
1398 2552 1485 2588 quod
1506 2560 1563 2588 per
1578 2551 1724 2589 “lapides
1745 2561 1815 2589 pre-

323 2597 446 2628 tiosos''
462 2607 537 2627 vera
551 2603 581 2627 et
594 2599 680 2627 bona
695 2598 772 2627 caeli
787 2603 818 2626 et
832 2598 991 2631 ecclesiae,
1007 2606 1038 2627 n.
1054 2598 1144 2635 9863,
1159 2598 1249 2635 9865,
1265 2597 1354 2634 9868,
1369 2598 1459 2634 9873,
1475 2603 1570 2633 9905;
1594 2596 1648 2633 qui
1662 2601 1816 2626 vocantur

323 2648 340 2657 ‘¹
351 2643 472 2681 lapides
486 2642 596 2680 ignis.''
610 2643 685 2680 quia
696 2642 828 2680 “ignis''
842 2642 996 2680 significat
1006 2643 1128 2671 bonum
1140 2642 1265 2676 amoris,
1277 2650 1308 2671 n.
1321 2650 1390 2679 934,
1402 2641 1491 2678 4906,
1504 2641 1593 2678 6314,
1607 2647 1696 2678 5215,
1708 2641 1812 2678 6832.)

324 2687 441 2741 Quia
462 2702 541 2742 per
561 2688 776 2740 “Regem
795 2687 934 2740 Tyri'’
952 2687 1230 2740 significatur
1247 2685 1551 2742 intelligentia
1568 2700 1627 2726 ex
1648 2686 1812 2727 Divino

322 2751 461 2800 Vero,
486 2757 532 2792 et
559 2750 644 2791 hoc
668 2751 867 2791 custodit
894 2764 972 2791 seu
998 2751 1213 2804 protegit,
1237 2749 1339 2790 ideo
1366 2748 1469 2789 Rex
1492 2748 1600 2801 Tyri
1623 2754 1813 2789 vocatur

325 2818 350 2834 “
364 2814 585 2855 cherubus
603 2814 824 2866 expansio
842 2812 1164 2866 protegentis.’'
1225 2811 1450 2865 Quoniam
1468 2824 1557 2851 non
1576 2811 1686 2851 adiri
1705 2822 1810 2864 pos-

322 2883 427 2918 sunt
458 2877 571 2917 caeli
602 2877 851 2929 superiores
877 2877 961 2917 nisi
992 2890 1070 2930 per
1100 2876 1270 2917 bonum
1295 2875 1459 2915 amoris
1484 2880 1530 2915 et
1557 2873 1808 2925 charitatis,

321 2939 406 2979 hoc
434 2945 517 2988 est,
546 2952 624 2992 per
649 2939 820 2979 cultum
847 2945 893 2979 et
925 2952 1003 2991 per
1029 2951 1185 2992 preces
1212 2938 1294 2978 nisi
1321 2951 1434 2991 quae
1466 2937 1716 2990 procedunt
1750 2950 1807 2976 ex

320 3001 399 3043 illo
420 3002 554 3051 bono,
574 3002 675 3043 ideo
699 3001 917 3043 Dominus
941 3001 1118 3042 locutus
1141 3006 1210 3042 est
1233 3013 1334 3042 cum
1358 3000 1486 3041 Mose
1509 3005 1554 3040 et
1574 2998 1806 3043 Aharone.
