2060 3476
333 320 416 374 632
591 360 595 363 ,
744 330 1075 364 APOCALYPSIS
1106 332 1406 366 EXPLICATA.

401 441 568 474 “Currus
594 442 660 475 Dei
683 443 788 475 binae
812 444 1001 485 myriades,
1025 444 1194 476 chiliades
1213 445 1422 486 angelorum
1442 446 1559 486 pacis:
1586 445 1762 479 Dominus
1782 446 1818 479 in

505 486 586 525 illis,
607 486 704 518 Sinai
721 487 756 518 in
774 486 1006 519 sanctuario”
1022 487 1168 528 (Psalm.
1183 488 1292 521 lxviii.
1311 489 1349 520 18
1369 487 1429 531 [B.
1442 490 1488 521 A.
1508 487 1600 531 17]);

333 582 411 622 per
435 571 624 609 “currus
652 568 768 610 Dei”
790 569 1100 623 significantur
1125 584 1231 611 vera
1257 569 1502 620 doCtrinae,
1527 577 1573 612 et
1595 585 1674 625 per
1698 574 1818 612 “an-

331 630 461 684 gelos
484 631 638 684 pacis”
660 631 969 685 significantur
986 633 1105 673 bona
1123 632 1241 685 ejus3
1274 647 1410 687 quare
1428 633 1484 674 de
1502 633 1589 674 illis
1611 634 1820 675 dicuntur

335 691 643 744 “myriadeS,”
668 698 715 733 et
740 693 796 734 de
821 693 890 734 his
914 693 1172 734 “chiliadeS
1189 693 1224 734 :'’
1256 704 1359 743 (quod
1374 701 1541 734 “currus''
1558 705 1822 743 significentvera

332 752 505 788 doetrinae,
528 753 672 782 videatur
692 763 723 783 n.
737 752 859 790 [¹]2762,
876 761 964 791 5321,
982 756 1077 790 82153
1100 758 1132 783 et
1153 755 1241 791 quod
1257 754 1375 792 “pax''
1391 755 1546 792 significet
1566 755 1712 784 intimum
1732 755 1820 791 boni,

330 802 363 830 in
382 811 479 840 opere
503 803 554 832 De
576 803 666 832 Caelo
684 806 714 832 et
731 804 867 842 Inferna,
887 812 919 833 n.
943 803 1116 842 284—290:)
1164 799 1210 834 et
1253 794 1357 847 quia
1399 793 1622 835 Dominus
1657 794 1821 836 dicitur

335 853 594 894 “Dominus
606 853 626 869 ’⁹
652 868 711 895 ex
739 854 881 903 Bono,
909 860 956 895 et
985 853 1145 895 “Sinai
1157 853 1177 869 ’'
1203 854 1428 908 significat
1461 855 1636 896 caelum
1667 855 1741 897 ubi
1772 861 1820 897 et

332 916 451 957 unde
496 913 708 957 Divinum
749 917 935 965 Verum,
977 917 1079 958 ideo
1124 917 1287 958 dicitur
1331 918 1591 958 “Dominus
1632 919 1676 959 in
1716 918 1817 968 illis,

333 978 453 1020 Sinai
475 980 519 1019 in
542 977 796 1021 sanctuario
814 979 848 1030 ;‘’
883 978 1253 1020 “sanetuarium”
1271 986 1341 1021 est
1364 974 1538 1021 caelum
1561 987 1606 1021 et
1629 980 1821 1022 ecclesia

332 1040 406 1080 ubi
437 1040 651 1080 Divinum
681 1040 869 1081 Verum.
942 1051 1055 1090 (Quod
1078 1052 1237 1081 Dominus
1259 1035 1383 1082 dicatur
1402 1048 1620 1081 '‘Dominus''
1645 1062 1684 1082 ex
1704 1053 1821 1082 Divino

332 1099 433 1133 Bono,
449 1108 487 1128 ac
509 1102 525 1113 ‘¹
538 1098 652 1128 Deus''
673 1108 711 1128 ex
735 1099 851 1128 Divino
872 1099 968 1134 Vero,
984 1100 1127 1129 videatur
1147 1109 1178 1130 n.
1193 1109 1282 1138 4973,
1298 1101 1387 1138 9167,
1403 1109 1498 1138 9194;
1526 1105 1556 1129 et
1577 1101 1665 1138 quod
1680 1100 1820 1130 ⁴¹Sinai·'

330 1146 483 1183 significet
504 1146 627 1175 caelum
649 1146 703 1175 ubi
727 1146 885 1175 Dominus
906 1155 945 1175 ex
959 1155 1024 1184 quo
1047 1147 1198 1176 Divinum
1214 1148 1344 1182 Verum,
1359 1156 1416 1176 seu
1437 1157 1476 1176 ex
1497 1156 1562 1184 quo
1585 1148 1653 1177 Lex
1674 1147 1707 1176 in
1727 1156 1822 1177 sensu

330 1195 439 1225 stricto
453 1200 484 1225 et
498 1196 531 1224 in
545 1205 640 1225 sensu
654 1196 728 1230 lato,
745 1205 775 1226 n.
793 1198 881 1234 8399,
898 1198 987 1234 8753,
1003 1198 1093 1235 8793,
1109 1199 1198 1234 8805,
1213 1197 1318 1236 9420.)
1389 1186 1529 1239 Apud
1560 1186 1770 1236 eundem,

400 1274 422 1286 ‘⁴
434 1272 516 1304 Non
530 1273 671 1304 timebis
685 1273 747 1304 tibi
761 1283 782 1304 a
794 1283 926 1313 pavore
940 1271 1068 1311 noetis,
1084 1283 1106 1305 a
1118 1273 1190 1305 telo
1207 1273 1303 1305 volat
1320 1273 1484 1311 interdiu,
1501 1283 1522 1304 a
1539 1279 1638 1313 peste
1652 1273 1687 1304 in
1701 1273 1821 1313 caligi-

505 1326 550 1348 ne
567 1317 687 1357 serpit.
707 1326 729 1348 a
747 1323 862 1348 morte
879 1323 995 1348 vastat
1018 1317 1055 1348 in
1078 1317 1245 1355 meridie;
1270 1317 1398 1349 cadent
1421 1327 1443 1348 a
1465 1317 1574 1349 latere
1598 1323 1660 1348 tuo
1683 1317 1818 1355 chilias,

504 1366 539 1391 et
556 1360 688 1401 myrias
705 1370 727 1391 a
742 1360 867 1392 dextra
883 1359 971 1392 tua''
989 1360 1134 1401 (Psalm.
1150 1360 1216 1392 xci.
1235 1360 1330 1402 5-7):

331 1441 443 1482 haec
458 1440 578 1483 dieta
593 1448 697 1483 sunt
715 1442 771 1483 de
788 1442 910 1483 falsis
929 1448 975 1483 et
994 1442 1123 1483 malis
1141 1456 1254 1496 quae
1273 1456 1363 1483 non
1381 1443 1582 1483 sciuntur
1596 1456 1694 1483 esse
1709 1441 1821 1483 falsa

332 1510 378 1545 et
392 1504 524 1553 mala,
541 1511 588 1545 et
603 1501 658 1545 de
675 1504 796 1545 falsis
814 1511 860 1546 et
879 1505 1008 1545 malis
1026 1519 1140 1558 quae
1158 1505 1358 1546 sciuntur
1375 1518 1473 1545 esse
1491 1504 1602 1545 falsa
1619 1510 1665 1545 et
1684 1503 1818 1553 mala,

332 1572 378 1607 et
415 1580 554 1620 usque
591 1567 790 1620 irrepunt
827 1568 871 1607 in
905 1567 1236 1620 cogitationem
1272 1572 1319 1607 et
1361 1567 1405 1607 in
1438 1565 1725 1607 voluntatem
1766 1569 1818 1607 a'c

333 1628 537 1670 homines
550 1629 742 1682 perdunt
759 1642 767 1669 :
793 1628 904 1670 falsa
918 1643 1032 1682 quae
1047 1629 1248 1669 sciuntur
1262 1642 1360 1669 esse
1375 1627 1486 1669 falsa
1503 1627 1820 1680 intelliguntur

331 1705 410 1745 per
443 1691 623 1732 “telum
655 1691 775 1744 quod
806 1690 933 1732 volat
965 1690 1160 1731 interdiu
1177 1689 1212 1742 ;''
1244 1697 1290 1731 et
1322 1689 1442 1731 mala
1473 1703 1587 1743 quae
1618 1690 1821 1730 sciuntur

332 1767 431 1795 esse
463 1753 582 1794 mala
618 1760 664 1795 et
702 1760 857 1795 tamen
898 1754 1086 1803 intrant,
1119 1752 1437 1806 intelliguntur
1472 1766 1551 1806 per
1584 1755 1820 1792 “mortem

332 1830 446 1870 quae
471 1822 625 1857 vastat
653 1813 731 1856 min
759 1816 943 1857 meridie
961 1815 995 1866 ;”
1027 1821 1073 1856 et
1100 1814 1213 1856 falsa
1238 1829 1351 1868 quae
1375 1827 1466 1855 non
1493 1815 1694 1855 sciuntur
1719 1827 1820 1854 esse

333 1879 456 1928 salsa,
490 1878 807 1932 intelliguntur
838 1893 916 1932 per
944 1882 1196 1932 “pavorem
1233 1876 1430 1929 no&is;'’
1471 1883 1518 1918 et
1551 1876 1670 1918 mala
1705 1890 1819 1930 quae

333 1955 422 1982 non
449 1942 649 1982 sciuntur
674 1956 773 1983 esse
800 1941 932 1990 mala,
961 1955 1039 1994 per
1064 1944 1278 1994 “pestem
1300 1954 1414 1994 quae
1440 1941 1484 1980 in
1507 1939 1700 1992 caligine
1725 1952 1819 1979 ser-

334 2005 397 2058 pit
415 2004 449 2044 :'’
472 2002 721 2045 destructio
738 2003 958 2044 malorum
973 2002 1133 2043 horum
1149 2001 1427 2056 significatur
1441 1998 1519 2055 per
1539 1999 1819 2042 “chiliadem

333 2080 445 2120 quae
486 2067 619 2108 cadet
659 2080 685 2107 a
725 2066 868 2107 latere
914 2065 1006 2118 ejus
1024 2064 1058 2115 ;”
1104 2070 1150 2106 et
1191 2063 1439 2105 destruetio
1483 2062 1695 2104 falsorum
1740 2075 1820 2115 per

335 2131 359 2148 “
376 2128 624 2180 myriadem
650 2141 763 2181 quae
786 2127 920 2167 cadet
943 2140 969 2167 a
994 2126 1161 2167 dextra
1186 2125 1278 2178 ejus
1296 2124 1331 2176 ;’'
1362 2125 1500 2166 etiam
1527 2138 1605 2177 per
1630 2122 1788 2164 “latus
1800 2121 1820 2138 ‘'

332 2204 358 2231 a
382 2204 470 2244 quo
494 2190 658 2230 cadent
682 2188 958 2242 significatur
979 2189 1161 2238 bonum,
1186 2194 1231 2229 et
1258 2202 1337 2242 per
1361 2185 1643 2228 “dextram’'
1664 2197 1820 2226 verum

332 2253 462 2294 boni:
511 2252 630 2306 quod
670 2251 898 2292 “chilias”
925 2252 1100 2292 dicatur
1137 2252 1192 2292 de
1226 2250 1370 2299 malis,
1409 2255 1455 2291 et
1497 2248 1725 2301 “myrias”
1763 2248 1820 2289 de

333 2315 467 2365 falsis,
487 2322 557 2356 est
579 2316 681 2369 quia
702 2314 814 2356 salsa
836 2321 940 2355 sunt
959 2315 1170 2368 opposita
1186 2315 1316 2363 veris,
1336 2319 1382 2355 et
1406 2311 1526 2353 mala
1548 2317 1653 2352 sunt
1676 2325 1819 2365 oppo-

333 2380 419 2420 sita
455 2379 598 2433 bonis,
633 2392 684 2419 ac
722 2379 932 2431 opposita
968 2391 1047 2431 per
1083 2376 1244 2417 similia
1280 2376 1418 2417 verba
1452 2381 1499 2416 et
1537 2388 1616 2428 per
1652 2373 1820 2415 similes

333 2454 541 2482 numeros
567 2442 611 2482 in
637 2440 792 2482 Verbo
818 2441 1144 2494 exprimuntur.
1206 2439 1345 2493 Apud
1371 2437 1580 2487 eundem,

401 2532 422 2545 “
435 2529 576 2562 Horrea
592 2535 715 2561 nostra
731 2529 847 2569 plena,
864 2529 1112 2569 depromentia
1127 2538 1148 2559 a
1164 2528 1242 2559 cibo
1260 2528 1296 2559 in
1314 2528 1430 2559 cibum
1444 2535 1451 2564 ;
1475 2536 1603 2567 greges
1620 2525 1734 2558 nostri
1750 2525 1821 2557 chi-

505 2574 627 2611 liades,
648 2573 826 2614 myriades
843 2573 879 2604 in
897 2573 1024 2613 plateis
1042 2572 1175 2603 nostris
1186 2571 1205 2584 '’
1222 2571 1369 2612 (Psalm.
1385 2570 1489 2602 cxliv.
1508 2570 1581 2610 13):

332 2664 411 2704 per
444 2648 673 2690 “horrea'’
699 2654 745 2690 et
787 2663 865 2702 per
893 2647 1111 2689 “cibum''
1142 2647 1454 2701 significantur
1484 2646 1605 2687 bona
1636 2651 1683 2686 et
1714 2657 1821 2685 vera

332 2712 563 2762 ecclesiae,
584 2725 688 2752 nam
707 2712 792 2753 cibi
811 2711 1065 2765 spirituales
1083 2717 1188 2752 sunt
1211 2710 1497 2763 cognitiones
1515 2709 1608 2749 veri
1633 2714 1679 2749 et
1697 2707 1818 2756 boni,

332 2791 410 2833 per
435 2790 545 2830 quas
575 2775 907 2828 intelligentia;
941 2774 1116 2823 similia,
1144 2773 1224 2814 sed
1255 2773 1483 2821 interiora,
1511 2770 1821 2824 significantur

331 2854 410 2894 per
426 2843 451 2860 “
463 2853 626 2893 greges
643 2838 677 2890 ;’'
699 2853 835 2893 quare
852 2839 971 2879 bona
985 2837 1202 2879 ecclesiae
1220 2835 1535 2889 intelliguntur
1552 2848 1631 2888 per
1652 2837 1678 2854 “
1690 2832 1819 2874 chili-

331 2903 479 2953 ades,‘’
505 2909 551 2944 et
583 2916 689 2944 vera
719 2901 812 2955 ejus
843 2916 922 2955 per
955 2901 1218 2954 “myriades
1237 2899 1272 2951 ;’'
1303 2905 1350 2940 et
1381 2899 1484 2952 quia
1513 2910 1619 2938 vera
1649 2895 1819 2937 intelli-

332 2973 498 3020 guntur
528 2980 607 3020 per
635 2964 936 3019 “myriades,”
962 2964 1064 3005 ideo
1095 2963 1257 3004 dicitur
1285 2960 1547 3019 “myriades
1578 2960 1623 3001 in
1653 2957 1819 3013 plateis
