<?xml version="1.0" encoding="UTF-8"?>
<!DOCTYPE html PUBLIC "-//W3C//DTD XHTML 1.0 Transitional//EN"
    "http://www.w3.org/TR/xhtml1/DTD/xhtml1-transitional.dtd">
<html xmlns="http://www.w3.org/1999/xhtml" xml:lang="en" lang="en">
 <head>
  <title>
</title>
<meta http-equiv="Content-Type" content="text/html;charset=utf-8" />
  <meta name='ocr-system' content='tesseract 3.04.00' />
  <meta name='ocr-capabilities' content='ocr_page ocr_carea ocr_par ocr_line ocrx_word'/>
</head>
<body>
  <div class='ocr_page' id='page_1' title='image "apocalypsisexpli01sweduoft_0210.png"; bbox 0 0 2060 3476; ppageno 0'>
   <div class='ocr_carea' id='block_1_1' title="bbox 247 295 1324 369">
    <p class='ocr_par' dir='ltr' id='par_1_1' title="bbox 247 295 1324 369">
     <span class='ocr_line' id='line_1_1' title="bbox 247 295 1324 369; baseline -0.003 -12"><span class='ocrx_word' id='word_1_1' title='bbox 247 326 332 369; x_wconf 87' lang='lat'>204</span> <span class='ocrx_word' id='word_1_2' title='bbox 661 295 994 356; x_wconf 60' lang='lat' dir='ltr'>APOCALYPSIS</span> <span class='ocrx_word' id='word_1_3' title='bbox 1025 322 1324 355; x_wconf 85' lang='lat' dir='ltr'><strong>EXPLICATA.</strong></span> 
     </span>
    </p>
   </div>
   <div class='ocr_carea' id='block_1_2' title="bbox 246 435 1742 1255">
    <p class='ocr_par' dir='ltr' id='par_1_2' title="bbox 246 435 1739 865">
     <span class='ocr_line' id='line_1_2' title="bbox 247 435 1735 489; baseline -0.002 -11"><span class='ocrx_word' id='word_1_4' title='bbox 247 452 326 479; x_wconf 88' lang='lat' dir='ltr'>seu</span> <span class='ocrx_word' id='word_1_5' title='bbox 343 438 387 478; x_wconf 90' lang='lat' dir='ltr'>in</span> <span class='ocrx_word' id='word_1_6' title='bbox 405 437 642 478; x_wconf 85' lang='lat' dir='ltr'>charitate.</span> <span class='ocrx_word' id='word_1_7' title='bbox 695 436 907 489; x_wconf 86' lang='lat' dir='ltr'>Regnum</span> <span class='ocrx_word' id='word_1_8' title='bbox 924 435 1124 476; x_wconf 92' lang='lat' dir='ltr'>caeleste</span> <span class='ocrx_word' id='word_1_9' title='bbox 1143 435 1325 476; x_wconf 90' lang='lat' dir='ltr'>Domini</span> <span class='ocrx_word' id='word_1_10' title='bbox 1343 438 1532 475; x_wconf 82' lang='lat' dir='ltr'>vocatur</span> <span class='ocrx_word' id='word_1_11' title='bbox 1551 437 1735 476; x_wconf 87' lang='lat' dir='ltr'>“sacer-</span> 
     </span>
     <span class='ocr_line' id='line_1_3' title="bbox 247 497 1737 553; baseline -0.003 -11"><span class='ocrx_word' id='word_1_12' title='bbox 247 499 452 542; x_wconf 86' lang='lat' dir='ltr'>dotium&#39;&#39;</span> <span class='ocrx_word' id='word_1_13' title='bbox 491 500 648 553; x_wconf 85' lang='lat' dir='ltr'>Ipsius,</span> <span class='ocrx_word' id='word_1_14' title='bbox 688 505 734 540; x_wconf 94' lang='lat' dir='ltr'>et</span> <span class='ocrx_word' id='word_1_15' title='bbox 774 512 964 552; x_wconf 88' lang='lat' dir='ltr'>regnum</span> <span class='ocrx_word' id='word_1_16' title='bbox 1001 498 1232 552; x_wconf 84' lang='lat' dir='ltr'>spirituale</span> <span class='ocrx_word' id='word_1_17' title='bbox 1269 504 1458 539; x_wconf 89' lang='lat' dir='ltr'>vocatur</span> <span class='ocrx_word' id='word_1_18' title='bbox 1496 498 1706 551; x_wconf 87' lang='lat' dir='ltr'>“regium</span> <span class='ocrx_word' id='word_1_19' title='bbox 1717 497 1737 513; x_wconf 89' lang='lat'>’&#39;</span> 
     </span>
     <span class='ocr_line' id='line_1_4' title="bbox 249 557 1737 616; baseline -0.003 -13"><span class='ocrx_word' id='word_1_20' title='bbox 249 563 396 616; x_wconf 78' lang='lat' dir='ltr'>IPSlUS</span> <span class='ocrx_word' id='word_1_21' title='bbox 418 572 576 610; x_wconf 88' lang='lat' dir='ltr'>(videatur</span> <span class='ocrx_word' id='word_1_22' title='bbox 591 571 622 599; x_wconf 92' lang='lat' dir='ltr'>in</span> <span class='ocrx_word' id='word_1_23' title='bbox 637 580 733 609; x_wconf 91' lang='lat' dir='ltr'>opere</span> <span class='ocrx_word' id='word_1_24' title='bbox 751 571 800 600; x_wconf 83' lang='lat' dir='ltr'>De</span> <span class='ocrx_word' id='word_1_25' title='bbox 818 571 907 600; x_wconf 81' lang='lat' dir='ltr'>Caelo</span> <span class='ocrx_word' id='word_1_26' title='bbox 926 574 956 599; x_wconf 83' lang='lat' dir='ltr'>et</span> <span class='ocrx_word' id='word_1_27' title='bbox 973 571 1109 609; x_wconf 80' lang='lat' dir='ltr'><em>Inferna,</em></span> <span class='ocrx_word' id='word_1_28' title='bbox 1125 579 1156 599; x_wconf 92' lang='lat' dir='ltr'>n.</span> <span class='ocrx_word' id='word_1_29' title='bbox 1173 579 1221 607; x_wconf 81' lang='lat'>24,</span> <span class='ocrx_word' id='word_1_30' title='bbox 1238 570 1325 608; x_wconf 85' lang='lat'><strong>226).</strong></span> <span class='ocrx_word' id='word_1_31' title='bbox 1384 558 1454 599; x_wconf 80' lang='lat' dir='ltr'>De</span> <span class='ocrx_word' id='word_1_32' title='bbox 1479 557 1568 599; x_wconf 81' lang='lat' dir='ltr'>llllS</span> <span class='ocrx_word' id='word_1_33' title='bbox 1594 571 1667 611; x_wconf 86' lang='lat' dir='ltr'>qul</span> <span class='ocrx_word' id='word_1_34' title='bbox 1693 558 1737 598; x_wconf 81' lang='lat' dir='ltr'>ln</span> 
     </span>
     <span class='ocr_line' id='line_1_5' title="bbox 246 619 1739 676; baseline -0.003 -12"><span class='ocrx_word' id='word_1_35' title='bbox 246 637 389 676; x_wconf 86' lang='lat' dir='ltr'>regno</span> <span class='ocrx_word' id='word_1_36' title='bbox 416 622 601 663; x_wconf 85' lang='lat' dir='ltr'>caelesti</span> <span class='ocrx_word' id='word_1_37' title='bbox 625 622 788 662; x_wconf 87' lang='lat' dir='ltr'>dicitur</span> <span class='ocrx_word' id='word_1_38' title='bbox 812 620 1143 669; x_wconf 87' lang='lat' dir='ltr'>“ministrare,&#39;&#39;</span> <span class='ocrx_word' id='word_1_39' title='bbox 1165 627 1212 661; x_wconf 89' lang='lat' dir='ltr'>at</span> <span class='ocrx_word' id='word_1_40' title='bbox 1236 620 1292 661; x_wconf 92' lang='lat' dir='ltr'>de</span> <span class='ocrx_word' id='word_1_41' title='bbox 1318 619 1405 661; x_wconf 87' lang='lat' dir='ltr'>illis</span> <span class='ocrx_word' id='word_1_42' title='bbox 1428 620 1502 673; x_wconf 89' lang='lat' dir='ltr'>qui</span> <span class='ocrx_word' id='word_1_43' title='bbox 1527 619 1570 660; x_wconf 92' lang='lat' dir='ltr'>in</span> <span class='ocrx_word' id='word_1_44' title='bbox 1597 631 1739 672; x_wconf 89' lang='lat' dir='ltr'>regno</span> 
     </span>
     <span class='ocr_line' id='line_1_6' title="bbox 247 682 1739 740; baseline -0.003 -13"><span class='ocrx_word' id='word_1_45' title='bbox 247 685 466 740; x_wconf 86' lang='lat' dir='ltr'>spirituali</span> <span class='ocrx_word' id='word_1_46' title='bbox 507 691 611 726; x_wconf 91' lang='lat' dir='ltr'>sunt</span> <span class='ocrx_word' id='word_1_47' title='bbox 652 685 814 725; x_wconf 85' lang='lat' dir='ltr'>dicitur</span> <span class='ocrx_word' id='word_1_48' title='bbox 856 688 881 704; x_wconf 89' lang='lat'><strong>“</strong></span> <span class='ocrx_word' id='word_1_49' title='bbox 897 683 1101 724; x_wconf 89' lang='lat' dir='ltr'>servire.&#39;’</span> <span class='ocrx_word' id='word_1_50' title='bbox 1185 683 1297 723; x_wconf 92' lang='lat' dir='ltr'>Inde</span> <span class='ocrx_word' id='word_1_51' title='bbox 1342 688 1471 736; x_wconf 90' lang='lat' dir='ltr'>patet</span> <span class='ocrx_word' id='word_1_52' title='bbox 1512 682 1616 735; x_wconf 92' lang='lat' dir='ltr'>quid</span> <span class='ocrx_word' id='word_1_53' title='bbox 1662 695 1739 734; x_wconf 88' lang='lat' dir='ltr'>per</span> 
     </span>
     <span class='ocr_line' id='line_1_7' title="bbox 249 742 1738 800; baseline -0.004 -10"><span class='ocrx_word' id='word_1_54' title='bbox 249 754 274 771; x_wconf 87' lang='lat'><em>“</em></span> <span class='ocrx_word' id='word_1_55' title='bbox 288 750 541 790; x_wconf 89' lang='lat' dir='ltr'>ministrare</span> <span class='ocrx_word' id='word_1_56' title='bbox 553 748 572 763; x_wconf 89' lang='lat'>&#39;&#39;</span> <span class='ocrx_word' id='word_1_57' title='bbox 590 754 636 789; x_wconf 93' lang='lat' dir='ltr'>et</span> <span class='ocrx_word' id='word_1_58' title='bbox 656 751 681 768; x_wconf 88' lang='lat'>“</span> <span class='ocrx_word' id='word_1_59' title='bbox 695 746 988 795; x_wconf 87' lang='lat' dir='ltr'>ministrum‚”</span> <span class='ocrx_word' id='word_1_60' title='bbox 1003 753 1049 787; x_wconf 88' lang='lat' dir='ltr'>et</span> <span class='ocrx_word' id='word_1_61' title='bbox 1067 746 1173 800; x_wconf 90' lang='lat' dir='ltr'>quid</span> <span class='ocrx_word' id='word_1_62' title='bbox 1191 760 1270 799; x_wconf 92' lang='lat' dir='ltr'>per</span> <span class='ocrx_word' id='word_1_63' title='bbox 1287 749 1311 766; x_wconf 82' lang='lat'>‘⁴</span> <span class='ocrx_word' id='word_1_64' title='bbox 1324 742 1489 786; x_wconf 65' lang='lat' dir='ltr'>servire</span> <span class='ocrx_word' id='word_1_65' title='bbox 1504 744 1523 760; x_wconf 92' lang='lat'>’&#39;</span> <span class='ocrx_word' id='word_1_66' title='bbox 1541 750 1588 786; x_wconf 93' lang='lat' dir='ltr'>et</span> <span class='ocrx_word' id='word_1_67' title='bbox 1608 747 1632 764; x_wconf 79' lang='lat'>‘⁴</span> <span class='ocrx_word' id='word_1_68' title='bbox 1646 757 1738 784; x_wconf 90' lang='lat' dir='ltr'>ser—</span> 
     </span>
     <span class='ocr_line' id='line_1_8' title="bbox 246 808 1391 865; baseline -0.004 -12"><span class='ocrx_word' id='word_1_69' title='bbox 246 811 383 852; x_wconf 92' lang='lat' dir='ltr'>vum’&#39;</span> <span class='ocrx_word' id='word_1_70' title='bbox 410 811 688 865; x_wconf 86' lang='lat' dir='ltr'>significatur</span> <span class='ocrx_word' id='word_1_71' title='bbox 713 811 757 851; x_wconf 93' lang='lat' dir='ltr'>in</span> <span class='ocrx_word' id='word_1_72' title='bbox 784 810 1077 864; x_wconf 85' lang='lat' dir='ltr'>sequentibus</span> <span class='ocrx_word' id='word_1_73' title='bbox 1104 809 1173 849; x_wconf 88' lang='lat' dir='ltr'>his</span> <span class='ocrx_word' id='word_1_74' title='bbox 1200 808 1391 849; x_wconf 83' lang='lat' dir='ltr'>locis:—</span> 
     </span>
    </p>

    <p class='ocr_par' dir='ltr' id='par_1_3' title="bbox 312 903 1741 1076">
     <span class='ocr_line' id='line_1_9' title="bbox 312 903 1741 950; baseline -0.004 -10"><span class='ocrx_word' id='word_1_75' title='bbox 312 908 417 950; x_wconf 91' lang='lat' dir='ltr'>Jesus</span> <span class='ocrx_word' id='word_1_76' title='bbox 434 907 522 939; x_wconf 86' lang='lat' dir='ltr'>dixit</span> <span class='ocrx_word' id='word_1_77' title='bbox 538 906 732 947; x_wconf 87' lang='lat' dir='ltr'>discipulis,</span> <span class='ocrx_word' id='word_1_78' title='bbox 752 907 774 920; x_wconf 84' lang='lat'>‘⁴</span> <span class='ocrx_word' id='word_1_79' title='bbox 786 905 955 947; x_wconf 76' lang='lat' dir='ltr'>Quisquis</span> <span class='ocrx_word' id='word_1_80' title='bbox 968 904 1119 935; x_wconf 90' lang='lat' dir='ltr'>voluerit</span> <span class='ocrx_word' id='word_1_81' title='bbox 1135 913 1214 935; x_wconf 90' lang='lat' dir='ltr'>esse</span> <span class='ocrx_word' id='word_1_82' title='bbox 1231 913 1393 943; x_wconf 88' lang='lat' dir='ltr'>magnus,</span> <span class='ocrx_word' id='word_1_83' title='bbox 1411 913 1489 934; x_wconf 93' lang='lat' dir='ltr'>esse</span> <span class='ocrx_word' id='word_1_84' title='bbox 1506 903 1611 934; x_wconf 85' lang='lat' dir='ltr'>debet</span> <span class='ocrx_word' id='word_1_85' title='bbox 1623 909 1741 934; x_wconf 86' lang='lat' dir='ltr'>vester</span> 
     </span>
     <span class='ocr_line' id='line_1_10' title="bbox 422 947 1739 991; baseline -0.003 -9"><span class='ocrx_word' id='word_1_86' title='bbox 422 951 584 983; x_wconf 88' lang='lat' dir='ltr'>minister</span> <span class='ocrx_word' id='word_1_87' title='bbox 597 960 604 989; x_wconf 87' lang='lat'><em>;</em></span> <span class='ocrx_word' id='word_1_88' title='bbox 622 956 657 981; x_wconf 90' lang='lat' dir='ltr'>et</span> <span class='ocrx_word' id='word_1_89' title='bbox 668 950 825 991; x_wconf 90' lang='lat' dir='ltr'>quisquis</span> <span class='ocrx_word' id='word_1_90' title='bbox 838 948 989 980; x_wconf 86' lang='lat' dir='ltr'>voluerit</span> <span class='ocrx_word' id='word_1_91' title='bbox 1002 957 1082 979; x_wconf 89' lang='lat' dir='ltr'>esse</span> <span class='ocrx_word' id='word_1_92' title='bbox 1095 948 1240 987; x_wconf 87' lang='lat' dir='ltr'>primus,</span> <span class='ocrx_word' id='word_1_93' title='bbox 1255 957 1335 978; x_wconf 90' lang='lat' dir='ltr'>esse</span> <span class='ocrx_word' id='word_1_94' title='bbox 1346 947 1451 978; x_wconf 90' lang='lat' dir='ltr'>debet</span> <span class='ocrx_word' id='word_1_95' title='bbox 1462 952 1580 978; x_wconf 88' lang='lat' dir='ltr'>vester</span> <span class='ocrx_word' id='word_1_96' title='bbox 1593 956 1717 978; x_wconf 90' lang='lat' dir='ltr'>servus</span> <span class='ocrx_word' id='word_1_97' title='bbox 1732 957 1739 979; x_wconf 94' lang='lat'><strong>:</strong></span> 
     </span>
     <span class='ocr_line' id='line_1_11' title="bbox 421 988 1740 1031; baseline -0.004 -5"><span class='ocrx_word' id='word_1_98' title='bbox 421 995 511 1027; x_wconf 91' lang='lat' dir='ltr'>sicut</span> <span class='ocrx_word' id='word_1_99' title='bbox 526 994 634 1026; x_wconf 90' lang='lat' dir='ltr'>Filius</span> <span class='ocrx_word' id='word_1_100' title='bbox 651 993 807 1025; x_wconf 90' lang='lat' dir='ltr'>hominis</span> <span class='ocrx_word' id='word_1_101' title='bbox 822 1002 894 1023; x_wconf 89' lang='lat' dir='ltr'>non</span> <span class='ocrx_word' id='word_1_102' title='bbox 909 992 1007 1023; x_wconf 89' lang='lat' dir='ltr'>venit</span> <span class='ocrx_word' id='word_1_103' title='bbox 1020 997 1058 1022; x_wconf 92' lang='lat' dir='ltr'>ut</span> <span class='ocrx_word' id='word_1_104' title='bbox 1077 991 1148 1031; x_wconf 88' lang='lat' dir='ltr'>Ipsi</span> <span class='ocrx_word' id='word_1_105' title='bbox 1162 991 1392 1029; x_wconf 84' lang='lat' dir='ltr'>ministretur,</span> <span class='ocrx_word' id='word_1_106' title='bbox 1409 991 1472 1022; x_wconf 87' lang='lat' dir='ltr'>sed</span> <span class='ocrx_word' id='word_1_107' title='bbox 1485 996 1523 1022; x_wconf 92' lang='lat' dir='ltr'>ut</span> <span class='ocrx_word' id='word_1_108' title='bbox 1536 988 1740 1022; x_wconf 86' lang='lat' dir='ltr'>ministret’‘</span> 
     </span>
     <span class='ocr_line' id='line_1_12' title="bbox 421 1033 1741 1076; baseline -0.005 -6"><span class='ocrx_word' id='word_1_109' title='bbox 421 1038 564 1076; x_wconf 73' lang='lat' dir='ltr'>(Matth.</span> <span class='ocrx_word' id='word_1_110' title='bbox 578 1048 635 1070; x_wconf 88' lang='lat' dir='ltr'>xx.</span> <span class='ocrx_word' id='word_1_111' title='bbox 650 1038 756 1068; x_wconf 82' lang='lat'><strong>26-28</strong></span> <span class='ocrx_word' id='word_1_112' title='bbox 770 1046 777 1075; x_wconf 74' lang='grc' dir='ltr'>ς</span> <span class='ocrx_word' id='word_1_113' title='bbox 795 1046 870 1076; x_wconf 90' lang='lat' dir='ltr'>cap.</span> <span class='ocrx_word' id='word_1_114' title='bbox 885 1035 981 1067; x_wconf 83' lang='lat' dir='ltr'>xxiii.</span> <span class='ocrx_word' id='word_1_115' title='bbox 998 1043 1047 1073; x_wconf 91' lang='lat'>11,</span> <span class='ocrx_word' id='word_1_116' title='bbox 1064 1043 1122 1067; x_wconf 90' lang='lat'>12:</span> <span class='ocrx_word' id='word_1_117' title='bbox 1141 1035 1253 1066; x_wconf 82' lang='lat' dir='ltr'>Marc.</span> <span class='ocrx_word' id='word_1_118' title='bbox 1265 1035 1312 1066; x_wconf 85' lang='lat' dir='ltr'>ix.</span> <span class='ocrx_word' id='word_1_119' title='bbox 1325 1042 1364 1073; x_wconf 89' lang='lat'>35</span> <span class='ocrx_word' id='word_1_120' title='bbox 1379 1045 1386 1066; x_wconf 88' lang='lat'>:</span> <span class='ocrx_word' id='word_1_121' title='bbox 1407 1035 1491 1066; x_wconf 87' lang='lat' dir='ltr'>Luc.</span> <span class='ocrx_word' id='word_1_122' title='bbox 1503 1034 1587 1066; x_wconf 89' lang='lat' dir='ltr'>xxii.</span> <span class='ocrx_word' id='word_1_123' title='bbox 1601 1033 1741 1074; x_wconf 83' lang='lat'><strong>24—27);</strong></span> 
     </span>
    </p>

    <p class='ocr_par' dir='ltr' id='par_1_4' title="bbox 312 1077 1742 1209">
     <span class='ocr_line' id='line_1_13' title="bbox 312 1077 1742 1125; baseline -0.004 -11"><span class='ocrx_word' id='word_1_124' title='bbox 312 1082 417 1125; x_wconf 91' lang='lat' dir='ltr'>Jesus</span> <span class='ocrx_word' id='word_1_125' title='bbox 442 1082 539 1119; x_wconf 85' lang='lat' dir='ltr'>dixit,</span> <span class='ocrx_word' id='word_1_126' title='bbox 571 1081 639 1112; x_wconf 87' lang='lat' dir='ltr'>“Si</span> <span class='ocrx_word' id='word_1_127' title='bbox 664 1081 741 1121; x_wconf 93' lang='lat' dir='ltr'>quis</span> <span class='ocrx_word' id='word_1_128' title='bbox 767 1079 1021 1111; x_wconf 88' lang='lat' dir='ltr'>ministraverit</span> <span class='ocrx_word' id='word_1_129' title='bbox 1046 1078 1147 1117; x_wconf 87' lang='lat' dir='ltr'>Mihi,</span> <span class='ocrx_word' id='word_1_130' title='bbox 1175 1078 1333 1119; x_wconf 88' lang='lat' dir='ltr'>sequitor</span> <span class='ocrx_word' id='word_1_131' title='bbox 1359 1077 1439 1116; x_wconf 90' lang='lat' dir='ltr'>Me;</span> <span class='ocrx_word' id='word_1_132' title='bbox 1471 1084 1555 1109; x_wconf 89' lang='lat' dir='ltr'>tunc</span> <span class='ocrx_word' id='word_1_133' title='bbox 1578 1077 1638 1108; x_wconf 92' lang='lat' dir='ltr'>ubi</span> <span class='ocrx_word' id='word_1_134' title='bbox 1665 1077 1742 1117; x_wconf 88' lang='lat' dir='ltr'>Ego</span> 
     </span>
     <span class='ocr_line' id='line_1_14' title="bbox 422 1121 1738 1163; baseline -0.003 -7"><span class='ocrx_word' id='word_1_135' title='bbox 422 1135 512 1163; x_wconf 89' lang='lat' dir='ltr'>sum,</span> <span class='ocrx_word' id='word_1_136' title='bbox 533 1126 639 1156; x_wconf 90' lang='lat' dir='ltr'>etiam</span> <span class='ocrx_word' id='word_1_137' title='bbox 664 1125 826 1155; x_wconf 88' lang='lat' dir='ltr'>minister</span> <span class='ocrx_word' id='word_1_138' title='bbox 843 1133 943 1154; x_wconf 90' lang='lat' dir='ltr'>meus</span> <span class='ocrx_word' id='word_1_139' title='bbox 961 1123 1048 1159; x_wconf 81' lang='lat' dir='ltr'>erit;</span> <span class='ocrx_word' id='word_1_140' title='bbox 1073 1123 1184 1154; x_wconf 90' lang='lat' dir='ltr'>immo</span> <span class='ocrx_word' id='word_1_141' title='bbox 1204 1123 1233 1154; x_wconf 93' lang='lat' dir='ltr'>si</span> <span class='ocrx_word' id='word_1_142' title='bbox 1251 1122 1329 1163; x_wconf 93' lang='lat' dir='ltr'>quis</span> <span class='ocrx_word' id='word_1_143' title='bbox 1356 1121 1447 1153; x_wconf 92' lang='lat' dir='ltr'>Mihi</span> <span class='ocrx_word' id='word_1_144' title='bbox 1471 1121 1738 1158; x_wconf 86' lang='lat' dir='ltr'>ministraverit,</span> 
     </span>
     <span class='ocr_line' id='line_1_15' title="bbox 421 1166 1152 1209; baseline -0.004 -9"><span class='ocrx_word' id='word_1_145' title='bbox 421 1169 613 1201; x_wconf 87' lang='lat' dir='ltr'>honorabit</span> <span class='ocrx_word' id='word_1_146' title='bbox 630 1178 711 1200; x_wconf 90' lang='lat' dir='ltr'>eum</span> <span class='ocrx_word' id='word_1_147' title='bbox 732 1166 865 1199; x_wconf 87' lang='lat' dir='ltr'>Pater’&#39;</span> <span class='ocrx_word' id='word_1_148' title='bbox 882 1166 982 1209; x_wconf 72' lang='lat' dir='ltr'><em>(Joh.</em></span> <span class='ocrx_word' id='word_1_149' title='bbox 1000 1166 1058 1198; x_wconf 88' lang='lat' dir='ltr'>xii.</span> <span class='ocrx_word' id='word_1_150' title='bbox 1077 1167 1131 1203; x_wconf 87' lang='lat'>26)</span> <span class='ocrx_word' id='word_1_151' title='bbox 1146 1176 1152 1203; x_wconf 83' lang='lat'>;</span> 
     </span>
    </p>

    <p class='ocr_par' dir='ltr' id='par_1_5' title="bbox 313 1208 1740 1255">
     <span class='ocr_line' id='line_1_16' title="bbox 313 1208 1740 1255; baseline -0.004 -10"><span class='ocrx_word' id='word_1_152' title='bbox 313 1213 418 1255; x_wconf 78' lang='lat' dir='ltr'>jesus</span> <span class='ocrx_word' id='word_1_153' title='bbox 435 1213 534 1250; x_wconf 87' lang='lat' dir='ltr'>dixit,</span> <span class='ocrx_word' id='word_1_154' title='bbox 558 1214 580 1226; x_wconf 72' lang='lat'>‘⁴</span> <span class='ocrx_word' id='word_1_155' title='bbox 594 1212 694 1243; x_wconf 87' lang='lat' dir='ltr'>Beati</span> <span class='ocrx_word' id='word_1_156' title='bbox 718 1211 824 1250; x_wconf 88' lang='lat' dir='ltr'>servi,</span> <span class='ocrx_word' id='word_1_157' title='bbox 845 1220 934 1252; x_wconf 91' lang='lat' dir='ltr'>quos</span> <span class='ocrx_word' id='word_1_158' title='bbox 951 1210 1100 1241; x_wconf 87' lang='lat' dir='ltr'>veniens</span> <span class='ocrx_word' id='word_1_159' title='bbox 1127 1209 1303 1241; x_wconf 90' lang='lat' dir='ltr'>Dominus</span> <span class='ocrx_word' id='word_1_160' title='bbox 1328 1209 1506 1240; x_wconf 89' lang='lat' dir='ltr'>invenerit</span> <span class='ocrx_word' id='word_1_161' title='bbox 1529 1208 1740 1248; x_wconf 87' lang='lat' dir='ltr'>vigilantes;</span> 
     </span>
    </p>
   </div>
   <div class='ocr_carea' id='block_1_3' title="bbox 421 1251 1743 1342">
    <p class='ocr_par' dir='ltr' id='par_1_6' title="bbox 421 1251 1743 1342">
     <span class='ocr_line' id='line_1_17' title="bbox 421 1251 1743 1296; baseline -0.004 -8"><span class='ocrx_word' id='word_1_162' title='bbox 421 1257 500 1288; x_wconf 91' lang='lat' dir='ltr'>dico</span> <span class='ocrx_word' id='word_1_163' title='bbox 517 1256 618 1287; x_wconf 92' lang='lat' dir='ltr'>vobis</span> <span class='ocrx_word' id='word_1_164' title='bbox 636 1255 728 1296; x_wconf 92' lang='lat' dir='ltr'>quod</span> <span class='ocrx_word' id='word_1_165' title='bbox 754 1252 932 1286; x_wconf 61' lang='lat' dir='ltr'>cineturus</span> <span class='ocrx_word' id='word_1_166' title='bbox 951 1254 996 1285; x_wconf 91' lang='lat' dir='ltr'>sit</span> <span class='ocrx_word' id='word_1_167' title='bbox 1021 1253 1076 1291; x_wconf 80' lang='lat' dir='ltr'>Se,</span> <span class='ocrx_word' id='word_1_168' title='bbox 1097 1259 1132 1285; x_wconf 89' lang='lat' dir='ltr'>et</span> <span class='ocrx_word' id='word_1_169' title='bbox 1148 1254 1357 1284; x_wconf 90' lang='lat' dir='ltr'>accumbere</span> <span class='ocrx_word' id='word_1_170' title='bbox 1373 1251 1532 1284; x_wconf 62' lang='lat' dir='ltr'>facturus</span> <span class='ocrx_word' id='word_1_171' title='bbox 1549 1262 1623 1290; x_wconf 92' lang='lat' dir='ltr'>eos,</span> <span class='ocrx_word' id='word_1_172' title='bbox 1645 1251 1743 1292; x_wconf 91' lang='lat' dir='ltr'>Ipse-</span> 
     </span>
     <span class='ocr_line' id='line_1_18' title="bbox 422 1297 1358 1342; baseline -0.003 -11"><span class='ocrx_word' id='word_1_173' title='bbox 422 1310 488 1342; x_wconf 91' lang='lat' dir='ltr'>que</span> <span class='ocrx_word' id='word_1_174' title='bbox 505 1300 678 1331; x_wconf 91' lang='lat' dir='ltr'>accedens</span> <span class='ocrx_word' id='word_1_175' title='bbox 696 1299 960 1330; x_wconf 82' lang='lat' dir='ltr'>ministraturus</span> <span class='ocrx_word' id='word_1_176' title='bbox 977 1297 1074 1329; x_wconf 86' lang='lat' dir='ltr'>illis¹’</span> <span class='ocrx_word' id='word_1_177' title='bbox 1089 1297 1188 1337; x_wconf 89' lang='lat' dir='ltr'><em>(Luc.</em></span> <span class='ocrx_word' id='word_1_178' title='bbox 1205 1297 1264 1329; x_wconf 88' lang='lat' dir='ltr'>xii.</span> <span class='ocrx_word' id='word_1_179' title='bbox 1282 1297 1336 1336; x_wconf 91' lang='lat'>37)</span> <span class='ocrx_word' id='word_1_180' title='bbox 1351 1307 1358 1328; x_wconf 71' lang='grc' dir='ltr'><strong>ι</strong></span> 
     </span>
    </p>
   </div>
   <div class='ocr_carea' id='block_1_4' title="bbox 248 1381 596 1436">
    <p class='ocr_par' dir='ltr' id='par_1_7' title="bbox 248 1381 596 1436">
     <span class='ocr_line' id='line_1_19' title="bbox 248 1381 596 1436; baseline -0.006 -12"><span class='ocrx_word' id='word_1_181' title='bbox 248 1382 367 1436; x_wconf 89' lang='lat' dir='ltr'>apud</span> <span class='ocrx_word' id='word_1_182' title='bbox 393 1381 596 1431; x_wconf 82' lang='lat' dir='ltr'>Esaiam,</span> 
     </span>
    </p>
   </div>
   <div class='ocr_carea' id='block_1_5' title="bbox 318 1454 1743 1544">
    <p class='ocr_par' dir='ltr' id='par_1_8' title="bbox 318 1454 1743 1544">
     <span class='ocr_line' id='line_1_20' title="bbox 318 1454 1743 1500; baseline -0.002 -9"><span class='ocrx_word' id='word_1_183' title='bbox 318 1460 430 1492; x_wconf 80' lang='lat' dir='ltr'>“Filii</span> <span class='ocrx_word' id='word_1_184' title='bbox 447 1459 681 1499; x_wconf 83' lang='lat' dir='ltr'>alienigenae,</span> <span class='ocrx_word' id='word_1_185' title='bbox 702 1459 760 1500; x_wconf 91' lang='lat' dir='ltr'>qui</span> <span class='ocrx_word' id='word_1_186' title='bbox 784 1458 980 1490; x_wconf 88' lang='lat' dir='ltr'>adhaerent</span> <span class='ocrx_word' id='word_1_187' title='bbox 1002 1457 1162 1499; x_wconf 89' lang='lat' dir='ltr'>Jehovae</span> <span class='ocrx_word' id='word_1_188' title='bbox 1185 1457 1230 1489; x_wconf 92' lang='lat' dir='ltr'>ad</span> <span class='ocrx_word' id='word_1_189' title='bbox 1254 1457 1528 1488; x_wconf 87' lang='lat' dir='ltr'>ministrandum</span> <span class='ocrx_word' id='word_1_190' title='bbox 1555 1455 1621 1494; x_wconf 90' lang='lat' dir='ltr'>Illi,</span> <span class='ocrx_word' id='word_1_191' title='bbox 1641 1461 1676 1487; x_wconf 87' lang='lat' dir='ltr'>et</span> <span class='ocrx_word' id='word_1_192' title='bbox 1698 1454 1743 1488; x_wconf 84' lang='lat' dir='ltr'>ad</span> 
     </span>
     <span class='ocr_line' id='line_1_21' title="bbox 422 1500 1131 1544; baseline -0.004 -9"><span class='ocrx_word' id='word_1_193' title='bbox 422 1503 615 1535; x_wconf 88' lang='lat' dir='ltr'>amandum</span> <span class='ocrx_word' id='word_1_194' title='bbox 634 1513 765 1534; x_wconf 89' lang='lat' dir='ltr'>nornen</span> <span class='ocrx_word' id='word_1_195' title='bbox 782 1502 941 1544; x_wconf 91' lang='lat' dir='ltr'>Jehovae</span> <span class='ocrx_word' id='word_1_196' title='bbox 953 1501 970 1513; x_wconf 90' lang='lat'><em>”</em></span> <span class='ocrx_word' id='word_1_197' title='bbox 988 1501 1062 1542; x_wconf 93' lang='lat' dir='ltr'>(lvi.</span> <span class='ocrx_word' id='word_1_198' title='bbox 1079 1500 1131 1542; x_wconf 89' lang='lat'>6):</span> 
     </span>
    </p>
   </div>
   <div class='ocr_carea' id='block_1_6' title="bbox 249 1594 1745 2477">
    <p class='ocr_par' dir='ltr' id='par_1_9' title="bbox 249 1594 1744 1906">
     <span class='ocr_line' id='line_1_22' title="bbox 249 1594 1742 1653; baseline -0.003 -13"><span class='ocrx_word' id='word_1_199' title='bbox 249 1600 351 1653; x_wconf 90' lang='lat' dir='ltr'>quia</span> <span class='ocrx_word' id='word_1_200' title='bbox 379 1597 701 1639; x_wconf 85' lang='lat' dir='ltr'>“ministrare&#39;’</span> <span class='ocrx_word' id='word_1_201' title='bbox 733 1597 1020 1651; x_wconf 90' lang='lat' dir='ltr'>praedicatur</span> <span class='ocrx_word' id='word_1_202' title='bbox 1051 1596 1107 1637; x_wconf 93' lang='lat' dir='ltr'>de</span> <span class='ocrx_word' id='word_1_203' title='bbox 1139 1596 1260 1637; x_wconf 91' lang='lat' dir='ltr'>bono</span> <span class='ocrx_word' id='word_1_204' title='bbox 1291 1596 1469 1644; x_wconf 90' lang='lat' dir='ltr'>amoris,</span> <span class='ocrx_word' id='word_1_205' title='bbox 1498 1594 1600 1635; x_wconf 89' lang='lat' dir='ltr'>ideo</span> <span class='ocrx_word' id='word_1_206' title='bbox 1631 1594 1742 1635; x_wconf 91' lang='lat' dir='ltr'>dici-</span> 
     </span>
     <span class='ocr_line' id='line_1_23' title="bbox 250 1658 1743 1714; baseline -0.003 -10"><span class='ocrx_word' id='word_1_207' title='bbox 250 1670 321 1704; x_wconf 89' lang='lat' dir='ltr'>tur</span> <span class='ocrx_word' id='word_1_208' title='bbox 345 1663 439 1704; x_wconf 90' lang='lat' dir='ltr'>“ad</span> <span class='ocrx_word' id='word_1_209' title='bbox 467 1662 814 1703; x_wconf 89' lang='lat' dir='ltr'>ministrandum</span> <span class='ocrx_word' id='word_1_210' title='bbox 838 1661 1053 1714; x_wconf 89' lang='lat' dir='ltr'>Jehovae,</span> <span class='ocrx_word' id='word_1_211' title='bbox 1079 1667 1125 1701; x_wconf 94' lang='lat' dir='ltr'>et</span> <span class='ocrx_word' id='word_1_212' title='bbox 1151 1660 1208 1701; x_wconf 89' lang='lat' dir='ltr'>ad</span> <span class='ocrx_word' id='word_1_213' title='bbox 1235 1659 1478 1700; x_wconf 89' lang='lat' dir='ltr'>amandum</span> <span class='ocrx_word' id='word_1_214' title='bbox 1497 1659 1530 1710; x_wconf 86' lang='lat'>;&#39;&#39;</span> <span class='ocrx_word' id='word_1_215' title='bbox 1562 1672 1613 1699; x_wconf 92' lang='lat' dir='ltr'>ac</span> <span class='ocrx_word' id='word_1_216' title='bbox 1640 1658 1743 1699; x_wconf 93' lang='lat' dir='ltr'>ideo</span> 
     </span>
     <span class='ocr_line' id='line_1_24' title="bbox 249 1721 1743 1778; baseline -0.004 -10"><span class='ocrx_word' id='word_1_217' title='bbox 249 1727 411 1768; x_wconf 88' lang='lat' dir='ltr'>dicitur</span> <span class='ocrx_word' id='word_1_218' title='bbox 447 1726 504 1767; x_wconf 91' lang='lat' dir='ltr'>de</span> <span class='ocrx_word' id='word_1_219' title='bbox 542 1726 740 1766; x_wconf 90' lang='lat' dir='ltr'>Domino</span> <span class='ocrx_word' id='word_1_220' title='bbox 776 1725 896 1778; x_wconf 88' lang='lat' dir='ltr'>quod</span> <span class='ocrx_word' id='word_1_221' title='bbox 939 1724 1041 1778; x_wconf 92' lang='lat' dir='ltr'>Ipse</span> <span class='ocrx_word' id='word_1_222' title='bbox 1080 1722 1491 1764; x_wconf 66' lang='lat' dir='ltr'>“ministraturus”</span> <span class='ocrx_word' id='word_1_223' title='bbox 1562 1721 1637 1762; x_wconf 86' lang='lat' dir='ltr'>Ex</span> <span class='ocrx_word' id='word_1_224' title='bbox 1673 1721 1743 1762; x_wconf 89' lang='lat' dir='ltr'>his</span> 
     </span>
     <span class='ocr_line' id='line_1_25' title="bbox 250 1784 1744 1842; baseline -0.003 -12"><span class='ocrx_word' id='word_1_225' title='bbox 250 1803 365 1830; x_wconf 89' lang='lat' dir='ltr'>nunc</span> <span class='ocrx_word' id='word_1_226' title='bbox 394 1795 605 1830; x_wconf 88' lang='lat' dir='ltr'>constare</span> <span class='ocrx_word' id='word_1_227' title='bbox 634 1794 788 1842; x_wconf 92' lang='lat' dir='ltr'>potest</span> <span class='ocrx_word' id='word_1_228' title='bbox 815 1788 935 1841; x_wconf 92' lang='lat' dir='ltr'>quod</span> <span class='ocrx_word' id='word_1_229' title='bbox 966 1801 1046 1841; x_wconf 87' lang='lat' dir='ltr'>per</span> <span class='ocrx_word' id='word_1_230' title='bbox 1074 1787 1408 1827; x_wconf 90' lang='lat' dir='ltr'>“ministerium</span> <span class='ocrx_word' id='word_1_231' title='bbox 1421 1785 1440 1800; x_wconf 92' lang='lat'><strong>”</strong></span> <span class='ocrx_word' id='word_1_232' title='bbox 1467 1784 1744 1839; x_wconf 87' lang='lat' dir='ltr'>significetur</span> 
     </span>
     <span class='ocr_line' id='line_1_26' title="bbox 249 1849 1531 1906; baseline -0.005 -12"><span class='ocrx_word' id='word_1_233' title='bbox 249 1866 383 1894; x_wconf 90' lang='lat' dir='ltr'>omne</span> <span class='ocrx_word' id='word_1_234' title='bbox 409 1853 528 1906; x_wconf 90' lang='lat' dir='ltr'>quod</span> <span class='ocrx_word' id='word_1_235' title='bbox 555 1851 604 1893; x_wconf 90' lang='lat' dir='ltr'>fit</span> <span class='ocrx_word' id='word_1_236' title='bbox 631 1867 690 1894; x_wconf 85' lang='lat' dir='ltr'>ex</span> <span class='ocrx_word' id='word_1_237' title='bbox 717 1852 837 1892; x_wconf 90' lang='lat' dir='ltr'>bono</span> <span class='ocrx_word' id='word_1_238' title='bbox 863 1852 1041 1899; x_wconf 89' lang='lat' dir='ltr'>amoris,</span> <span class='ocrx_word' id='word_1_239' title='bbox 1070 1851 1134 1891; x_wconf 89' lang='lat' dir='ltr'>ita</span> <span class='ocrx_word' id='word_1_240' title='bbox 1160 1850 1326 1891; x_wconf 90' lang='lat' dir='ltr'>bonum</span> <span class='ocrx_word' id='word_1_241' title='bbox 1354 1849 1531 1889; x_wconf 73' lang='lat' dir='ltr'>amoris</span> 
     </span>
    </p>

    <p class='ocr_par' dir='ltr' id='par_1_10' title="bbox 250 1915 1745 2477">
     <span class='ocr_line' id='line_1_27' title="bbox 329 1915 1743 1975; baseline -0.005 -13"><span class='ocrx_word' id='word_1_242' title='bbox 329 1921 459 1975; x_wconf 80' lang='lat'><strong>156.</strong></span> <span class='ocrx_word' id='word_1_243' title='bbox 498 1921 576 1961; x_wconf 70' lang='lat' dir='ltr'>“ft</span> <span class='ocrx_word' id='word_1_244' title='bbox 594 1919 851 1961; x_wconf 72' lang='lat' dir='ltr'>tolerantiam</span> <span class='ocrx_word' id='word_1_245' title='bbox 873 1917 1216 1970; x_wconf 75' lang='lat' dir='ltr'>tuam.&#39;&#39;—Quod</span> <span class='ocrx_word' id='word_1_246' title='bbox 1238 1916 1460 1970; x_wconf 87' lang='lat' dir='ltr'>significet</span> <span class='ocrx_word' id='word_1_247' title='bbox 1477 1915 1743 1969; x_wconf 61' lang='lat' dir='ltr'>conjunffio-</span> 
     </span>
     <span class='ocr_line' id='line_1_28' title="bbox 250 1977 1743 2033; baseline -0.005 -9"><span class='ocrx_word' id='word_1_248' title='bbox 250 1998 344 2024; x_wconf 85' lang='lat' dir='ltr'>nem</span> <span class='ocrx_word' id='word_1_249' title='bbox 367 1997 462 2024; x_wconf 81' lang='lat' dir='ltr'>cum</span> <span class='ocrx_word' id='word_1_250' title='bbox 486 1989 677 2031; x_wconf 82' lang='lat' dir='ltr'>externo,</span> <span class='ocrx_word' id='word_1_251' title='bbox 701 1988 743 2022; x_wconf 82' lang='lat' dir='ltr'>et</span> <span class='ocrx_word' id='word_1_252' title='bbox 767 1987 866 2022; x_wconf 83' lang='lat' dir='ltr'>tunc</span> <span class='ocrx_word' id='word_1_253' title='bbox 883 1987 1097 2033; x_wconf 80' lang='lat' dir='ltr'>pugnam,</span> <span class='ocrx_word' id='word_1_254' title='bbox 1122 1985 1305 2020; x_wconf 87' lang='lat' dir='ltr'>constat</span> <span class='ocrx_word' id='word_1_255' title='bbox 1329 1992 1387 2019; x_wconf 84' lang='lat' dir='ltr'>ex</span> <span class='ocrx_word' id='word_1_256' title='bbox 1411 1977 1743 2030; x_wconf 87' lang='lat' dir='ltr'>significatione</span> 
     </span>
     <span class='ocr_line' id='line_1_29' title="bbox 253 2039 1742 2096; baseline -0.005 -9"><span class='ocrx_word' id='word_1_257' title='bbox 253 2045 602 2093; x_wconf 87' lang='lat' dir='ltr'>“tolerantiae‚&#39;’</span> <span class='ocrx_word' id='word_1_258' title='bbox 625 2058 726 2086; x_wconf 91' lang='lat' dir='ltr'>cum</span> <span class='ocrx_word' id='word_1_259' title='bbox 749 2044 805 2084; x_wconf 92' lang='lat' dir='ltr'>de</span> <span class='ocrx_word' id='word_1_260' title='bbox 827 2043 914 2084; x_wconf 92' lang='lat' dir='ltr'>illis</span> <span class='ocrx_word' id='word_1_261' title='bbox 937 2043 1010 2096; x_wconf 90' lang='lat' dir='ltr'>qui</span> <span class='ocrx_word' id='word_1_262' title='bbox 1035 2043 1080 2083; x_wconf 90' lang='lat' dir='ltr'>in</span> <span class='ocrx_word' id='word_1_263' title='bbox 1103 2043 1282 2082; x_wconf 91' lang='lat' dir='ltr'>interno</span> <span class='ocrx_word' id='word_1_264' title='bbox 1304 2047 1350 2082; x_wconf 93' lang='lat' dir='ltr'>et</span> <span class='ocrx_word' id='word_1_265' title='bbox 1377 2046 1572 2081; x_wconf 88' lang='lat' dir='ltr'>externo</span> <span class='ocrx_word' id='word_1_266' title='bbox 1595 2039 1742 2080; x_wconf 90' lang='lat' dir='ltr'>eccle-</span> 
     </span>
     <span class='ocr_line' id='line_1_30' title="bbox 250 2102 1743 2162; baseline -0.005 -12"><span class='ocrx_word' id='word_1_267' title='bbox 250 2111 342 2150; x_wconf 88' lang='lat' dir='ltr'>siae</span> <span class='ocrx_word' id='word_1_268' title='bbox 369 2115 487 2157; x_wconf 89' lang='lat' dir='ltr'>sunt‚</span> <span class='ocrx_word' id='word_1_269' title='bbox 512 2108 568 2149; x_wconf 90' lang='lat' dir='ltr'>de</span> <span class='ocrx_word' id='word_1_270' title='bbox 595 2108 752 2162; x_wconf 90' lang='lat' dir='ltr'>quibus</span> <span class='ocrx_word' id='word_1_271' title='bbox 778 2107 849 2147; x_wconf 92' lang='lat' dir='ltr'>hic</span> <span class='ocrx_word' id='word_1_272' title='bbox 876 2107 1039 2159; x_wconf 87' lang='lat' dir='ltr'>agitur,</span> <span class='ocrx_word' id='word_1_273' title='bbox 1064 2104 1183 2158; x_wconf 90' lang='lat' dir='ltr'>quod</span> <span class='ocrx_word' id='word_1_274' title='bbox 1211 2105 1268 2145; x_wconf 90' lang='lat' dir='ltr'>sit</span> <span class='ocrx_word' id='word_1_275' title='bbox 1296 2102 1552 2156; x_wconf 61' lang='lat' dir='ltr'>conjunctio</span> <span class='ocrx_word' id='word_1_276' title='bbox 1578 2103 1743 2144; x_wconf 87' lang='lat' dir='ltr'>interni</span> 
     </span>
     <span class='ocr_line' id='line_1_31' title="bbox 250 2164 1743 2226; baseline -0.005 -13"><span class='ocrx_word' id='word_1_277' title='bbox 250 2185 351 2213; x_wconf 91' lang='lat' dir='ltr'>cum</span> <span class='ocrx_word' id='word_1_278' title='bbox 378 2178 586 2218; x_wconf 88' lang='lat' dir='ltr'>externo,</span> <span class='ocrx_word' id='word_1_279' title='bbox 611 2177 657 2211; x_wconf 91' lang='lat' dir='ltr'>et</span> <span class='ocrx_word' id='word_1_280' title='bbox 679 2183 831 2223; x_wconf 86' lang='lat' dir='ltr'>pugna</span> <span class='ocrx_word' id='word_1_281' title='bbox 853 2175 960 2209; x_wconf 92' lang='lat' dir='ltr'>tunc</span> <span class='ocrx_word' id='word_1_282' title='bbox 980 2182 988 2218; x_wconf 91' lang='lat'>;</span> <span class='ocrx_word' id='word_1_283' title='bbox 1022 2167 1141 2222; x_wconf 92' lang='lat' dir='ltr'>quod</span> <span class='ocrx_word' id='word_1_284' title='bbox 1167 2167 1253 2226; x_wconf 59' lang='lat' dir='ltr'>lroc</span> <span class='ocrx_word' id='word_1_285' title='bbox 1277 2181 1355 2220; x_wconf 91' lang='lat' dir='ltr'>per</span> <span class='ocrx_word' id='word_1_286' title='bbox 1379 2166 1710 2207; x_wconf 85' lang='lat' dir='ltr'>“tolerantiam</span> <span class='ocrx_word' id='word_1_287' title='bbox 1723 2164 1743 2181; x_wconf 92' lang='lat'>&#39;’</span> 
     </span>
     <span class='ocr_line' id='line_1_32' title="bbox 251 2229 1744 2288; baseline -0.005 -13"><span class='ocrx_word' id='word_1_288' title='bbox 251 2234 541 2288; x_wconf 86' lang='lat' dir='ltr'>significetur,</span> <span class='ocrx_word' id='word_1_289' title='bbox 575 2239 644 2273; x_wconf 90' lang='lat' dir='ltr'>est</span> <span class='ocrx_word' id='word_1_290' title='bbox 677 2233 779 2286; x_wconf 90' lang='lat' dir='ltr'>quia</span> <span class='ocrx_word' id='word_1_291' title='bbox 811 2229 1067 2284; x_wconf 67' lang='lat' dir='ltr'>conjunctio</span> <span class='ocrx_word' id='word_1_292' title='bbox 1098 2231 1262 2271; x_wconf 90' lang='lat' dir='ltr'>interni</span> <span class='ocrx_word' id='word_1_293' title='bbox 1294 2243 1394 2270; x_wconf 92' lang='lat' dir='ltr'>cum</span> <span class='ocrx_word' id='word_1_294' title='bbox 1427 2235 1635 2277; x_wconf 84' lang='lat' dir='ltr'>externo,</span> <span class='ocrx_word' id='word_1_295' title='bbox 1666 2242 1744 2269; x_wconf 92' lang='lat' dir='ltr'>seu</span> 
     </span>
     <span class='ocr_line' id='line_1_33' title="bbox 251 2286 1744 2351; baseline -0.004 -13"><span class='ocrx_word' id='word_1_296' title='bbox 251 2297 494 2351; x_wconf 88' lang='lat' dir='ltr'>spiritualis</span> <span class='ocrx_word' id='word_1_297' title='bbox 522 2296 714 2336; x_wconf 91' lang='lat' dir='ltr'>hominis</span> <span class='ocrx_word' id='word_1_298' title='bbox 742 2308 843 2335; x_wconf 91' lang='lat' dir='ltr'>cum</span> <span class='ocrx_word' id='word_1_299' title='bbox 870 2294 1076 2341; x_wconf 80' lang='lat' dir='ltr'>naturali,</span> <span class='ocrx_word' id='word_1_300' title='bbox 1092 2293 1140 2334; x_wconf 85' lang='lat' dir='ltr'>fit</span> <span class='ocrx_word' id='word_1_301' title='bbox 1168 2307 1246 2347; x_wconf 86' lang='lat' dir='ltr'>per</span> <span class='ocrx_word' id='word_1_302' title='bbox 1271 2286 1580 2342; x_wconf 72' lang='lat' dir='ltr'>te‘ntationes;</span> <span class='ocrx_word' id='word_1_303' title='bbox 1613 2291 1744 2334; x_wconf 89' lang='lat' dir='ltr'>aliter</span> 
     </span>
     <span class='ocr_line' id='line_1_34' title="bbox 252 2352 1743 2412; baseline -0.005 -11"><span class='ocrx_word' id='word_1_304' title='bbox 252 2374 342 2402; x_wconf 90' lang='lat' dir='ltr'>non</span> <span class='ocrx_word' id='word_1_305' title='bbox 374 2359 733 2412; x_wconf 87' lang='lat' dir='ltr'>conjunguntur:</span> <span class='ocrx_word' id='word_1_306' title='bbox 777 2358 879 2398; x_wconf 92' lang='lat' dir='ltr'>ideo</span> <span class='ocrx_word' id='word_1_307' title='bbox 911 2371 1063 2411; x_wconf 88' lang='lat' dir='ltr'>pugna</span> <span class='ocrx_word' id='word_1_308' title='bbox 1099 2371 1177 2410; x_wconf 89' lang='lat' dir='ltr'>per</span> <span class='ocrx_word' id='word_1_309' title='bbox 1208 2370 1342 2410; x_wconf 89' lang='lat' dir='ltr'>quam</span> <span class='ocrx_word' id='word_1_310' title='bbox 1379 2355 1456 2396; x_wconf 91' lang='lat' dir='ltr'>illa</span> <span class='ocrx_word' id='word_1_311' title='bbox 1488 2352 1743 2407; x_wconf 65' lang='lat' dir='ltr'>conjunctio</span> 
     </span>
     <span class='ocr_line' id='line_1_35' title="bbox 251 2417 1745 2477; baseline -0.005 -13"><span class='ocrx_word' id='word_1_312' title='bbox 251 2423 315 2472; x_wconf 87' lang='lat' dir='ltr'>fit,</span> <span class='ocrx_word' id='word_1_313' title='bbox 355 2424 457 2477; x_wconf 87' lang='lat' dir='ltr'>quia</span> <span class='ocrx_word' id='word_1_314' title='bbox 494 2422 631 2463; x_wconf 92' lang='lat' dir='ltr'>homo</span> <span class='ocrx_word' id='word_1_315' title='bbox 669 2428 775 2462; x_wconf 88' lang='lat' dir='ltr'>tunc</span> <span class='ocrx_word' id='word_1_316' title='bbox 814 2421 984 2474; x_wconf 87' lang='lat' dir='ltr'>patitur</span> <span class='ocrx_word' id='word_1_317' title='bbox 1021 2426 1066 2460; x_wconf 90' lang='lat' dir='ltr'>et</span> <span class='ocrx_word' id='word_1_318' title='bbox 1105 2420 1313 2468; x_wconf 87' lang='lat' dir='ltr'>sustinet,</span> <span class='ocrx_word' id='word_1_319' title='bbox 1352 2417 1630 2471; x_wconf 89' lang='lat' dir='ltr'>significatur</span> <span class='ocrx_word' id='word_1_320' title='bbox 1666 2430 1745 2470; x_wconf 89' lang='lat' dir='ltr'>per</span> 
     </span>
    </p>
   </div>
   <div class='ocr_carea' id='block_1_7' title="bbox 251 2478 1746 2629">
    <p class='ocr_par' dir='ltr' id='par_1_11' title="bbox 251 2478 1746 2629">
     <span class='ocr_line' id='line_1_36' title="bbox 254 2478 1746 2531; baseline -0.005 -6"><span class='ocrx_word' id='word_1_321' title='bbox 254 2489 280 2505; x_wconf 82' lang='lat'>‘⁴</span> <span class='ocrx_word' id='word_1_322' title='bbox 294 2483 630 2525; x_wconf 76' lang='lat' dir='ltr'>tolerantiam.”</span> <span class='ocrx_word' id='word_1_323' title='bbox 687 2478 799 2531; x_wconf 86' lang='lat' dir='ltr'>(Quod</span> <span class='ocrx_word' id='word_1_324' title='bbox 818 2493 958 2522; x_wconf 89' lang='lat' dir='ltr'>internus</span> <span class='ocrx_word' id='word_1_325' title='bbox 977 2493 1075 2521; x_wconf 90' lang='lat' dir='ltr'>homo</span> <span class='ocrx_word' id='word_1_326' title='bbox 1094 2501 1168 2521; x_wconf 91' lang='lat' dir='ltr'>cum</span> <span class='ocrx_word' id='word_1_327' title='bbox 1191 2497 1321 2520; x_wconf 88' lang='lat' dir='ltr'>externo</span> <span class='ocrx_word' id='word_1_328' title='bbox 1341 2491 1552 2528; x_wconf 84' lang='lat' dir='ltr'>conjungatur</span> <span class='ocrx_word' id='word_1_329' title='bbox 1569 2498 1627 2527; x_wconf 89' lang='lat' dir='ltr'>per</span> <span class='ocrx_word' id='word_1_330' title='bbox 1645 2493 1746 2518; x_wconf 81' lang='lat' dir='ltr'>tenta-</span> 
     </span>
     <span class='ocr_line' id='line_1_37' title="bbox 251 2539 1746 2582; baseline -0.005 -7"><span class='ocrx_word' id='word_1_331' title='bbox 251 2547 363 2580; x_wconf 85' lang='lat' dir='ltr'>tiones,</span> <span class='ocrx_word' id='word_1_332' title='bbox 375 2555 457 2582; x_wconf 88' lang='lat' dir='ltr'>quae</span> <span class='ocrx_word' id='word_1_333' title='bbox 472 2550 545 2574; x_wconf 90' lang='lat' dir='ltr'>sunt</span> <span class='ocrx_word' id='word_1_334' title='bbox 559 2554 686 2582; x_wconf 86' lang='lat' dir='ltr'>pugnae</span> <span class='ocrx_word' id='word_1_335' title='bbox 700 2544 885 2582; x_wconf 87' lang='lat' dir='ltr'>spirituales,</span> <span class='ocrx_word' id='word_1_336' title='bbox 898 2543 1042 2572; x_wconf 84' lang='lat' dir='ltr'>videatur</span> <span class='ocrx_word' id='word_1_337' title='bbox 1055 2543 1087 2571; x_wconf 92' lang='lat' dir='ltr'>in</span> <span class='ocrx_word' id='word_1_338' title='bbox 1099 2543 1238 2572; x_wconf 79' lang='lat' dir='ltr'>Arcanis</span> <span class='ocrx_word' id='word_1_339' title='bbox 1253 2542 1449 2575; x_wconf 81' lang='lat' dir='ltr'>caelestibus,</span> <span class='ocrx_word' id='word_1_340' title='bbox 1462 2539 1645 2577; x_wconf 83' lang='lat' dir='ltr'>n.[¹]10685;</span> <span class='ocrx_word' id='word_1_341' title='bbox 1669 2543 1699 2568; x_wconf 88' lang='lat' dir='ltr'>et</span> <span class='ocrx_word' id='word_1_342' title='bbox 1713 2539 1746 2568; x_wconf 85' lang='lat' dir='ltr'>in</span> 
     </span>
     <span class='ocr_line' id='line_1_38' title="bbox 253 2591 1103 2629; baseline -0.005 -6"><span class='ocrx_word' id='word_1_343' title='bbox 253 2594 413 2623; x_wconf 77' lang='lat' dir='ltr'>Doc‘trz&#39;na</span> <span class='ocrx_word' id='word_1_344' title='bbox 427 2594 537 2622; x_wconf 80' lang='lat' dir='ltr'>Novae</span> <span class='ocrx_word' id='word_1_345' title='bbox 551 2593 785 2629; x_wconf 77' lang='lat' dir='ltr'>Herosolymae,</span> <span class='ocrx_word' id='word_1_346' title='bbox 801 2601 832 2621; x_wconf 91' lang='lat' dir='ltr'>n.</span> <span class='ocrx_word' id='word_1_347' title='bbox 852 2600 918 2628; x_wconf 85' lang='lat'>190,</span> <span class='ocrx_word' id='word_1_348' title='bbox 936 2599 1003 2628; x_wconf 84' lang='lat'>194,</span> <span class='ocrx_word' id='word_1_349' title='bbox 1021 2591 1103 2628; x_wconf 91' lang='lat'><strong>199.)</strong></span> 
     </span>
    </p>
   </div>
   <div class='ocr_carea' id='block_1_8' title="bbox 240 2642 1744 3016">
    <p class='ocr_par' dir='ltr' id='par_1_12' title="bbox 240 2642 1744 3016">
     <span class='ocr_line' id='line_1_39' title="bbox 332 2642 1743 2703; baseline -0.006 -13"><span class='ocrx_word' id='word_1_350' title='bbox 332 2659 453 2703; x_wconf 83' lang='lat'><strong>157.</strong></span> <span class='ocrx_word' id='word_1_351' title='bbox 470 2645 477 2652; x_wconf 79' lang='grc'><strong>”</strong></span> <span class='ocrx_word' id='word_1_352' title='bbox 493 2649 578 2688; x_wconf 70' lang='lat' dir='ltr'>“ft</span> <span class='ocrx_word' id='word_1_353' title='bbox 612 2661 735 2699; x_wconf 70' lang='lat' dir='ltr'>opera</span> <span class='ocrx_word' id='word_1_354' title='bbox 773 2651 858 2694; x_wconf 73' lang='lat' dir='ltr'>tua,</span> <span class='ocrx_word' id='word_1_355' title='bbox 897 2651 942 2687; x_wconf 73' lang='lat' dir='ltr'>et</span> <span class='ocrx_word' id='word_1_356' title='bbox 976 2646 1115 2686; x_wconf 79' lang='lat' dir='ltr'>ultima</span> <span class='ocrx_word' id='word_1_357' title='bbox 1146 2646 1267 2698; x_wconf 81' lang='lat' dir='ltr'>plum</span> <span class='ocrx_word' id='word_1_358' title='bbox 1303 2642 1743 2697; x_wconf 72' lang='lat' dir='ltr'>prior-ibus.&#39;&#39;—Quod</span> 
     </span>
     <span class='ocr_line' id='line_1_40' title="bbox 253 2702 1744 2765; baseline -0.006 -13"><span class='ocrx_word' id='word_1_359' title='bbox 253 2711 476 2765; x_wconf 86' lang='lat' dir='ltr'>significet</span> <span class='ocrx_word' id='word_1_360' title='bbox 498 2716 683 2750; x_wconf 76' lang='lat' dir='ltr'>externa</span> <span class='ocrx_word' id='word_1_361' title='bbox 705 2709 817 2758; x_wconf 82' lang='lat' dir='ltr'>inde,</span> <span class='ocrx_word' id='word_1_362' title='bbox 842 2714 1025 2749; x_wconf 87' lang='lat' dir='ltr'>constat</span> <span class='ocrx_word' id='word_1_363' title='bbox 1048 2722 1107 2750; x_wconf 87' lang='lat' dir='ltr'>ex</span> <span class='ocrx_word' id='word_1_364' title='bbox 1130 2706 1460 2760; x_wconf 86' lang='lat' dir='ltr'>significatione</span> <span class='ocrx_word' id='word_1_365' title='bbox 1480 2702 1744 2758; x_wconf 84' lang='lat' dir='ltr'>“operum,”</span> 
     </span>
     <span class='ocr_line' id='line_1_41' title="bbox 253 2765 1743 2827; baseline -0.005 -13"><span class='ocrx_word' id='word_1_366' title='bbox 253 2774 372 2827; x_wconf 90' lang='lat' dir='ltr'>quod</span> <span class='ocrx_word' id='word_1_367' title='bbox 405 2774 494 2814; x_wconf 92' lang='lat' dir='ltr'>sint</span> <span class='ocrx_word' id='word_1_368' title='bbox 527 2778 720 2813; x_wconf 87' lang='lat' dir='ltr'>externa</span> <span class='ocrx_word' id='word_1_369' title='bbox 750 2773 794 2813; x_wconf 91' lang='lat' dir='ltr'>in</span> <span class='ocrx_word' id='word_1_370' title='bbox 821 2772 979 2825; x_wconf 88' lang='lat' dir='ltr'>quibus</span> <span class='ocrx_word' id='word_1_371' title='bbox 1005 2772 1208 2821; x_wconf 87' lang='lat' dir='ltr'>interna;</span> <span class='ocrx_word' id='word_1_372' title='bbox 1242 2782 1346 2810; x_wconf 88' lang='lat' dir='ltr'>nam</span> <span class='ocrx_word' id='word_1_373' title='bbox 1372 2782 1509 2822; x_wconf 89' lang='lat' dir='ltr'>opera</span> <span class='ocrx_word' id='word_1_374' title='bbox 1539 2773 1643 2808; x_wconf 89' lang='lat' dir='ltr'>sunt</span> <span class='ocrx_word' id='word_1_375' title='bbox 1675 2765 1743 2806; x_wconf 93' lang='lat' dir='ltr'>ul-</span> 
     </span>
     <span class='ocr_line' id='line_1_42' title="bbox 240 2829 1744 2888; baseline -0.005 -12"><span class='ocrx_word' id='word_1_376' title='bbox 240 2837 352 2878; x_wconf 72' lang='lat' dir='ltr'>,timi</span> <span class='ocrx_word' id='word_1_377' title='bbox 383 2834 580 2884; x_wconf 50' lang='lat' dir='ltr'>effectus</span> <span class='ocrx_word' id='word_1_378' title='bbox 611 2836 655 2875; x_wconf 92' lang='lat' dir='ltr'>in</span> <span class='ocrx_word' id='word_1_379' title='bbox 682 2835 840 2888; x_wconf 89' lang='lat' dir='ltr'>quibus</span> <span class='ocrx_word' id='word_1_380' title='bbox 871 2835 1049 2875; x_wconf 91' lang='lat' dir='ltr'>interna</span> <span class='ocrx_word' id='word_1_381' title='bbox 1080 2847 1128 2873; x_wconf 93' lang='lat' dir='ltr'>se</span> <span class='ocrx_word' id='word_1_382' title='bbox 1160 2833 1325 2873; x_wconf 86' lang='lat' dir='ltr'>sistunt</span> <span class='ocrx_word' id='word_1_383' title='bbox 1358 2830 1503 2880; x_wconf 86' lang='lat' dir='ltr'>simul,</span> <span class='ocrx_word' id='word_1_384' title='bbox 1531 2836 1577 2871; x_wconf 84' lang='lat' dir='ltr'>et</span> <span class='ocrx_word' id='word_1_385' title='bbox 1609 2829 1668 2870; x_wconf 91' lang='lat' dir='ltr'>ibi</span> <span class='ocrx_word' id='word_1_386' title='bbox 1699 2829 1744 2869; x_wconf 93' lang='lat' dir='ltr'>in</span> 
     </span>
     <span class='ocr_line' id='line_1_43' title="bbox 253 2892 1742 2950; baseline -0.006 -9"><span class='ocrx_word' id='word_1_387' title='bbox 253 2901 392 2950; x_wconf 90' lang='lat' dir='ltr'>serie;</span> <span class='ocrx_word' id='word_1_388' title='bbox 425 2900 620 2940; x_wconf 82' lang='lat' dir='ltr'>formant</span> <span class='ocrx_word' id='word_1_389' title='bbox 647 2899 706 2939; x_wconf 92' lang='lat' dir='ltr'>ibi</span> <span class='ocrx_word' id='word_1_390' title='bbox 738 2912 865 2938; x_wconf 92' lang='lat' dir='ltr'>suum</span> <span class='ocrx_word' id='word_1_391' title='bbox 891 2897 1100 2938; x_wconf 90' lang='lat' dir='ltr'>ultimum</span> <span class='ocrx_word' id='word_1_392' title='bbox 1126 2902 1172 2937; x_wconf 88' lang='lat' dir='ltr'>et</span> <span class='ocrx_word' id='word_1_393' title='bbox 1204 2895 1400 2949; x_wconf 91' lang='lat' dir='ltr'>plenum.</span> <span class='ocrx_word' id='word_1_394' title='bbox 1463 2894 1648 2934; x_wconf 91' lang='lat' dir='ltr'>Interna</span> <span class='ocrx_word' id='word_1_395' title='bbox 1675 2892 1742 2932; x_wconf 93' lang='lat' dir='ltr'>di-</span> 
     </span>
     <span class='ocr_line' id='line_1_44' title="bbox 254 2954 1744 3016; baseline -0.005 -13"><span class='ocrx_word' id='word_1_396' title='bbox 254 2969 414 3003; x_wconf 91' lang='lat' dir='ltr'>cuntur</span> <span class='ocrx_word' id='word_1_397' title='bbox 436 2975 550 3016; x_wconf 90' lang='lat' dir='ltr'>quae</span> <span class='ocrx_word' id='word_1_398' title='bbox 576 2967 680 3002; x_wconf 91' lang='lat' dir='ltr'>sunt</span> <span class='ocrx_word' id='word_1_399' title='bbox 703 2961 995 3014; x_wconf 85' lang='lat' dir='ltr'>cogitationis</span> <span class='ocrx_word' id='word_1_400' title='bbox 1021 2965 1067 3000; x_wconf 91' lang='lat' dir='ltr'>et</span> <span class='ocrx_word' id='word_1_401' title='bbox 1090 2958 1354 3007; x_wconf 89' lang='lat' dir='ltr'>voluntatis,</span> <span class='ocrx_word' id='word_1_402' title='bbox 1379 2963 1425 2998; x_wconf 93' lang='lat' dir='ltr'>et</span> <span class='ocrx_word' id='word_1_403' title='bbox 1452 2954 1744 3014; x_wconf 87' lang='lat' dir='ltr'>spiritualiter</span> 
     </span>
    </p>
   </div>
  </div>
 </body>
</html>
