2060 3476
687 367 795 400 CAP.
819 368 904 408 111.,
928 366 1068 399 VERS.
1095 366 1238 411 5.—N.
1263 368 1357 398 200.
1689 367 1767 410 291

271 492 404 527 verum,
423 492 569 521 videatur
586 500 692 530 supra,
711 500 743 521 n.
761 479 829 532 63,
851 489 942 532 151,
964 478 1068 528 166.)
1126 478 1261 519 Nunc
1293 478 1398 532 quia
1427 491 1588 518 omnes
1619 476 1693 530 qui
1728 477 1772 516 in

272 543 449 585 caelum
476 543 654 584 venturi
683 548 802 591 sunt,
831 542 875 582 in
901 548 1092 595 utroque
1119 547 1216 582 tam
1247 541 1370 581 bono
1396 553 1532 593 quam
1558 553 1667 580 vero
1693 538 1773 580 de-

272 609 383 649 bent
402 622 500 649 esse
522 606 678 661 (nemo
695 606 814 647 enim
832 606 877 646 in
895 618 985 646 uno
1002 611 1156 658 potest
1175 618 1274 645 esse
1293 604 1376 644 nisi
1393 603 1525 644 simul
1546 603 1589 643 in
1608 602 1770 649 altero,

272 684 378 712 nam
409 671 578 711 bonum
604 675 675 711 est
701 682 802 710 esse
826 669 933 717 veri,
962 675 1009 709 et
1035 681 1191 708 verum
1218 673 1289 708 est
1321 667 1520 707 existere
1551 665 1697 719 boni),
1726 672 1773 706 et

272 736 374 789 quia
394 733 595 775 “Pater‘’
618 732 843 786 significat
867 732 1080 772 Divinum
1104 731 1281 772 Bonum
1304 744 1356 770 ac
1384 728 1606 782 “angeli'’
1629 729 1771 782 signi·

272 797 412 839 ficant
445 798 658 838 Divinum
685 796 872 844 Verum,
900 801 1139 848 utrumque
1165 808 1191 836 a
1224 794 1437 842 Domino,
1465 793 1568 834 ideo
1594 792 1771 841 dicitur,

275 860 578 903 “Confitebor
614 873 781 901 nomen
819 858 911 911 ejus
950 871 1103 899 coram
1146 858 1279 899 Patre
1316 863 1364 898 et
1403 869 1558 898 coram
1596 855 1774 909 angelis

273 924 420 979 Ejus.’'
481 923 696 965 Similiter
722 923 841 977 apud
868 921 1209 975 Evangelistas,

341 1024 503 1057 “Omnis
525 1024 583 1066 qui
607 1023 834 1056 confitebitur
858 1022 920 1056 Me
943 1032 1063 1055 coram
1087 1022 1305 1059 hominibus,
1325 1021 1523 1052 confitebor
1549 1020 1625 1060 Ego
1650 1029 1772 1051 coram

448 1069 554 1100 Patre
570 1078 651 1099 meo
669 1068 728 1109 qui
746 1073 800 1099 est
816 1067 853 1098 in
871 1066 1006 1098 caelis’'
1024 1066 1168 1105 (Matth.
1184 1076 1218 1098 x.
1236 1067 1311 1106 32);

345 1112 504 1144 “Omnis
517 1112 576 1153 qui
589 1111 776 1143 confessus
792 1111 900 1142 fuerit
917 1110 978 1142 Me
991 1120 1111 1142 coram
1127 1110 1345 1147 hominibus,
1362 1109 1470 1141 etiam
1489 1108 1600 1140 Filius
1616 1107 1774 1140 hominis

445 1155 674 1188 confitebitur
689 1155 790 1187 illum
806 1164 927 1186 coram
944 1154 1082 1195 angelis
1101 1153 1196 1185 Dei''
1214 1153 1312 1194 (Luc.
1328 1153 1390 1185 xii.
1407 1152 1452 1193 8).

274 1246 392 1301 Quia
419 1245 622 1287 “Pater”
647 1244 874 1298 significat
907 1244 1120 1286 Divinum
1154 1243 1331 1284 Bonum
1364 1248 1411 1284 et
1440 1241 1663 1296 “angeli''
1692 1241 1773 1282 Di-

275 1311 425 1351 vinum
451 1309 638 1359 Verum,
665 1309 769 1350 ideo
795 1308 935 1350 etiam
962 1307 1188 1348 Dominus
1214 1307 1339 1356 dicit,

341 1409 529 1452 “Quando
553 1408 664 1441 Filius
686 1407 844 1440 hominis
860 1407 1000 1440 venerit
1016 1407 1053 1439 in
1070 1407 1186 1447 gloria
1201 1417 1277 1445 sua,
1299 1406 1416 1438 Patris
1433 1411 1467 1437 et
1484 1403 1690 1438 sanctorum
1713 1413 1776 1436 an-

446 1452 639 1494 gelorum''
657 1451 755 1493 (Luc.
773 1452 819 1485 ix.
836 1452 900 1490 263
923 1451 1055 1484 Matth.
1069 1451 1142 1483 xvi.
1159 1451 1237 1491 27);

275 1542 344 1583 hic
368 1542 591 1583 Dominus
609 1546 746 1582 vocat
769 1540 962 1594 gloriam
985 1553 1113 1580 suam
1138 1539 1369 1596 “gloriam
1393 1539 1538 1579 Patris
1561 1544 1607 1579 et
1630 1550 1773 1590 ange-

275 1605 459 1654 lorum‚’'
482 1618 588 1645 nam
614 1604 724 1645 dicit
754 1605 836 1644 “in
861 1603 1008 1657 gloria
1037 1617 1131 1652 sua,
1162 1603 1306 1644 Patris
1333 1609 1380 1644 et
1406 1600 1666 1643 sanctorum
1692 1615 1773 1642 an-

275 1669 478 1728 gelorum
494 1668 529 1709 :'’
552 1667 658 1709 alibi
675 1681 796 1717 vero,
816 1668 860 1708 in
881 1667 1064 1720 “gloria
1083 1667 1228 1708 Patris
1246 1680 1348 1707 cum
1366 1665 1582 1719 angelisf’
1599 1671 1645 1706 et
1668 1664 1775 1706 alibi

292 1732 358 1773 ‘in
383 1731 530 1786 gloria
556 1745 637 1772 sua
665 1744 768 1772 cum
796 1730 972 1784 angelis
989 1730 1023 1781 ;'’
1055 1735 1104 1771 ut
1131 1730 1249 1784 apud
1274 1729 1493 1778 Marcum,

373 1833 395 1845 ‘¹
407 1831 497 1863 Cum
515 1830 654 1862 venerit
670 1830 706 1862 in
723 1830 838 1871 gloria
856 1829 972 1861 Patris
989 1830 1044 1862 sui
1061 1839 1140 1861 cum
1158 1829 1297 1870 angelis
1314 1826 1449 1860 sanctis
1461 1827 1479 1840 '’
1496 1828 1583 1868 (viii.
1602 1827 1677 1868 38)·;

273 1925 320 1960 et
346 1918 467 1972 apud
492 1917 787 1966 Matthaeum,

342 2003 364 2016 ‘¹
376 2001 529 2086 9uan<30
545 2001 684 2033 venerit
701 2001 737 2032 in
754 1998 870 2041 gloria
886 2010 961 2038 sua,
981 2006 1017 2032 et
1034 2010 1161 2032 omnes
1178 1997 1293 2031 sancti
1310 1999 1429 2040 angeli
1447 2008 1526 2030 cum
1545 1998 1630 2040 Ipso
1640 1998 1659 2010 ''
1676 1998 1772 2038 (xxv.

448 2054 487 2085 31
505 2071 514 2078 .

276 2135 558 2190 Appendicis
586 2134 689 2175 loco
714 2134 785 2175 hic
809 2133 1069 2175 addendum
1092 2139 1178 2182 est,
1202 2133 1324 2187 quod
1351 2132 1387 2173 si
1412 2138 1668 2173 assumatur
1694 2145 1774 2185 pro

272 2198 479 2240 doctrina
505 2205 551 2239 et
578 2204 856 2251 agnoscatur
877 2197 998 2251 quod
1026 2197 1249 2237 Dominus
1276 2197 1333 2237 sit
1356 2209 1470 2236 unus
1492 2209 1595 2237 cum
1622 2195 1772 2243 Patre,

272 2269 319 2304 et
345 2262 465 2316 quod
499 2262 760 2302 Humanum
788 2261 936 2315 Ipsius
962 2262 1020 2301 sit
1048 2261 1261 2301 Divinum
1288 2274 1348 2300 ex
1380 2259 1547 2300 Divino
1574 2260 1619 2299 in
1652 2259 1772 2312 Ipso,

271 2326 497 2367 videbitur
527 2324 608 2366 lux
645 2326 689 2366 in
727 2325 915 2378 singulis
947 2324 1114 2375 Verbi;
1153 2337 1259 2364 nam
1291 2324 1412 2378 quod
1450 2337 1531 2377 pro
1570 2320 1775 2363 doctrina

273 2390 518 2430 assumitur
548 2395 594 2430 et
621 2403 680 2429 ex
707 2387 913 2429 doctrina
944 2388 1209 2441 agnoscitur
1240 2387 1327 2428 hoc
1359 2388 1404 2427 in
1437 2386 1536 2428 luce
1568 2393 1639 2428 est
1672 2400 1774 2427 cum

272 2452 439 2506 legitur
464 2451 695 2502 Verbum;
729 2452 950 2492 Dominus
977 2452 1131 2499 etiam,
1160 2464 1186 2491 a
1211 2463 1300 2504 quo
1333 2451 1480 2490 omnis
1513 2449 1594 2490 lux
1626 2455 1673 2490 et
1706 2450 1775 2490 cui

273 2516 420 2558 omnis
442 2521 663 2569 potesta5‚
682 2514 928 2557 illustrabit
951 2514 1078 2555 illos:
1106 2520 1154 2555 at
1177 2513 1389 2562 vicissim,
1410 2514 1446 2554 si
1469 2526 1550 2567 pro
1569 2511 1775 2554 doctrina

273 2579 516 2620 assumitur
546 2584 593 2619 et
624 2574 888 2631 agnoscitur
919 2578 1039 2631 quod
1077 2577 1289 2617 Divinum
1327 2577 1472 2617 Patris
1503 2578 1562 2617 sit
1594 2576 1716 2617 aliud
1749 2590 1775 2616 a

273 2643 442 2684 Divino
469 2642 668 2690 Domini,
691 2641 917 2682 videbitur
941 2640 1052 2682 nihil
1078 2641 1123 2681 in
1150 2640 1250 2681 luce
1276 2641 1320 2681 in
1344 2640 1527 2691 Verbo;
1560 2641 1773 2694 quoniam

271 2706 427 2755 homo,
456 2706 530 2759 qui
560 2706 605 2745 in
637 2718 691 2746 ea
716 2703 922 2746 doctrina
953 2710 1038 2754 est,
1067 2717 1115 2744 se
1141 2704 1280 2744 vertit
1312 2703 1369 2744 ab
1394 2717 1484 2744 uno
1516 2703 1683 2744 Divino
1716 2704 1773 2744 ad

271 2769 481 2818 alterum,
509 2775 556 2810 et
582 2783 610 2809 a
634 2768 801 2809 Divino
828 2768 1012 2809 Domini
1054 2767 1175 2822 quod
1201 2767 1354 2808 videre
1380 2773 1550 2820 potest,
1575 2767 1696 2821 quod
1723 2767 1773 2807 fit

271 2833 557 2886 cogitatione
589 2838 635 2872 et
666 2830 767 2880 fide,
796 2831 853 2872 ad
886 2831 1100 2872 Divinum
1126 2831 1246 2885 quod
1279 2844 1370 2871 non
1402 2831 1555 2872 videre
1586 2837 1772 2884 potest;

274 2908 380 2947 nam
408 2894 630 2935 Dominus
657 2894 805 2944 dicit‚'

280 2987 287 3008 Ῑ
339 2990 454 3023 “Non
471 3000 597 3022 vocem
623 2990 740 3022 Patris
755 2990 942 3022 audivistis
957 2999 1127 3032 unquam,
1147 3000 1264 3032 neque
1280 2990 1435 3031 speciem
1463 2989 1580 3031 Ipsius
1598 2989 1740 3021 vidistis
1754 2987 1772 3001 ''

445 3034 545 3077 (Joh.
561 3044 594 3067 v.
612 3042 674 3074 37;
699 3040 734 3066 et
751 3044 890 3076 quoque
907 3043 983 3075 cap.
1001 3034 1022 3066 i.
1043 3034 1096 3074 18)
1111 3044 1119 3073 ;
