2060 3476
299 360 355 402 94
715 351 1048 389 APOCALYPSIS
1080 356 1381 389 EXPLICATA.

300 468 417 523 Quia
458 483 535 524 per
578 471 807 523 “tangere
819 469 839 485 ''
878 475 925 511 et
968 470 1242 524 “imponere
1283 483 1442 511 manus
1457 469 1477 486 ''
1516 468 1795 524 significatur

300 534 635 574 communicare
661 539 707 574 et
734 533 974 575 transferre
1006 534 1050 574 in
1081 533 1274 575 alterum
1301 533 1420 587 quod
1452 533 1570 587 apud
1602 546 1664 583 se,
1692 533 1794 574 ideo

300 596 358 637 ab
383 597 578 650 antiquis
604 596 882 650 temporibus
907 594 1140 650 receptum
1167 603 1237 638 est
1263 597 1307 637 in
1334 596 1537 637 ecclesiis
1563 596 1795 649 imponere

300 673 459 701 manus
486 660 623 714 capiti
649 672 803 701 eorum
829 660 903 714 qui
928 660 1251 714 inaugurantur
1277 666 1323 701 et
1348 659 1692 708 benedicuntur,

366 759 462 791 Sicut
474 759 581 835 ¹<giam
596 759 801 844 mandatur)n
816 764 870 790 est
885 758 1036 795 Moschi.
1053 766 1092 791 ut
1107 759 1238 791 faceret
1250 759 1383 801 Josuae
1396 758 1522 800 (Num.
1538 759 1647 791 xxvii.
1667 759 1771 798 18-23
1788 767 1795 796 ς

514 807 597 835 eutr.
615 813 735 835 xxxxv.
750 813 770 843 9
787 827 794 835 .

302 900 529 954 Quoniam
556 901 707 942 omnia
733 907 861 942 erant
888 902 1275 955 repraesentativa
1301 907 1347 942 et
1374 899 1674 954 significativa
1705 901 1795 954 spi-

301 964 526 1005 ritualium
567 964 685 1018 apud
725 963 839 1005 filios
881 964 1073 1013 Israelis,
1115 965 1217 1005 ideo
1257 965 1404 1005 etiam·
1436 964 1614 1012 tascium
1660 977 1796 1017 quare

303 1026 700 1068 sanctificabantur
738 1028 810 1081 qui
848 1028 1098 1080 tetigerunt
1136 1025 1356 1076 sanctum,
1394 1033 1441 1068 et
1478 1026 1797 1080 polluebantur

303 1092 375 1144 qui
399 1091 651 1143 tetigerunt
674 1091 967 1139 immundum,
988 1089 1271 1144 significabat
1293 1091 1412 1131 enim
1433 1087 1648 1132 “tactus”
1671 1103 1796 1131 com-

304 1154 656 1194 municationem
683 1159 729 1194 et
752 1153 1100 1194 translationem
1126 1154 1171 1194 in
1193 1153 1386 1194 alterum
1413 1159 1459 1194 et
1485 1153 1796 1206 receptionem

303 1217 360 1257 ab
396 1216 556 1265 altero,
597 1222 645 1257 ut
683 1222 894 1258 constare
934 1223 1088 1270 potest
1126 1231 1185 1258 ex
1222 1216 1513 1271 sequentibus
1553 1215 1623 1257 his
1671 1215 1796 1264 Iocis,

303 1279 422 1332 apud
450 1279 638 1321 Mosen:

368 1379 496 1412 Omnis
511 1380 568 1422 qui
586 1380 740 1421 tetigerit
753 1380 946 1412 tentorium
959 1386 1156 1412 conventus
1173 1386 1208 1412 et
1222 1389 1343 1411 arcam
1358 1379 1565 1417 testimonii,
1582 1384 1617 1410 et
1634 1388 1796 1410 mensam

476 1430 511 1455 et
536 1425 658 1455 omnia
674 1434 761 1456 vasa
784 1424 873 1464 ejus,
894 1430 928 1456 et
952 1425 1204 1455 candelabrum
1230 1430 1265 1455 et
1289 1434 1376 1455 vasa
1400 1423 1489 1464 ejus,
1510 1428 1545 1454 et
1568 1423 1679 1454 altare
1703 1423 1798 1454 suffi-

477 1468 601 1506 menti,
622 1474 657 1500 et
673 1468 783 1500 altare
808 1468 1006 1499 holocausti
1022 1475 1057 1499 et
1074 1468 1197 1499 omnia
1212 1477 1300 1499 vasa
1315 1467 1404 1508 ejus,
1425 1472 1460 1498 et
1483 1467 1621 1498 labrum
1638 1472 1673 1498 et
1695 1466 1797 1502 basin

477 1511 566 1552 ejus,
587 1510 863 1543 sanctificabitur
879 1511 1004 1551 (Exod.
1021 1522 1102 1544 XXX.
1120 1511 1241 1552 26—29)
1255 1521 1262 1548 ;

369 1555 543 1596 Quicquid
560 1556 715 1596 tetigerit
732 1556 853 1593 altare,
874 1554 1037 1587 sanctum
1055 1556 1121 1586 erit
1138 1555 1260 1595 (Exod.
1277 1555 1372 1587 xxix.
1390 1553 1466 1594 37);

369 1598 486 1631 Omne
500 1599 594 1640 quod
611 1600 766 1639 tetigerit
780 1599 959 1631 residuum
978 1600 1151 1636 minchae,
1168 1605 1203 1630 et
1219 1599 1400 1631 residuum
1414 1597 1531 1630 carnis
1545 1607 1589 1629 ex
1602 1597 1795 1636 sacrificiis,

477 1641 753 1675 sanctificabitur
769 1643 890 1683 (Levit.
908 1644 954 1675 vi.
974 1652 1023 1681 11,
1042 1651 1084 1674 20
1101 1641 1162 1685 [B.
1177 1644 1223 1675 A.
1243 1643 1294 1680 18,
1311 1640 1384 1683 27])
1399 1652 1406 1681 ;

370 1686 393 1702 ‘¹
405 1685 532 1718 Omnis
560 1693 713 1727 tangens
741 1693 919 1719 mortuum
924 1711 1017 1725 .....
1025 1693 1060 1718 et
1088 1697 1161 1718 non
1189 1687 1386 1727 expiaverit
1415 1695 1453 1718 se
1457 1709 1550 1724 .....
1556 1684 1797 1716 habitaculum

476 1729 636 1772 Jehovae
663 1731 809 1771 polluit:
842 1731 922 1763 ideo
946 1731 1173 1762 exscindetur
1195 1731 1316 1762 anima
1339 1730 1427 1761 haec
1449 1739 1494 1761 ex
1520 1728 1664 1761 Israele.
1718 1752 1727 1761 .
1741 1752 1770 1761 ..
1785 1753 1793 1761 .

478 1774 606 1806 Omnis
624 1775 682 1815 qui
699 1775 854 1815 tetigerit
871 1784 978 1815 super
995 1774 1180 1815 superficie
1196 1774 1272 1814 agri
1289 1774 1497 1805 confossum
1511 1772 1634 1813 gladio
1638 1796 1730 1811 .....
1738 1778 1799 1804 aut

475 1827 517 1849 os
533 1818 700 1855 hominis.
716 1825 777 1850 aut
793 1819 1005 1859 sepulcrum,
1021 1819 1226 1850 immundus
1244 1818 1310 1850 erit
1327 1824 1462 1858 septem
1476 1816 1565 1848 dies.
1597 1839 1693 1848 .....
1702 1816 1800 1848 Tan-

477 1871 566 1901 gens
593 1872 702 1903 aquas
729 1863 964 1904 separationis
994 1862 1198 1894 immundus
1224 1862 1269 1893 ad
1296 1870 1496 1902 vesperam.
1560 1859 1678 1891 Omne
1704 1860 1798 1901 quod
1859 1879 1864 1884 ·

476 1906 630 1946 tetigerit
655 1906 860 1937 immundus
885 1906 1108 1938 immundum
1133 1905 1213 1943 fiet;
1238 1911 1273 1937 et
1296 1906 1417 1936 anima
1433 1913 1523 1945 quae
1546 1903 1714 1943 tetigerit,
1735 1903 1799 1935 im-

476 1950 610 1980 munda
626 1950 670 1981 ad
687 1959 872 1990 vesperam
885 1949 903 1962 ''
920 1948 1046 1990 (Num.
1062 1950 1131 1982 xix,
1152 1958 1202 1987 11,
1222 1958 1272 1988 13,
1292 1950 1342 1987 16,
1360 1957 1412 1986 21,
1430 1947 1507 1988 22);

368 1992 436 2034 Qui
450 1994 565 2033 tangit
578 1994 781 2025 immundas
795 1993 939 2032 bestias,
956 1999 991 2025 et
1005 1994 1189 2025 immunda
1202 1993 1352 2033 reptilia,
1367 1991 1571 2024 immundus
1585 1990 1670 2022 erit:
1690 2000 1797 2022 omne

476 2046 582 2077 super
595 2037 689 2077 quod
706 2037 905 2075 ceciderint,
921 2037 1144 2068 immundum
1158 2038 1225 2068 erit
1239 2046 1246 2075 ;
1271 2037 1347 2068 sive
1360 2046 1423 2067 vas
1436 2035 1536 2076 ligni,
1552 2034 1674 2071 vestis,
1691 2044 1794 2075 aqua,

476 2090 539 2112 vas
563 2086 687 2118 testae,
707 2081 817 2119 cibus,
838 2087 954 2121 potus,
975 2081 1136 2112 clibanus
1156 2079 1261 2122 ([n0n
1286 2077 1420 2121 autem]
1447 2079 1540 2116 fons,
1561 2078 1725 2116 cisterna,
1746 2088 1799 2109 re-

475 2124 696 2164 ceptaculum
714 2125 909 2165 aquarum),
930 2125 1114 2156 immunda
1130 2130 1233 2156 erunt
1250 2123 1373 2162 (Levit.
1391 2123 1437 2155 xi.
1455 2122 1562 2162 31-36
1578 2121 1599 2162 ;)

367 2165 527 2207 (Praeter
537 2168 632 2204 alibi.
647 2174 684 2199 ut
695 2168 804 2200 Levz't.
819 2179 852 2200 v.
868 2177 897 2205 2,
912 2177 930 2207 3
945 2177 952 2206 ;
976 2178 1052 2208 cap.
1067 2168 1125 2199 vii.
1141 2176 1179 2199 21
1197 2177 1203 2206 ;
1228 2178 1303 2208 cap.
1317 2167 1363 2199 xi.
1379 2175 1431 2206 37,
1447 2167 1508 2205 38:
1533 2163 1705 2206 cap.[¹]xv.
1723 2173 1738 2196 1
1753 2165 1799 2196 ad

477 2211 555 2248 fin.;
587 2221 662 2252 cap.
682 2212 765 2243 xxii.
785 2221 826 2251 4:
859 2212 971 2244 Num.
991 2212 1061 2244 xvi.
1079 2212 1140 2244 26:
1172 2211 1272 2243 Esai.
1289 2211 1338 2243 lii.
1358 2219 1417 2243 11:
1459 2210 1583 2242 Tltren.
1600 2210 1647 2241 iv.
1667 2217 1717 2247 14,
1737 2216 1796 2248 15:

475 2255 600 2287 Hosclz.
618 2255 663 2287 iv.
682 2264 711 2294 2,
729 2264 767 2295 3:
792 2256 907 2297 Hagg.
925 2256 958 2287 ii.
979 2256 1108 2295 12—14).

382 2351 480 2394 8ο.
519 2351 703 2392 “Dicens
732 2352 838 2399 mihi,
864 2351 919 2392 ne
944 2351 1278 2404 time.''-Quod
1310 2350 1534 2404 significet
1560 2349 1797 2391 recreatio-

303 2427 410 2463 nem,
438 2419 623 2455 constat
650 2428 709 2455 ex
736 2415 848 2456 serie
875 2427 1021 2455 rerum
1047 2414 1091 2454 in
1117 2427 1251 2454 sensu
1277 2414 1480 2454 interno:
1510 2412 1651 2466 jacuit
1677 2412 1796 2452 enim

299 2476 533 2529 Johannes
571 2483 788 2530 tanquam
827 2483 1055 2527 mortuus;
1096 2482 1142 2517 et
1170 2475 1390 2516 Dominus
1422 2476 1542 2516 visus
1568 2481 1618 2516 ut
1656 2475 1795 2516 Filius

303 2541 510 2589 hominis,
539 2541 751 2593 imposuit
778 2540 991 2581 dextram
1018 2553 1198 2580 manum
1226 2553 1357 2592 super
1383 2553 1498 2588 eum,
1523 2545 1569 2580 et
1596 2538 1712 2580 dixit
1739 2538 1793 2587 ei,

306 2604 415 2645 “Ne
446 2605 556 2645 time
575 2603 608 2643 :'’
641 2603 760 2657 quod
786 2603 926 2656 jacuit
958 2607 1214 2656 “tanquam
1245 2603 1479 2643 mortuus”
1510 2601 1795 2656 significabat

303 2668 424 2709 vitae
466 2667 669 2720 propriae
710 2666 802 2719 ejus
843 2665 1092 2717 defectum3
1139 2666 1258 2719 quod
1291 2666 1513 2707 Dominus
1547 2665 1796 2719 “imposuit

304 2732 517 2772 dextram
550 2743 732 2772 manum
765 2743 896 2783 super
927 2743 1028 2770 eum
1042 2729 1060 2744 ”
1087 2729 1371 2782 significabat
1402 2730 1543 2770 vitam
1574 2728 1631 2769 ab
1664 2728 1794 2782 Ipso3

305 2795 408 2836 inde
434 2793 554 2847 quod
586 2793 751 2833 dixerit
785 2793 841 2832 ad
873 2806 974 2833 eum
1003 2792 1111 2833 “Ne
1143 2792 1282 2833 time'’
1309 2792 1592 2846 significabat
1620 2805 1797 2832 recrea·

305 2859 490 2899 tionem.
552 2854 724 2896 Omnes
750 2856 869 2896 enim
895 2856 968 2909 qui
993 2855 1142 2896 subito
1167 2856 1353 2896 veniunt
1380 2870 1405 2896 a
1430 2856 1524 2896 vita
1549 2855 1727 2908 propria
1752 2855 1797 2895 in

305 2919 532 2975 quandam
572 2918 864 2972 spiritualem,
903 2919 1094 2972 primum
1134 2919 1312 2967 timent,
1352 2918 1446 2959 sed.
1471 2923 1731 2959 recreantur
1771 2931 1797 2958 a

306 2984 530 3034 Domino;
562 2983 782 3023 recreatio
808 2982 894 3023 illis
920 2981 969 3023 fit
996 2995 1074 3036 per
1099 2981 1156 3032 id,
1185 2982 1304 3035 quod
1333 2981 1496 3022 Divina
1521 2981 1793 3035 praesentia,
