2060 3476
602 367 604 369 ·
658 355 765 388 cAP.
789 354 856 395 11.,
880 352 1019 385 VERS.
1046 350 1190 396 5.—N.
1219 349 1308 394 105.
1653 348 1730 391 123

234 472 363 514 nibus
389 477 508 521 sunt,
532 470 595 512 illi
620 467 970 524 progrediuntur
992 478 1224 520 quousque
1250 467 1455 518 possunt,
1480 473 1561 502 nec
1585 459 1731 501 adhuc

233 535 380 577 lucem
406 536 527 576 vitae
553 533 737 582 habent,
765 546 824 573 ex
851 545 938 585 qua
962 531 1104 583 vigor.

313 613 447 657 104.
491 612 598 651 [νινε.
617 611 662 650 4.]
704 599 824 640 “Sed
857 598 986 638 habeo
1022 597 1223 637 adver-sus
1258 598 1316 642 te,
1349 593 1456 648 quod
1490 591 1734 633 chal-itatem

236 666 348 703 tuam
373 663 545 716 primam
573 657 1034 714 reliqueris.''—-Quod
1065 655 1290 710 significet
1319 653 1440 708 quod
1464 667 1548 694 non
1572 653 1732 701 vitam,

233 725 380 779 qualis
406 724 499 765 illis
524 723 604 777 qu‘i
629 722 676 763 in
706 720 936 763 incohante
963 718 1154 767 ecclesia,
1180 715 1415 758 essentiale
1442 714 1734 768 cognitionum

233 788 428 840 faciant,
448 792 630 829 constat
652 799 710 827 ex
734 784 1064 838 significatione
1089 780 1362 822 “charitatis
1385 777 1593 833 primae‚”
1611 777 1733 831 quod

235 853 293 893 sit
318 853 415 893 vita
439 850 686 892 secundum
712 849 997 902 cognitiones
1028 846 1135 887 boni
1165 851 1212 886 et
1237 844 1345 893 veri,
1373 842 1516 897 qualis
1547 841 1634 882 illis
1660 842 1735 895 qui

235 916 279 956 in
305 915 549 956 incohante
563 909 776 960 ecclesia,
799 911 857 952 de
878 925 966 965 qua
988 909 1214 963 sequitur;
1246 913 1293 948 et
1320 920 1378 947 ex
1402 905 1732 959 significatione

238 978 528 1032 “relinquere
550 976 820 1017 charitatem
841 973 1004 1023 illam,’'
1026 971 1147 1027 quod
1173 972 1231 1012 sit
1254 984 1354 1011 eam
1377 983 1468 1010 non
1491 969 1734 1010 essentiale

236 1041 548 1093 cognitionum
585 1039 758 1088 facere3
802 1051 908 1079 nam
939 1038 1013 1091 qui
1050 1034 1383 1089 cognitionibus
1415 1034 1507 1074 veri
1544 1039 1590 1074 et
1628 1033 1735 1073 boni

237 1103 438 1152 student,
462 1109 508 1144 et
535 1116 613 1156 per
638 1116 714 1143 eas
740 1101 903 1142 salvari
929 1115 976 1142 se
999 1099 1203 1147 credunt,
1226 1097 1290 1139 illi
1314 1097 1482 1138 faciunt
1509 1097 1734 1150 cognitio-

236 1180 316 1208 nes
349 1165 606 1215 essentiale,
641 1172 688 1206 et
722 1178 813 1206 non
845 1165 1001 1211 vitam,
1037 1176 1138 1204 curn
1172 1168 1326 1203 tamen
1360 1161 1455 1201 vita
1487 1160 1735 1201 secundum

237 1231 523 1283 cognitiones
554 1235 624 1270 est
656 1227 912 1270 essentiale.
973 1226 1063 1268 Sed
1090 1226 1193 1280 quia
1222 1226 1266 1266 in
1298 1238 1415 1265 nunc
1443 1224 1734 1278 sequentibus

236 1293 294 1334 de
321 1294 406 1334 hoc
430 1292 660 1334 essentiali
682 1288 902 1333 ecclesiae
924 1297 970 1332 et
997 1290 1153 1331 salutis
1179 1289 1341 1342 agitur,
1365 1288 1492 1341 plura
1514 1287 1571 1328 de
1597 1301 1652 1328 eo
1678 1287 1736 1328 ibi

236 1357 455 1397 dicentur.
518 1355 652 1409 Quod
675 1355 870 1396 charitas
889 1355 946 1395 sit
959 1351 1071 1402 vita,
1091 1359 1160 1394 est
1179 1353 1282 1407 quia
1303 1352 1448 1393 omnis
1466 1352 1559 1391 vita
1577 1363 1735 1391 secun-

239 1421 346 1461 dum
365 1426 607 1474 praecepta
625 1419 808 1460 Domini
825 1419 868 1458 in
884 1418 1040 1459 Verbo
1056 1423 1246 1458 vocatur
1262 1416 1458 1457 charitas
1476 1429 1485 1465 ;
1512 1428 1736 1468 quaprop-

239 1490 310 1524 ter
331 1483 599 1524 charitatem
617 1495 830 1523 exercere
852 1488 922 1522 est
945 1481 1192 1522 secundum
1214 1485 1458 1533 praecepta
1479 1478 1555 1518 illa
1572 1479 1736 1519 vivere.

240 1547 354 1584 (Quod
367 1547 412 1576 ita
425 1547 473 1580 sit.
488 1547 633 1575 videatur
647 1545 679 1574 in
695 1546 856 1575 Doctrina
870 1546 981 1575 Novae
996 1544 1241 1582 Hierosolymae,
1258 1543 1290 1571 in
1305 1542 1439 1572 articulo
1456 1542 1506 1570 De
1521 1542 1642 1570 Amore
1663 1551 1740 1579 erga

241 1595 426 1624 Proximum
446 1602 504 1623 seu
525 1593 696 1627 Charitate,
717 1602 748 1622 n.
765 1593 901 1630 84-106;
925 1597 956 1621 et
977 1592 1009 1629 in
1024 1592 1180 1629 opusculo
1197 1591 1248 1620 De
1268 1591 1386 1620 Ultimo
1404 1589 1549 1629 Judicio,
1565 1598 1595 1618 n.
1611 1589 1737 1626 33-39.)

239 1642 351 1683 Vita
381 1641 636 1682 incohantis
668 1640 888 1682 ecclesiae
918 1640 988 1681 hic
1021 1638 1289 1692 intelligitur
1320 1651 1399 1691 per
1429 1637 1737 1678 “charitatem

237 1706 426 1759 primam
444 1704 478 1755 ;'’
505 1718 609 1745 nam
627 1705 773 1745 omnis
791 1703 983 1744 ecclesia
999 1703 1153 1756 incipit
1176 1716 1202 1743 a
1219 1702 1455 1750 charitate,
1475 1707 1521 1742 et
1539 1698 1738 1742 defleffit

239 1769 491 1809 successive
517 1768 574 1808 ab
599 1766 677 1808 illa
702 1767 758 1807 ad
788 1767 932 1808 solam
964 1766 1113 1814 fidem,
1140 1764 1213 1806 vel
1244 1765 1302 1805 ad
1334 1779 1471 1818 opera
1497 1765 1737 1804 meritoria.

237 1832 303 1869 (De
314 1840 380 1868 qua
393 1839 436 1865 re,
448 1835 478 1859 et
490 1831 530 1859 de
542 1830 702 1863 charitate.
712 1830 880 1858 vidfflntur
890 1838 973 1866 quae
984 1829 1017 1858 in
1028 1829 1169 1858 Arcanis
1183 1828 1370 1858 Caelestibus
1382 1831 1508 1856 ostensa
1519 1830 1602 1860 sunt,
1613 1835 1739 1864 nempe,

236 1877 335 1914 Quod
357 1877 460 1906 omnis
475 1877 610 1906 ecclesia
629 1876 759 1906 incohet
772 1885 793 1905 a
806 1876 967 1910 chasitate‚
983 1876 1040 1904 sed
1055 1876 1144 1912 quod
1165 1874 1315 1912 temporis
1330 1873 1434 1903 tractu
1448 1874 1489 1902 ab
1510 1873 1564 1902 illa
1577 1873 1739 1907 deflectat,

235 1933 267 1954 n.
282 1933 353 1961 494,
368 1930 437 1961 501,
455 1931 543 1961 1327,
558 1931 649 1961 3773,
667 1921 798 1960 [¹]4689:
821 1927 853 1951 et
866 1923 911 1951 sic
926 1923 968 1951 ad
990 1922 1068 1950 falsa
1088 1930 1128 1950 ex
1143 1921 1229 1950 malo
1244 1925 1275 1949 et
1289 1921 1419 1949 tandem
1434 1920 1476 1948 ad
1494 1919 1587 1953 mala,
1602 1928 1633 1949 n.
1652 1921 1739 1957 1834,

239 1973 326 2007 1835,
342 1978 431 2007 2910,
446 1970 538 2007 4683,
552 1970 650 2007 4689:
673 1969 887 1999 communiter
901 1969 943 1997 ad
957 1968 1058 1997 solam
1074 1967 1181 2002 fidem,
1193 1976 1224 1997 n.
1240 1969 1327 2004 1834,
1342 1968 1430 2003 1835,
1443 1975 1531 2003 2231,
1547 1966 1636 2003 4683,
1649 1967 1739 2003 8094.

235 2016 443 2054 Comparatio
458 2016 609 2045 ecclaeiae
623 2015 802 2044 incohantis
816 2020 847 2044 et
862 2015 1072 2044 decrescentis
1084 2023 1158 2043 cum
1173 2018 1246 2042 ortu
1260 2018 1291 2042 et
1304 2018 1430 2042 ‘occasu
1444 2013 1528 2046 solis,
1541 2021 1572 2042 n.
1587 2014 1680 2049 1837:
1710 2017 1741 2041 et

236 2072 310 2092 cum
324 2063 462 2092 hominis
476 2062 606 2091 infantia
621 2067 651 2091 et
665 2061 839 2096 senectute,
855 2071 886 2091 n.
905 2070 1013 2098 10134.
1058 2061 1156 2098 Quod
1177 2069 1242 2089 non
1263 2060 1349 2098 prius
1369 2060 1502 2089 ecclesia
1515 2059 1555 2088 sit
1575 2059 1662 2097 apud
1684 2059 1741 2087 ho-

237 2110 366 2144 minem,
381 2118 479 2147 quam
501 2118 574 2138 cum
590 2109 788 2147 cognitiones
803 2109 867 2137 veri
889 2112 920 2137 et
940 2108 1018 2137 boni
1039 2108 1246 2145 implantame
1266 2111 1341 2136 sunt
1355 2107 1447 2141 vitae,
1463 2115 1494 2135 n.
1510 2114 1600 2143 3310.
1643 2106 1742 2143 Quod

236 2157 371 2186 charitas
385 2156 480 2185 faciat
494 2156 670 2189 ecclesiam,
686 2165 717 2185 n.
734 2158 803 2193 809,
819 2155 888 2192 916,
907 2157 994 2192 1798,
1013 2163 1100 2192 1799,
1119 2156 1207 2191 1844,
1222 2155 1310 2191 1894.
1354 2153 1452 2191 Quod
1467 2153 1626 2181 internum
1641 2153 1741 2181 eccle-

235 2203 300 2232 siae
314 2203 354 2232 sit
367 2203 511 2237 charitas,
527 2211 558 2232 n.
575 2202 665 2239 4766,
681 2202 770 2239 5826.
815 2202 913 2238 Quod
934 2210 999 2230 una
1020 2201 1154 2230 ecclesia
1174 2201 1264 2234 foret,
1280 2204 1310 2228 et
1332 2209 1398 2228 non
1419 2200 1526 2237 plures
1540 2205 1576 2228 ut
1594 2199 1700 2233 hodie,
1715 2200 1741 2228 si

237 2258 349 2278 omnes
359 2249 579 2287 spectarentur
593 2258 632 2278 ex
647 2248 809 2282 charitate,
822 2248 946 2277 tametsi
961 2248 1071 2285 quoad
1085 2247 1274 2276 doctrinalia
1288 2246 1362 2275 fidei
1376 2251 1407 2275 et
1419 2247 1527 2283 quoad
1541 2246 1665 2275 ritualia
1675 2246 1739 2275 cul-

237 2301 287 2324 tus
309 2295 479 2329 differrent,
502 2304 534 2325 n.
553 2295 640 2330 1286,
658 2295 746 2333 1316,
765 2296 853 2332 1798,
870 2303 958 2332 1799,
976 2296 1064 2332 1834,
1083 2296 1170 2331 1844,
1188 2295 1277 2330 2385,
1294 2295 1382 2330 2982,
1398 2293 1487 2330 3267,
1504 2300 1594 2330 3451.
1644 2293 1743 2329 Quod

237 2342 340 2371 cultus
363 2342 493 2371 Domini
516 2342 667 2371 consistat
688 2341 720 2369 in
734 2341 799 2370 vita
819 2341 988 2375 charitatis,
1004 2349 1035 2370 n.
1051 2343 1140 2378 8254,
1157 2340 1246 2377 8256.
1290 2339 1387 2376 Quod
1409 2339 1503 2376 quale
1518 2340 1621 2368 cultus
1635 2340 1674 2368 sit
1694 2348 1739 2368 se·

237 2386 380 2418 cundum
396 2388 491 2425 quale
505 2387 673 2422 charitatis,
690 2397 722 2417 n.
739 2386 844 2425 2190.)

318 2455 450 2499 105.
481 2455 588 2493 [Vers.
608 2455 652 2494 5-]
683 2445 868 2485 “Memm-
895 2447 985 2485 esto
1012 2443 1151 2496 itaque
1181 2436 1286 2483 undo
1315 2442 1537 2489 excidet-is,
1566 2446 1612 2483 ei
1637 2442 1744 2483 resi-

235 2505 368 2558 pisce,
398 2508 443 2545 et
468 2505 601 2557 prima
619 2518 755 2558 opem
789 2503 1103 2556 faofi—Quod
1138 2502 1363 2556 significet
1393 2503 1742 2544 recordationem

233 2566 452 2620 priorum,
478 2572 520 2606 et
544 2565 649 2606 inde
672 2566 792 2619 quod
816 2564 1098 2606 deviaverint
1121 2578 1149 2605 a
1174 2578 1289 2613 vero,
1317 2578 1367 2604 ac
1391 2570 1440 2604 ut
1469 2564 1514 2604 in
1545 2564 1743 2605 animum

239 2627 390 2668 veniat
411 2626 566 2667 bonum
587 2626 706 2667 vitae
727 2626 974 2667 incohantis
995 2625 1207 2674 ecclesiae,
1227 2632 1410 2666 constat
1433 2639 1492 2666 ex
1516 2625 1741 2678 significa-

239 2691 365 2731 tione
393 2693 605 2730 “memor
631 2689 770 2737 esse,‘'
796 2689 917 2742 quod
947 2688 1018 2729 hic
1051 2688 1108 2728 sit
1140 2688 1395 2728 recordatio
1426 2689 1648 2741 priorum3
1682 2702 1740 2728 ex

240 2751 569 2805 significatione
598 2751 754 2792 “unde
781 2750 1043 2799 excideris‚‘'
1069 2750 1188 2804 quod
1219 2750 1278 2790 sit
1304 2750 1502 2790 deviatio
1532 2750 1650 2798 inde,
1678 2751 1742 2791 ita

241 2814 439 2855 deviatio
471 2827 497 2854 a
527 2826 661 2863 vero;
703 2826 772 2854 ex·
794 2812 1125 2866 significatione
1158 2812 1494 2865 “resipiscere,”
1525 2812 1646 2866 quod
1684 2813 1741 2853 sit

242 2883 290 2917 ut
326 2877 371 2916 in
408 2876 604 2916 animum
637 2875 816 2925 veniat;
857 2881 904 2916 et
937 2889 996 2916 ex
1027 2873 1357 2928 significatione
1391 2875 1572 2927 “prima
1604 2887 1742 2927 opera

241 2937 426 2987 facere,”
448 2937 570 2992 quod
597 2938 669 2978 sit·
682 2937 850 2978 bonum
872 2938 994 2978 vitae
1020 2937 1276 2978 incohantis
1298 2935 1530 2977 ecclesiae.
1585 2934 1740 2989 (Quod

245 3000 451 3054 “opera'’
477 3001 566 3041 sint
593 3000 743 3040 omnia
769 2999 846 3040 illa
866 3000 987 3041 vitae
1009 3013 1123 3053 quae
1150 2999 1402 3053 procedunt
1429 3013 1488 3040 ex
1511 3011 1665 3039 amore
1692 3004 1740 3039 et
