2060 3476
687 369 793 402 CAP.
818 365 883 411 11„
907 370 1046 403 VERS.
1076 371 1246 414 14.—N.
1276 373 1365 415 140.
1698 371 1773 416 175

279 483 430 525 docent
451 498 572 534 vera,
596 484 679 526 sed
693 498 830 538 usque
853 490 1008 526 amant
1031 484 1127 525 dolo
1145 484 1337 538 perdere
1356 484 1456 526 illos
1478 484 1558 539 qui
1574 484 1629 526 ab
1650 484 1776 526 eccle-

277 548 362 598 sia,
391 555 575 590 constat
607 563 667 590 ex
698 547 926 589 historicis
951 547 1093 589 Verbi
1125 549 1182 589 de
1214 547 1419 589 Bileamo
1451 555 1497 590 et
1530 548 1700 590 Balaco
1731 550 1775 590 in

278 624 414 652 sensu
450 611 672 666 spirituali
711 609 971 660 intellefitis‚
1009 625 1124 665 quae
1166 612 1286 665 prius
1322 612 1618 652 memoranda
1654 618 1774 653 sunt.

278 673 506 717 Bileamus
537 690 596 717 ex
649 674 819 716 Pethor
844 674 1208 728 Mesopotamiae
1234 682 1331 716 erat
1364 676 1700 729 praestigiator,
1729 682 1776 717 et

276 738 380 779 ideo
405 745 595 780 vocatus
626 753 653 779 a
678 737 848 779 Balaco
878 752 986 791 rege
1018 738 1173 779 Moabi
1204 745 1253 779 ut
1287 739 1580 780 malediceret
1608 739 1777 793 populo

278 801 557 853 Israelitico;
600 802 680 843 sed
717 801 803 843 hoc
841 801 1034 843 inhibuit
1069 801 1292 855 Jehovah,
1328 809 1375 843 et
1413 802 1540 844 dedit
1577 804 1617 844 ei
1654 802 1776 857 loqui

278 865 544 918 prophetice
561 879 569 906 :
594 865 673 906 sed
689 879 828 919 usque
844 871 1005 919 postea
1019 865 1246 906 consuluit
1262 865 1431 906 Balaco
1447 866 1635 919 perdere
1650 866 1775 907 illum

277 928 494 982 populum
515 928 636 977 dolo,
660 928 929 969 abducendo
950 927 1077 969 illum
1100 942 1126 969 a
1147 928 1272 969 cultu
1293 928 1496 981 Jehovae
1522 929 1580 969 ad
1602 928 1775 970 cultum

279 991 554 1046 Baalpeoris.
617 991 730 1033 Inde
753 1005 870 1032 nunc
897 1005 976 1045 per
1004 991 1329 1032 “Bileamum”
1361 991 1682 1046 intelliguntur
1711 992 1775 1033 illi

277 1056 351 1108 qui
382 1056 531 1110 quoad
562 1053 847 1096 intellectum
878 1054 1093 1096 illustrati
1126 1061 1231 1096 sunt
1263 1061 1309 1096 et
1342 1055 1511 1096 docent
1543 1069 1663 1104 vera,
1694 1056 1775 1096 sed

277 1133 417 1173 usque
448 1125 605 1160 amant
642 1118 750 1159 dolo
786 1118 973 1172 perdere
1010 1118 1112 1159 illos
1149 1120 1223 1173 qui
1263 1118 1320 1159 ab
1356 1118 1561 1160 ecclesia.
1639 1118 1774 1172 Quod

279 1182 506 1223 Bileamus
528 1183 851 1236 praestigiator
873 1182 1018 1231 fuerit,
1043 1188 1227 1223 constat
1250 1196 1310 1223 ex
1332 1181 1402 1223 his
1424 1182 1543 1236 apud
1567 1182 1744 1232 Mosen,

345 1274 368 1287 ‘¹
380 1272 528 1304 Iverunt
543 1272 704 1304 seniores
720 1271 842 1303 Moabi
859 1277 894 1303 et
911 1272 1072 1303 seniores
1091 1271 1262 1303 Midianis
1279 1271 1324 1303 ad
1342 1271 1555 1309 Bileamum,
1576 1278 1611 1305 et
1627 1271 1776 1312 praesti-

451 1317 531 1357 giae
548 1317 584 1348 in
602 1326 711 1348 manu
728 1315 881 1347 eorum'’
898 1315 1023 1355 (N.um
1037 1316 1122 1347 xxii.
1138 1316 1192 1355 7),
1184 1325 1192 1332 ·

346 1362 369 1375 ‘⁸
382 1360 473 1392 Cum
490 1361 629 1392 videret
652 1359 834 1391 Bileamus
852 1360 947 1400 quod
971 1359 1132 1391 bonum*
1124 1369 1160 1390 in
1186 1359 1298 1390 oculis
1315 1358 1475 1401 Jehovae
1490 1358 1704 1390 benedicere
1723 1358 1777 1390 Is-

451 1405 549 1442 raeli,
566 1414 639 1435 non
654 1404 718 1435 ivit
726 1404 817 1435 sicut
830 1404 1007 1444 prioribus
1019 1403 1154 1435 vicibus
1165 1403 1308 1435 obviam
1319 1402 1632 1435 divinationibus”
1645 1402 1773 1443 (Num.

452 1449 549 1480 xxiv.
567 1448 619 1489 1);

278 1532 324 1567 et
351 1526 471 1580 apud
497 1525 704 1574 Josuam,

346 1604 369 1617 ⁴‘
382 1602 580 1633 Bileamum
597 1601 709 1632 filium
724 1601 849 1633 Beoris
864 1601 1172 1642 praestigiatorem
1191 1600 1398 1632 occiderunt
1414 1600 1476 1631 filii
1495 1599 1638 1631 Israelis
1655 1599 1776 1640 gladio

281 1734 416 1788 Quod
442 1741 632 1775 vocatus
658 1735 716 1775 sit
748 1748 774 1775 a
807 1734 978 1775 Balaco
1004 1748 1112 1788 rege
1141 1734 1295 1775 Moabi
1327 1734 1383 1775 ad
1411 1734 1775 1775 maledicendum

279 1798 448 1852 populo
475 1797 741 1847 Israelitico,
765 1798 974 1838 videatur

502 1893 614 1925 Num.
630 1891 715 1923 xxii.
734 1898 763 1930 5,
778 1890 810 1928 6,
829 1889 879 1928 16,
897 1897 957 1928 17;
982 1890 1105 1922 Deulr.
1120 1890 1218 1922 xxiii.
1233 1898 1265 1929 4,
1282 1897 1298 1929 5
1319 1887 1379 1932 [B.
1394 1890 1439 1921 A.
1457 1885 1563 1949 3,N4];

279 1977 358 2017 sed
384 1976 505 2030 quod
534 1975 743 2028 Jehovah
770 1975 857 2016 hoc
884 1975 1142 2025 inhibuerit,
1167 1990 1219 2017 ac
1248 1975 1425 2016 dederit
1453 1976 1491 2016 ei
1524 1975 1646 2030 loqui
1671 1988 1777 2029 pro-

278 2039 475 2092 phetice‚

626 2105 739 2137 Num.
756 2105 839 2137 xxii.
854 2115 885 2146 9,
902 2114 952 2143 10,
970 2114 1021 2143 12,
1037 2114 1100 2144 2o;
1125 2115 1200 2146 cap.
1218 2105 1316 2138 xxiii.
1334 2113 1363 2144 5,
1380 2105 1431 2137 16.

225 2243 230 2249 ,
280 2194 553 2248 Prophetica
579 2208 693 2248 quae
720 2194 899 2236 locutus
926 2201 1012 2244 est,
1037 2195 1277 2236 videantur

497 2285 609 2317 Num.
622 2285 718 2317 xxiii.
733 2292 829 2324 7-15‚
845 2286 972 2324 18-24;
1001 2295 1077 2326 cap.
1090 2286 1187 2317 xxiv.
1203 2293 1277 2327 5-9,
1294 2286 1412 2326 16-19‚
1429 2293 1558 2325 20—24;

280 2387 394 2427 quae
420 2374 571 2414 omnia
596 2380 701 2414 sunt
727 2388 848 2424 vera,
876 2375 980 2428 quia
1005 2374 1170 2415 dicitur
1195 2374 1316 2428 quod

396 2462 592 2505 “Jehovah
606 2464 765 2504 posuerit
781 2465 930 2496 verbum
948 2465 985 2495 in
1003 2474 1045 2496 os
1063 2463 1172 2505 ejus”
1189 2464 1315 2505 (Num.
1332 2461 1465 2497 [dxxiii.
1482 2474 1512 2504 5,
1529 2472 1580 2503 12,
1597 2465 1662 2505 16).

282 2550 416 2605 Quod
440 2557 600 2605 postea
623 2552 898 2593 consuluerit
919 2552 1089 2594 Balaco
1111 2553 1300 2606 perdere
1322 2553 1539 2607 populum
1558 2553 1777 2595 Israeliti-

281 2628 383 2655 cum
414 2614 535 2663 dolo,
563 2615 833 2656 abducendo
858 2630 885 2656 a
911 2616 1037 2657 cultu
1061 2616 1264 2669 jehovae
1293 2617 1350 2657 ad
1383 2616 1556 2658 cultum
1583 2616 1777 2671 Baalpe-

281 2679 384 2727 oris,
411 2684 542 2731 patet
569 2678 626 2719 ab
651 2678 720 2719 his
746 2679 866 2732 apud
893 2679 1069 2728 Mosen,

349 2770 372 2782 '⁴
387 2768 428 2800 In
453 2768 616 2800 Schittim
641 2766 758 2809 coepit
782 2754 935 2809 populus
952 2771 1100 2801 scortari
1125 2780 1204 2801 cum
1229 2769 1370 2802 filiabus
1396 2754 1530 2808 Moabi,
1551 2776 1587 2802 et
1604 2776 1780 2802 vocarunt

455 2813 626 2853 populum
644 2813 689 2844 ad
705 2813 878 2844 sacrificia
893 2814 1040 2845 deorum
1059 2823 1227 2851 suorum;
1251 2814 1408 2846 comedit
1433 2796 1586 2855 popu’lus
1604 2821 1639 2846 et
1663 2814 1779 2845 incur-

456 2857 553 2887 vavit
570 2866 608 2887 se
625 2856 692 2887 diis
710 2854 880 2894 1²learum,
899 2847 1077 2897 imprimis
1094 2857 1258 2908 adjunxit
1274 2868 1313 2889 se
1333 2856 1478 2900 [Israel]
1500 2858 1728 2898 Baalpeoriffl

456 2900 668 2986 izeofccisi
692 2900 805 2931 sunt'’
821 2902 867 2932 ab
889 2900 1050 2932 Israele‘
1057 2901 1203 2942 ‘viginti
1226 2909 1377 2942 quatuor
1394 2901 1535 2933 millia”
1552 2901 1678 2942 (Num.
1692 2911 1764 2932 xxv

458 2952 473 2975 1
495 2953 537 2983 -·3
582 2954 602 2984 9
631 2944 705 2983 18);
1774 2959 1780 2981 ι

348 2986 564 3019 Occ1derunt
578 2987 776 3019 Bileamum
791 2988 884 3019 inter
898 2988 1126 3020 Midianitas·
1119 3014 1126 3026 ‚
1147 2995 1183 3020 et
1195 2988 1258 3020 filii
1271 2988 1414 3020 Israelis
1429 2990 1587 3029 captivas
1601 2988 1792 3021 duxerunt.

457 3041 583 3063 omnes
608 3031 761 3063 feminas
779 3042 823 3063 ex
842 3031 1052 3071 Midianitis‚
1073 3033 1167 3074 quod
1191 3038 1268 3064 erat
1289 3034 1366 3064 “ex
1390 3032 1540 3064 consilio
1559 3032 1709 3064 Bileami
1730 3032 1778 3064 ad
