2060 3476
388 345 470 399 506
797 351 1135 386 APOCALYPSIS
1160 352 1460 387 EXPLmA‘rA.

385 480 446 508 ex
477 466 644 507 Divino
675 465 819 515 Bon0‚
849 471 897 507 et
927 478 1007 519 per
1034 465 1277 519 “equitare
1305 479 1438 519 super
1468 465 1607 506 verbo
1638 465 1872 507 veritatis”

385 528 665 582 significatur
689 541 892 582 pugnare
917 541 977 569 ex
1009 527 1175 569 Divino
1199 527 1338 577 Vero,
1366 528 1430 569 ita
1460 541 1519 568 ex
1552 527 1717 568 Divino
1744 528 1873 569 Bono

385 605 465 645 per
482 591 695 632 Divinum
713 590 884 632 Verum
901 604 910 631 :
944 590 1276 644 omnipotentia
1293 596 1340 632 et
1358 591 1670 631 omniscientia
1691 590 1872 631 Domini

384 653 696 708 significantur
713 667 792 708 per
810 657 835 675 “
848 654 1045 696 Docebit
1062 653 1128 695 Te
1147 653 1366 695 mirabilia
1383 654 1549 695 dextra
1567 660 1643 694 tua
1660 653 1693 703 ;'’
1718 657 1742 673 ‘¹
1756 652 1872 694 filiae

384 729 544 770 regum
556 716 577 734 ''
593 730 708 771 quae
734 718 889 758 “inter
911 715 1174 770 pretiosas‚’'
1195 715 1452 769 significant
1473 714 1732 757 affectiones
1755 716 1870 766 veri;

386 783 414 802 ‘⁶
426 780 584 834 regina
597 779 618 797 ''
635 794 749 834 quae
769 783 795 801 ‘⁶
808 780 864 821 ad
882 780 1094 821 dextram
1116 779 1162 820 in
1178 792 1286 820 auro
1303 780 1479 833 optimo
1497 778 1716 832 Ophiris,”
1734 780 1870 832 signi-

384 842 492 885 ficat
517 842 693 885 caelum
719 849 766 885 et
793 843 1048 892 ecclesiam,
1072 848 1120 884 et
1145 842 1206 884 ibi
1228 842 1334 885 illos
1357 843 1431 896 qui
1456 843 1499 883 in
1526 844 1640 883 veris
1667 857 1724 883 ex
1753 843 1872 884 bono

384 912 517 958 sunt;
553 905 787 948 “dextra’'
808 912 879 947 est
899 918 1054 947 verum
1075 905 1120 947 in
1139 902 1258 956 luce,
1280 910 1328 948 et
1352 908 1544 947 “aurum
1568 904 1780 959 Ophiris”
1802 912 1871 946 est

383 969 554 1010 bonum
579 970 756 1010 amoris.
816 968 956 1022 Apud
981 968 1190 1018 eundem,

451 1062 623 1097 “Dictum
643 1064 802 1106 Jehovae
821 1063 865 1096 ad
891 1063 1085 1096 Dominum
1109 1072 1239 1103 meum,
1259 1063 1350 1096 Sede
1373 1064 1417 1095 ad
1436 1064 1595 1095 dextram
1617 1073 1742 1100 meam.
1764 1074 1873 1104 usque

558 1109 641 1139 dum
658 1117 811 1149 posuero
828 1108 991 1139 inimicos
1008 1113 1088 1140 tuos
1104 1107 1297 1140 scabellum
1314 1107 1443 1148 pedum
1462 1114 1614 1139 tuorum.
1648 1132 1742 1140 .....
1755 1107 1873 1138 Domi-

560 1161 627 1183 nus
645 1152 689 1183 ad
705 1151 866 1183 dextram
882 1157 989 1190 tuam,
1003 1151 1176 1192 percussit
1192 1151 1228 1182 in
1245 1151 1301 1183 die
1318 1151 1390 1183 irae
1407 1161 1508 1191 reges
1519 1150 1537 1162 ”
1555 1151 1697 1189 (Psalm.
1716 1161 1766 1182 cx.
1789 1160 1813 1188 1,
1834 1160 1849 1190 5
1866 1161 1873 1189 ;

557 1195 687 1228 Matlh.
705 1195 787 1227 xxii.
804 1192 901 1235 [¹144;
924 1195 1036 1227 Marc.
1052 1194 1111 1228 xii.
1129 1195 1192 1235 363
1215 1195 1299 1227 Luc.
1315 1204 1373 1227 xx.
1388 1203 1441 1234 42,
1458 1195 1513 1234 43)
1528 1204 1534 1231 ;

385 1290 506 1344 quod
523 1289 633 1331 haec
653 1290 709 1332 de
727 1289 926 1331 Domino
944 1287 1065 1331 dieta
1082 1289 1187 1339 sint,
1207 1294 1366 1331 notum
1384 1295 1454 1331 est
1473 1303 1481 1339 ;
1515 1303 1593 1342 per
1611 1289 1686 1329 illa
1704 1289 1871 1338 descri-

383 1353 504 1395 bitur
529 1366 681 1407 pugna
703 1352 887 1394 Domini
908 1353 954 1394 in
975 1352 1145 1394 mundo
1167 1358 1327 1394 contra
1351 1352 1521 1393 inferna
1548 1359 1594 1394 et
1618 1352 1873 1405 subjugatio

384 1428 554 1465 eorum,
573 1430 688 1470 quae
705 1413 823 1457 faeta
841 1421 911 1457 est
929 1429 989 1457 ex
1007 1414 1173 1456 Divino
1195 1414 1324 1456 Bono
1346 1428 1425 1469 per
1444 1414 1654 1455 Divinum
1675 1414 1843 1455 Verum
1863 1428 1870 1454 :

387 1478 592 1520 “dextra
602 1478 622 1495 '⁹
657 1478 717 1520 ibi
758 1478 984 1532 significat
1024 1477 1238 1520 Divinum
1275 1477 1471 1519 Verum:
1520 1492 1655 1532 quare
1696 1478 1871 1525 dicitur,

387 1544 564 1596 “usque
591 1542 697 1582 dum
724 1555 916 1596 posuero
942 1541 1147 1583 inimicos
1175 1546 1279 1582 tuos
1305 1540 1553 1582 scabellum
1581 1541 1743 1594 pedum
1773 1547 1872 1581 tuo-

384 1617 482 1645 rum
498 1603 533 1655 ;’'
546 1618 625 1658 per
639 1608 663 1625 “
676 1605 881 1646 inimicos
893 1604 912 1620 '’
924 1603 1235 1658 significantur
1244 1603 1416 1645 inferna
1431 1618 1441 1655 3
1461 1618 1539 1658 per
1553 1608 1576 1624 ‘¹
1591 1617 1756 1657 ponere
1773 1603 1874 1644 illos

385 1666 634 1708 scabellum
666 1666 863 1721 pedum''
895 1666 1174 1720 significatur
1205 1680 1385 1720 prorsus
1422 1665 1683 1720 subjugare:
1728 1666 1872 1707 simile

385 1728 665 1783 significatur
690 1743 769 1783 per
796 1729 1057 1771 “Dominus
1085 1729 1142 1771 ad
1168 1729 1382 1771 dextram
1414 1735 1553 1778 tuam,
1583 1730 1802 1783 percussit
1830 1730 1874 1769 in

385 1792 458 1834 die
483 1793 574 1834 irae
595 1806 727 1846 reges
743 1792 779 1844 ;'’
812 1793 945 1834 “dies
970 1792 1061 1835 irae
1073 1792 1092 1809 ''
1114 1798 1185 1834 est
1211 1798 1360 1834 status
1385 1794 1578 1847 pugnae,
1603 1799 1648 1833 et
1675 1798 1842 1846 “reges
1855 1792 1875 1806 ’¹

385 1861 491 1896 sunt
513 1855 587 1909 qui
608 1855 654 1896 in
674 1855 797 1896 falsis
819 1869 879 1897 ex
902 1855 1036 1897 malo.
1097 1854 1232 1908 Quod
1255 1855 1490 1903 Dominus,
1516 1868 1616 1896 cum
1639 1856 1682 1896 in
1706 1855 1875 1896 mundo

386 1917 481 1968 suit,
504 1918 700 1960 induerit
722 1918 935 1959 Divinum
952 1918 1124 1960 Verum
1147 1932 1207 1959 ex
1230 1917 1395 1960 Divino
1418 1917 1560 1967 Bono,
1585 1925 1631 1958 et
1654 1918 1773 1972 quod
1796 1931 1875 1970 per

386 1980 431 2021 id
462 1979 768 2034 subjugaverit
799 1981 985 2031 inferna,
1018 1994 1070 2023 ac
1102 1981 1254 2022 omnia
1283 1980 1328 2021 in
1359 1980 1496 2022 caelis
1528 1981 1796 2034 disposuerit
1830 1981 1873 2020 in

387 2042 609 2091 ordinem,
635 2042 846 2083 videatur
866 2042 910 2083 in
941 2041 1162 2095 opusculo
1182 2041 1250 2083 De
1276 2041 1441 2083 Ultimo
1460 2041 1647 2090 Judz'cio
1671 2052 1716 2089 (n.
1730 2052 1798 2089 46),
1827 2048 1872 2081 et

388 2101 434 2142 in
462 2101 685 2142 Doarz‘na
713 2100 870 2143 Novae
895 2101 1234 2155 Hierosohtmae
1263 2110 1309 2150 (n.
1329 2119 1398 2150 293,
1419 2120 1488 2149 294,
1501 2119 1570 2149 301,
1586 2111 1673 2149 303).
1733 2101 1872 2153 Apud

387 2155 727 2209 Evangelistas,

454 2250 585 2293 “Jesus
613 2251 710 2290 dixit,
736 2250 789 2289 Ex,
816 2260 910 2283 nunc
932 2250 1097 2283 videbitis
1125 2249 1252 2283 Filium
1279 2250 1436 2282 hominis
1464 2250 1647 2282 sedentem
1672 2260 1716 2282 ex
1740 2250 1875 2282 dextris

561 2295 741 2336 potentiae
753 2293 772 2308 ”
787 2294 930 2336 (Matth.
947 2294 1040 2327 xxvi.
1056 2294 1110 2334 63,
1126 2294 1170 2335 64
1184 2302 1192 2334 3
1215 2294 1327 2327 Marc.
1343 2294 1413 2326 xiv.
1431 2293 1483 2332 61,
1500 2294 1542 2325 62
1557 2302 1564 2332 ;
1588 2294 1672 2326 Luc.
1689 2294 1771 2325 xxii.
1789 2294 1865 2335 69);

388 2383 436 2421 et
461 2377 581 2432 apud
603 2377 823 2428 Marcum,

455 2453 475 2469 “
486 2452 663 2485 Dominus
679 2458 866 2494 postquam
882 2453 1021 2485 locutus
1038 2459 1094 2486 est
1110 2453 1189 2492 illis,
1203 2453 1362 2486 sublatus
1378 2458 1434 2486 est
1450 2453 1487 2486 in
1503 2452 1650 2491 caelum,
1664 2458 1699 2485 et
1715 2453 1889 2485 consedit-

562 2506 607 2528 ex
622 2497 746 2529 dextra
762 2496 830 2528 Dei
840 2496 858 2510 ”
874 2496 958 2538 (xvi.
976 2496 1052 2538 19);

392 2585 590 2627 “sedere
615 2599 642 2626 a
667 2584 843 2626 dextris
865 2585 1100 2638 potentiae
1113 2584 1132 2600 ''
1153 2591 1200 2626 et
1226 2588 1290 2626 “a
1315 2584 1482 2625 dextra
1504 2583 1629 2633 Dei,’'
1651 2583 1876 2638 significat

389 2648 769 2703 omnipotentiam
795 2653 842 2689 et
868 2648 1230 2689 omniscientiam
1256 2660 1370 2702 quae
1395 2647 1593 2688 Domino
1618 2660 1678 2688 ex
1710 2646 1877 2688 Divino

390 2710 521 2753 Bono
545 2723 626 2765 per
651 2710 862 2751 Divinum
889 2711 1075 2752 Verum.
1135 2710 1274 2765 Apud
1299 2710 1503 2760 Esaiam,

456 2799 724 2833 “Conoboravi
743 2805 788 2839 te,
808 2800 915 2832 etiam
939 2800 1061 2841 adjuvi
1084 2807 1119 2832 te
1144 2810 1207 2842 per
1224 2801 1386 2832 dextram
1404 2799 1562 2842 justitiae
1586 2810 1687 2832 meae
1700 2811 1726 2833 z.
1739 2824 1747 2832 .
1760 2824 1769 2832 .
1782 2799 1876 2840 ‚Ego

564 2843 725 2928 keghovab
750 2843 847 2875 Deus
871 2843 1087 2876 confirmans
1110 2845 1272 2876 dextram
1295 2850 1403 2883 tuam,
1423 2844 1544 2876 dicens
1568 2843 1640 2882 tibi,
1662 2843 1717 2875 Ne
1741 2843 1876 2881 timeto,

620 2896 642 2919 0
657 2887 791 2928 adjuvo
807 2893 842 2920 te
854 2886 871 2899 ”
888 2887 960 2928 (xli.
979 2896 1029 2927 10,
1049 2886 1103 2928 13)
1117 2897 1125 2926 ;

394 2973 723 3018 “corroboravi
735 2980 797 3026 te,
810 2975 948 3017 etiam
963 2974 1110 3030 adjuvi
1128 2975 1214 3026 te,”
1224 2974 1451 3029 significat
1465 2989 1525 3017 ex
1540 2975 1872 3030 omnipotentia
