2060 3476
850 373 1012 406 CAPUT
1043 372 1114 405 111.
1648 371 1730 413 243

305 504 350 549 9.
401 489 530 537 Ecce
565 488 694 536 dabo
713 504 776 535 ex
810 502 1069 551 synagoga
1107 494 1320 539 satanae,
1362 483 1627 531 dicentium
1675 499 1730 529 se

237 566 370 629 ipsos
390 565 607 629 Judaeos
631 581 756 619 esse,
781 573 832 612 et
863 579 962 610 non
993 572 1120 617 sunt,
1144 560 1234 609 sed
1265 560 1590 614 mentiuntur;
1617 576 1731 606 ecce

217 642 405 689 ¹faciam
430 651 484 689 ut
507 640 570 688 illi
588 640 789 688 veniant
811 649 862 687 et
878 638 1085 687 adorant
1101 637 1164 686 ad
1182 636 1335 701 pedes
1359 646 1484 690 tuos,
1504 646 1554 683 et
1577 635 1739 683 sciant·

238 718 374 782 quod
399 718 509 782 Ego
533 717 680 765 dilexi
703 726 766 764 te.

311 810 383 842 10.
433 794 563 856 Quia
586 792 788 841 servasti
813 792 1017 840 verbum
1041 790 1328 839 tolerantiae
1353 805 1509 843 meae,
1535 798 1585 836 et
1620 788 1731 851 Ego

240 883 290 919 te
326 871 539 919 servabo
574 871 636 918 ab
671 870 793 917 hora
826 868 1111 917 tentationis
1151 867 1338 915 futurae
1373 865 1544 914 venire
1586 880 1735 927 super

239 949 411 998 orbem
436 947 733 1001 universum,
758 944 1017 1009 explorare
1042 944 1317 992 habitantes
1341 959 1489 1006 super
1511 952 1651 989 terra.

315 1042 387 1073 11.
436 1024 562 1072 Ecce
597 1023 744 1071 venio
773 1023 901 1078 'cito;
938 1022 1093 1070 retine
1129 1021 1264 1085 quod
1299 1020 1468 1075 habes,
1497 1029 1550 1066 ut
1585 1035 1734 1066 nemo

240 1102 445 1165 accipiat
468 1117 701 1148 coronam
726 1110 874 1147 tuam.

314 1195 386 1226 12.
434 1177 668 1230 VincenS,
693 1176 864 1223 faciam
890 1174 1022 1223 illum
1047 1173 1361 1222 columnam
1348 1190 1397 1220 m
1421 1171 1608 1235 templo
1638 1171 1734 1220 Dei

239 1255 351 1309 mei,
376 1265 426 1302 et
449 1254 575 1302 foras
600 1269 701 1300 non
727 1252 1008 1316 egredietur
1031 1251 1263 1314 amplius;
1290 1259 1341 1298 et
1358 1249 1567 1297 scribam
1586 1265 1734 1311 super

241 1332 372 1379 illum
411 1347 594 1378 nornen
635 1326 734 1377 Dei
776 1329 889 1383 mei,
928 1339 980 1376 et
1021 1344 1202 1391 nomen
1241 1326 1444 1374 civitatis
1487 1325 1584 1372 Dei
1623 1324 1735 1378 mei,

243 1409 420 1456 Novae
462 1405 854 1469 Hierosolymae‚
888 1421 1016 1468 quae
1049 1403 1303 1451 descendit
1339 1419 1368 1450 e
1399 1401 1534 1450 caelo
1564 1418 1594 1449 a
1623 1401 1738 1448 Deo

185 1547 188 1549 -
242 1501 370 1539 meo,
396 1494 445 1531 et
468 1499 652 1531 nomen
677 1499 843 1530 meum
869 1498 1065 1529 novum.

317 1573 389 1619 13.
439 1557 650 1604 Habens
678 1573 846 1603 aurem
874 1554 1038 1603 audiat
1061 1553 1177 1617 quid
1209 1553 1416 1617 Spiritus
1442 1551 1557 1600 dicit
1583 1551 1735 1600 eccle-

242 1635 338 1683 siis.
581 1689 602 1704 ο

319 1793 393 1838 14.
443 1776 507 1824 Et
525 1774 723 1840 Angelo
739 1773 990 1823 Ecclesiae
1011 1772 1384 1821 Laodicensium
1404 1771 1576 1819 scribe:
1600 1771 1741 1818 Haec

246 1855 361 1902 dicit
385 1854 567 1908 Amen,
590 1852 756 1900 Testis
784 1849 942 1899 fidelis
975 1860 1027 1899 et
1053 1867 1213 1904 verus,
1241 1848 1531 1912 Principium
1564 1847 1740 1911 opificii

247 1931 358 1980 Dei.

318 2008 390 2055 15.
441 2006 573 2054 Novi
598 2016 680 2053 tua
704 2022 869 2068 opera,
895 2004 1028 2068 quod
1053 2021 1142 2051 nec
1177 2002 1377 2067 frigidus
1406 2002 1471 2049 sis
1501 2018 1592 2049 nec
1628 2000 1737 2048 cali·

245 2085 361 2139 dus;
398 2084 584 2131 utinam
610 2082 811 2146 frigidus
836 2098 972 2129 esses
996 2091 1080 2128 aut
1102 2079 1298 2127 calidus.

319 2164 391 2209 16.
442 2161 615 2223 Itaque
641 2159 753 2222 quia
776 2158 970 2222 tepidus
995 2174 1063 2211 es,
1089 2167 1139 2204 et
1167 2173 1257 2203 nec
1281 2154 1482 2219 frigidus
1512 2171 1603 2202 nec
1632 2153 1740 2202 cali-

246 2239 353 2293 dus,
378 2238 590 2285 futurum
614 2247 664 2284 te
691 2252 919 2300 evomam
945 2252 1007 2283 ex
1032 2251 1118 2282 ore
1144 2250 1272 2281 meo.

321 2326 393 2373 17.
441 2312 592 2375 Quod
630 2312 761 2360 dicas
791 2311 926 2375 quod
963 2311 1102 2358 dives
1133 2310 1222 2357 sim
1253 2319 1305 2357 et
1331 2307 1666 2372 locupletatus,
1691 2318 1742 2355 et

249 2390 422 2439 nullius
447 2407 571 2452 opus
596 2389 817 2443 habeam,
843 2398 894 2436 et
918 2405 1018 2435 non
1043 2387 1135 2434 scis
1159 2386 1294 2449 quod
1312 2396 1365 2432 tu
1389 2385 1456 2432 sis
1480 2402 1738 2433 aerumno-

249 2485 332 2515 sus
357 2477 406 2514 et
429 2463 712 2513 miserabilis
736 2475 791 2513 et
814 2481 1002 2528 pauper
1026 2474 1077 2511 et
1100 2480 1271 2510 caecus
1294 2471 1345 2510 et
1369 2462 1542 2510 nudus.

323 2559 339 2590 1
352 2544 395 2590 8.
445 2541 645 2590 Suadeo
664 2541 750 2589 tibi
770 2557 935 2589 emere
955 2557 984 2588 a
1005 2540 1091 2586 Me
1110 2556 1280 2586 aurum
1301 2537 1606 2601 exploratum
1626 2538 1742 2602 igne

250 2630 302 2667 ut
316 2619 497 2666 ditatus
513 2617 591 2673 εἰς,
607 2627 659 2665 et
672 2617 965 2665 vestimenta
982 2615 1093 2663 alba
1110 2625 1163 2663 ut
1181 2613 1407 2668 induaris,
1425 2631 1488 2662 ne
1508 2625 1742 2678 appareat

251 2695 409 2760 pudor
433 2694 662 2742 nuditatis
689 2703 817 2748 tuae,
842 2703 893 2741 et
921 2691 1118 2755 collyrio
1151 2691 1335 2755 inunge
1361 2689 1526 2738 oculos
1554 2701 1663 2738 tuos
1689 2701 1744 2738 ut

199 2822 204 2828 ,
251 2773 438 2821 videas.

325 2865 396 2909 19.
445 2848 556 2913 Ego
592 2863 913 2911 quoscunque
949 2863 1075 2902 amo,
1111 2862 1270 2910 arguo
1306 2854 1357 2893 et
1391 2844 1604 2909 castig0;
1639 2842 1745 2892 zelo

251 2943 344 2990 age
369 2942 502 2989 ergo,
528 2935 578 2972 et
600 2923 842 2987 resipisce.

322 3018 398 3050 20.
447 3001 574 3071 Ecce
610 3011 686 3048 sto
710 3000 775 3048 ad
809 2999 989 3048 ostium
1025 3008 1076 3047 et
1109 2997 1282 3063 pulso;
1320 2997 1360 3046 si
1396 2997 1504 3061 quis
1539 2995 1745 3044 audierit
