2060 3476
280 339 361 380 282
698 347 1026 381 APOCALvPsxs
1057 349 1353 382 EXPLICATA.

279 459 410 509 Tum,
440 461 545 514 quid
572 460 795 514 significat

346 556 450 598 Quod
463 557 626 597 discipuli
643 557 879 598 imposuerint
895 559 1111 590 vestimenta
1127 569 1192 590 sua
1209 569 1316 600 super
1331 558 1469 590 asinam
1487 564 1521 591 et
1538 558 1673 600 pullum
1691 569 1770 592 eum

455 600 632 632 Dominus
657 601 730 632 ibat
749 601 1053 643 Hierosolymam,
1073 608 1108 634 et
1125 603 1218 643 quod
1243 602 1394 643 populus
1411 608 1495 634 tunc
1512 603 1677 635 straverit
1693 613 1772 635 ves-

454 644 604 675 timenta
625 654 690 676 sua
713 645 749 676 in
773 646 833 676 via
855 644 998 686 (Mattlz.
1016 646 1086 678 xxi.
1102 653 1165 686 7-9
1180 655 1187 683 ;
1218 646 1331 678 Marc.
1348 646 1394 679 xi.
1411 653 1440 685 7,
1456 646 1474 677 8
1489 655 1497 686 ;
1528 646 1612 678 Luc.
1626 647 1697 678 xix.
1714 655 1766 686 35,

455 687 519 728 36),

279 783 483 824 videatur
509 797 640 837 supra
666 783 727 838 (n.
752 784 911 838 31[b]).
973 784 1107 837 Quod
1132 788 1320 826 “vestes
1333 784 1352 800 '¹
1374 784 1627 838 significent
1651 799 1768 834 vera,

281 852 351 886 est
378 860 436 887 ex
463 846 541 887 illa
567 848 753 901 origine,
777 849 879 901 quia
902 847 978 888 lux
1003 847 1115 888 caeli
1141 854 1211 888 est
1235 847 1446 888 Divinum
1470 847 1640 889 Verum
1667 861 1770 901 pro-

279 909 447 950 cedens
472 924 498 951 a
525 910 723 951 Domino
746 918 794 952 ut
820 910 925 951 Sole
951 911 1023 959 ibi,
1051 916 1110 962 et,
1129 911 1279 952 omnia
1303 924 1416 964 quae
1447 911 1492 951 in
1525 910 1661 952 caelis
1686 924 1768 951 ex-

279 972 435 1021 istunt,
463 987 521 1014 ex
554 972 653 1014 luce
684 974 742 1014 ibi
773 974 1004 1023 existunt3
1043 973 1246 1014 similiter
1271 974 1407 1014 etiam
1433 979 1583 1015 vestes
1614 974 1771 1027 quibus

279 1034 431 1076 amieti
456 1042 676 1090 apparent
703 1036 866 1089 angeli.
929 1036 1041 1077 Inde
1068 1043 1137 1077 est

344 1135 447 1177 Quod
460 1135 598 1175 angelis
611 1135 655 1166 ad
669 1135 871 1176 sepulcrum
890 1135 1035 1167 Domini
1049 1135 1257 1168 sedentibus
1270 1134 1373 1168 fuerit
1388 1135 1636 1167 indumentum
1650 1134 1770 1166 album

453 1179 542 1210 sicut
560 1179 620 1210 nix
637 1179 781 1218 (Malta.
797 1179 917 1211 xxviii.
933 1180 965 1219 3)
980 1189 987 1215 :

346 1222 390 1254 Et
406 1223 500 1264 quod
518 1229 636 1254 vestes
655 1232 779 1254 eorum
796 1223 928 1254 fuerint
945 1223 1176 1264 splendentes
1193 1222 1290 1264 (Luc.
1307 1222 1401 1255 xxiv.
1418 1222 1463 1263 4).

279 1311 391 1349 (Quod
406 1316 506 1340 vestes
521 1311 637 1348 quibus
657 1311 758 1340 induti
773 1316 926 1349 apparent
948 1312 1051 1349 angeli
1074 1312 1340 1350 correspondeant
1362 1312 1583 1350 intelligentiae
1605 1320 1726 1346 eorum,
1741 1315 1771 1340 et

277 1359 366 1396 quod
381 1358 585 1395 intelligentia
599 1358 657 1386 illis
672 1358 710 1386 sit
724 1358 901 1387 secundum
917 1358 1130 1395 receptionem
1148 1359 1254 1388 Divini
1267 1359 1343 1388 Veri
1365 1367 1385 1387 a
1407 1358 1558 1392 Domino,
1574 1358 1719 1387 videatur
1740 1357 1771 1386 in

277 1413 374 1442 opere
386 1405 437 1434 De
452 1405 542 1434 Caelo
553 1407 584 1433 et
597 1404 735 1443 Inferna,
747 1413 778 1433 n.
793 1405 947 1440 177—182;
971 1409 1001 1433 et
1016 1405 1104 1441 quod
1118 1404 1268 1433 Divinum
1280 1404 1400 1433 Verum
1411 1405 1586 1442 procedens
1600 1412 1619 1432 a
1631 1403 1772 1432 Domino

277 1454 317 1483 sit
333 1454 404 1483 Lux
418 1454 450 1482 in
466 1454 575 1488 Caelo,
591 1463 621 1483 n.
637 1454 774 1491 126-135
790 1453 857 1491 ibi.)
925 1443 1038 1483 Inde
1064 1449 1279 1483 constare
1307 1449 1463 1496 potest
1490 1442 1596 1496 quid
1627 1443 1768 1495 signi-

278 1504 436 1546 ficatur
467 1518 545 1559 per
578 1504 807 1553 “vestes‚”
838 1504 911 1545 ubi
948 1505 1004 1545 de
1043 1504 1253 1553 Domino,
1286 1504 1406 1558 quod
1444 1517 1605 1556 nempe
1643 1503 1768 1544 Divi-

279 1581 384 1609 num
397 1569 567 1610 Verum
585 1569 834 1622 procedens
849 1582 908 1609 ex
926 1568 1032 1622 Ipso
1050 1582 1059 1618 3
1088 1574 1134 1608 et
1153 1569 1254 1621 quia
1268 1566 1544 1620 significatur
1559 1566 1769 1607 Divinum

279 1632 464 1680 Verum,
497 1633 635 1673 etiam
667 1631 944 1685 significatur
976 1631 1194 1678 Verbum,
1223 1644 1327 1671 nam
1355 1630 1556 1671 Verbum
1588 1636 1658 1671 est
1691 1629 1770 1670 Di·

279 1696 430 1736 vinum
449 1695 619 1736 Verum
642 1708 667 1735 a
690 1695 887 1735 Domino
909 1695 952 1735 in
977 1695 1106 1735 terris
1128 1700 1175 1734 et
1198 1694 1241 1734 in
1260 1693 1409 1734 caelis.
1474 1693 1574 1734 Hoc
1593 1706 1770 1746 reprae—

279 1765 509 1800 sentatum
537 1764 607 1799 est
634 1771 712 1811 per
739 1761 931 1799 “vestes
945 1757 964 1772 ’'
990 1757 1174 1798 Domini
1201 1770 1302 1798 cum
1328 1755 1673 1798 transformatus
1699 1764 1769 1796 est

279 1836 431 1864 coram
456 1822 604 1871 Petro,
627 1821 798 1874 Jacobo
821 1827 866 1862 et
888 1820 1108 1874 Johanne,
1128 1820 1184 1861 de
1206 1819 1365 1874 quibus
1388 1819 1450 1860 ita
1472 1818 1590 1872 apud
1614 1818 1767 1859 Evan-

280 1885 468 1940 gelistas
485 1899 554 1927 :--

346 1976 437 2008 Cum
454 1976 559 2018 Jesus
577 1975 854 2008 transformatus
871 1981 936 2011 est,
957 1973 1171 2014 “splenduit
1187 1973 1296 2005 facies
1316 1972 1432 2013 Ipsius
1449 1972 1540 2004 sicut
1556 1972 1622 2009 sol,
1642 1977 1677 2003 et
1693 1981 1771 2003 ves-

455 2021 606 2052 timenta
628 2018 724 2050 facta
745 2016 856 2060 [alba]
875 2018 965 2050 sicut
981 2018 1042 2049 lux
1053 2017 1070 2029 '’
1084 2017 1228 2055 (Matth.
1244 2017 1327 2049 xvii.
1346 2017 1388 2056 2),
1410 2022 1444 2047 et
1461 2016 1575 2047 “alba
1590 2015 1771 2055 fulguran-

453 2063 530 2095 tia’'
546 2063 706 2103 (Luc.‘ix.
724 2063 789 2103 29),
809 2072 849 2093 ac
869 2061 1127 2102 “splendentia
1150 2061 1231 2092 alba
1251 2060 1342 2091 sicut
1365 2060 1438 2097 nix,
1457 2059 1658 2099 cujusmodi
1682 2058 1770 2090 fullo

454 2116 560 2148 super
577 2114 670 2138 terra
686 2116 759 2137 non
778 2111 896 2146 potest
913 2105 1078 2136 dealbare
1090 2103 1108 2116 ’'
1125 2103 1251 2144 (Marc.
1266 2101 1345 2135 [¹]ix.
1361 2104 1404 2143 3).

280 2195 434 2238 Simile
459 2194 625 2248 legitur
650 2195 706 2235 de
734 2193 978 2246 “Antiquo
1004 2193 1174 2233 dierum
1187 2191 1206 2207 '¹
1233 2191 1350 2245 apud
1377 2189 1619 2239 Danielem,
1675 2227 1678 2230 ⁴

349 2292 563 2333 “Antiquus
580 2291 717 2324 dierum
736 2290 838 2327 sedit,
859 2295 893 2321 et
911 2289 1020 2321 vestis
1039 2288 1157 2329 Ipsius
1175 2294 1251 2320 erat
1268 2289 1359 2319 sicut
1377 2287 1438 2319 nix
1455 2287 1536 2319 alba
1547 2286 1565 2299 ''
1582 2286 1655 2326 (vii.
1672 2286 1727 2328 9);

282 2388 549 2442 “Antiquus
576 2385 777 2427 dierum‘’
800 2391 869 2426 est
897 2384 1118 2425 Dominus
1143 2384 1200 2424 ab
1225 2389 1425 2424 aeterno.
1478 2381 1595 2435 Quia
1621 2381 1770 2422 “lux''

280 2458 350 2493 est
383 2452 593 2492 Divinum
620 2449 804 2497 Verum,
829 2454 874 2489 et
906 2448 991 2488 hoc
1023 2446 1298 2500 significatur
1327 2459 1405 2500 per
1428 2444 1646 2486 “vestes’'
1668 2458 1768 2485 cum

281 2516 337 2556 de
364 2515 576 2562 Domino,
600 2513 701 2554 ideo
727 2513 888 2553 dicitur
913 2511 1031 2565 apud
1057 2511 1294 2559 Davidem,

505 2610 667 2653 Jehovah
688 2609 766 2641 “Se
783 2608 899 2649 operit
914 2608 992 2639 luce
1009 2607 1101 2639 sicut
1117 2613 1217 2639 veste
1229 2605 1248 2619 ”
1265 2605 1412 2647 (Psalm.
1425 2605 1492 2638 civ.
1507 2604 1551 2646 2).

282 2706 357 2747 Ex
388 2705 455 2746 his
487 2710 697 2746 constare
728 2708 880 2756 potest
912 2702 1016 2755 quid
1042 2700 1316 2754 significatur
1347 2713 1426 2753 per
1453 2698 1769 2740 “vestes-Do-

282 2768 420 2811 mini’'
441 2767 546 2809 alibi
572 2767 616 2807 in
639 2766 795 2807 Verbo
812 2765 949 2807 z—Ut
974 2764 1092 2818 apud
1118 2763 1355 2812 Davidem,

350 2866 373 2879 ‘⁴
385 2863 512 2950 Πῃῖἰὲ
527 2857 741 2947 ,Άαηγέἶῖξιειῤ
753 2861 832 2893 aloe
849 2866 884 2892 et
899 2860 1000 2892 kesia
1012 2869 1138 2892 omnes
1153 2864 1271 2891 vestes
1288 2864 1367 2890 tuas
1378 2857 1396 2870 ”
1420 2856 1567 2899 (Psalm.
1581 2857 1653 2889 xlv.
1670 2854 1736 2898 [8,]
1750 2866 1771 2896 9

510 2931 518 2939 .
573 2931 580 2938 .
596 2913 626 2945 7,
706 2915 713 2943 ζ

281 2994 341 3036 ibi
363 2993 419 3035 de
441 2992 650 3035 Domino.
710 2989 847 3044 Apud
874 2989 1050 3038 Mosen,
