2060 3476
671 374 778 409 CAP.
800 375 863 418 v.,
885 374 1024 408 VERs.
1053 375 1224 407 mar-N.
1249 364 1417 420 340[b].
1706 366 1794 427 639

302 488 534 531 “mundus
556 488 762 530 manibus
773 488 794 505 ”
810 487 1036 542 significat
1058 487 1161 529 illos
1178 488 1252 542 qui
1274 488 1318 529 in
1341 488 1457 529 veris
1479 502 1539 529 ex
1561 486 1648 529 fide
1669 493 1791 536 sunt,

299 559 347 594 et
367 556 393 574 ‘⁴
405 566 539 607 purus
560 552 726 594 corde”
743 552 817 606 qui
839 552 884 593 in
905 551 1027 592 bono
1044 564 1104 592 ex
1121 564 1276 592 amore
1292 565 1302 602 ;
1335 551 1391 592 de
1409 551 1477 591 his
1495 551 1658 592 dicitur
1674 551 1794 605 quod

301 615 483 657 “ferent
519 613 883 656 benedi&ionem
920 628 948 655 a
983 627 1136 655 coram
1171 613 1392 667 Jehovah,
1429 620 1475 655 et
1507 613 1731 667 justitiam
1767 627 1790 655 a

299 677 400 720 Deo
439 677 638 727 salutis‚”
679 684 727 719 et
767 691 846 732 per
886 681 912 698 “
925 677 1038 719 ferre
1076 675 1440 726 benedictionem
1456 677 1476 691 ”
1516 669 1795 730 significatur

298 742 501 795 receptio
519 741 669 782 Divini
686 741 810 790 Veri,
829 747 876 782 et
894 753 974 795 per
990 740 1139 782 “ferre
1151 739 1374 793 justitiam
1386 740 1406 755 ''
1423 741 1625 794 receptio
1643 740 1794 781 Divini

300 801 429 843 Boni.
488 813 601 851 (Quod
616 809 634 822 '¹
641 812 789 852 justitian
805 813 929 843 dicatur
942 813 983 842 de
995 813 1096 847 bono,
1110 812 1256 841 videatur
1268 821 1375 850 supra,
1390 821 1422 842 n.
1439 812 1541 853 204;
1565 816 1597 841 et
1610 812 1643 841 in
1657 812 1796 842 Arcanis

302 867 495 902 caelestibus,
510 876 542 896 n.
558 873 648 904 2235,
663 866 769 905 9857.)
826 855 967 909 Apud
988 854 1173 904 'Mosen,

367 945 390 958 ⁴⁴
401 943 458 976 sic
473 943 692 976 benedicetis
708 943 789 976 filiis
807 943 967 976 Israelis.
981 967 989 975 .
1002 967 1011 975 .
1025 967 1033 975 .
1052 953 1059 975 :
1086 942 1281 974 Benedicat
1299 942 1363 974 tibi
1381 941 1544 984 Jehovah
1564 948 1599 974 et
1618 943 1795 975 custodiat

472 993 507 1019 te
521 997 528 1025 ;
552 987 669 1019 lucere
682 987 790 1019 faciat
798 986 961 1029 Jehovah
972 986 1080 1018 facies
1094 996 1177 1018 suas
1196 995 1304 1027 super
1319 992 1365 1024 te,
1380 992 1415 1018 et
1429 986 1639 1018 misereatur
1651 987 1701 1018 tui
1715 996 1722 1024 ;
1743 992 1795 1018 at-

473 1031 575 1062 tollat
586 1030 750 1073 Jehovah
766 1030 875 1062 facies
889 1040 972 1062 suas
987 1040 1093 1070 super
1109 1036 1155 1068 te,
1171 1035 1207 1062 et
1219 1035 1331 1070 ponat
1344 1030 1407 1061 tibi
1421 1039 1557 1070 pacem.
1586 1029 1642 1061 Ita
1658 1036 1793 1070 ponent

473 1084 605 1106 nomen
623 1084 742 1106 meum
762 1084 870 1115 super
885 1074 978 1106 filios
997 1073 1152 1112 Israelis,
1172 1079 1208 1106 et
1226 1073 1303 1114 Ego
1319 1074 1529 1105 benedicam
1546 1073 1616 1105 illis
1629 1073 1648 1085 ”
1665 1073 1790 1114 (Num.
1846 1078 1858 1093 “

473 1118 520 1151 vi.
534 1116 707 1159 [¹123-27):

297 1219 357 1248 ex
378 1205 448 1247 his
471 1220 550 1260 per
571 1220 753 1248 sensum
778 1204 1006 1248 internum
1028 1205 1224 1247 evolutis
1249 1210 1379 1259 patet
1405 1206 1512 1260 quid
1537 1204 1793 1247 benedictio

296 1270 341 1310 in
359 1282 534 1310 summa
548 1269 739 1311 involvit
757 1284 767 1321 ;
791 1282 968 1323 nempe,
982 1269 1102 1323 quod
1115 1268 1336 1322 Jehovah,
1349 1269 1435 1310 hoc
1452 1275 1538 1317 est,
1555 1269 1791 1318 Dominus,

296 1345 357 1373 ex
384 1332 549 1373 Divino
575 1331 748 1373 Amore
773 1332 930 1373 influat
956 1345 1058 1373 cum
1085 1331 1251 1373 Divino
1273 1331 1398 1373 Vero
1424 1338 1470 1373 et
1497 1345 1599 1373 cum
1626 1332 1794 1374 Divino

298 1394 427 1436 Bono
467 1395 585 1448 apud
625 1394 728 1436 illos
765 1396 839 1449 qui
878 1396 1100 1449 recipiunt
1120 1408 1129 1435 :
1178 1394 1369 1435 Divinus
1409 1394 1569 1444 Amor,
1608 1409 1668 1436 ex
1704 1406 1793 1449 quo

297 1457 519 1499 Dominus
540 1458 697 1507 influit,
716 1456 988 1511 intelligitur
1009 1471 1088 1512 per
1108 1457 1281 1498 “facies
1298 1457 1500 1510 Jehovae
1518 1457 1552 1508 ;‘'
1579 1458 1793 1500 Divinum

297 1519 482 1569 Verum,
508 1534 610 1562 cum
635 1518 1157 1577 quo'Dominusinfluit‚
1180 1520 1452 1574 intelligitur
1477 1535 1556 1575 per
1581 1521 1793 1563 “Lucere

295 1583 430 1641 saciat
454 1583 661 1637 Jehovah
692 1584 828 1625 facies
854 1598 957 1625 suas
983 1598 1116 1638 super
1140 1590 1189 1625 te
1206 1583 1240 1634 ;”
1272 1590 1329 1625 et·
1353 1584 1566 1625 Divinum
1598 1584 1791 1634 Bonum,

295 1659 398 1688 cum
426 1660 515 1700 quo
545 1646 703 1696 influit,
731 1647 1002 1700 intelligitur
1033 1661 1112 1701 per
1140 1646 1387 1688 “Attollat
1417 1647 1625 1700 Jehovah
1656 1648 1793 1689 facies

296 1723 399 1750 suas
416 1723 549 1763 super
567 1715 613 1750 te
631 1723 640 1760 ;
667 1709 815 1750 tutela
832 1724 859 1750 a
876 1709 1007 1750 malis
1024 1716 1071 1751 et
1093 1709 1230 1758 falsis,
1250 1723 1365 1763 quae
1382 1709 1549 1763 alioqui
1567 1710 1792 1752 auferrent

294 1771 527 1820 influxum,
551 1771 823 1825 intelligitur
844 1786 923 1826 per
943 1771 1223 1814 “Custodiat
1246 1778 1294 1813 te
1316 1778 1363 1813 et
1386 1773 1654 1814 misereatur
1675 1774 1740 1814 tui
1757 1772 1793 1824 ;‘'

294 1834 470 1875 caelum
507 1840 554 1875 et
590 1834 783 1875 felicitas
820 1841 1022 1883 aeterna,
1055 1848 1170 1888 quae
1208 1834 1430 1875 Dominus
1467 1849 1547 1888 per
1578 1835 1792 1876 Divinum

283 1906 422 1937 suum
437 1896 608 1937 Verum
623 1909 674 1937 ac
691 1896 903 1937 Divinum
918 1910 1047 1937 suum
1064 1897 1239 1937 Bonum
1253 1897 1411 1945 donat,
1428 1897 1700 1950 intelligitur
1714 1911 1793 1951 per

297 1958 480 2000 “Ponet
504 1959 586 2000 tibi
609 1972 769 2013 pacem
786 1958 821 2010 ;’'
847 1960 1201 2000 communicatio
1223 1965 1270 2000 et
1293 1957 1551 2012 conjunfflo
1577 1973 1679 2001 cum
1703 1959 1793 2001 illis

293 2021 367 2075 qui
379 2022 615 2075 recipiunt,
628 2021 900 2074 intelligitur
911 2035 990 2075 per
1004 2025 1029 2042 ‘⁴
1043 2022 1116 2062 Ita
1130 2028 1303 2075 ponent
1316 2035 1482 2062 nomen
1495 2035 1644 2063 meum
1660 2036 1793 2076 super

292 2082 408 2124 filios
431 2083 612 2124 Israelis
627 2083 663 2123 :'’
696 2097 775 2137 per
798 2087 1003 2125 “nomen
1023 2083 1226 2137 jehovae
1237 2083 1258 2123 ’‚’
1275 2083 1555 2137 significatur
1578 2085 1792 2126 Divinum

293 2146 557 2198 procedens,
597 2146 717 2199 quod
757 2147 802 2186 in
842 2159 1010 2199 genere
1046 2149 1239 2186 vocatur
1275 2145 1490 2186 Divinum
1528 2146 1701 2188 Verum
1739 2161 1791 2188 ac

295 2207 508 2249 Divinum
539 2208 730 2257 Bonum,
764 2214 811 2250 et
843 2222 922 2262 per
953 2207 1107 2249 “filios
1140 2208 1352 2250 Israelis'’
1384 2208 1696 2261 significantur
1727 2209 1792 2251 illi

293 2270 367 2324 qui
393 2270 451 2310 ab
472 2270 664 2311 ecclesia
686 2277 806 2319 sunt,
830 2271 895 2311 ita
916 2271 990 2325 qui
1012 2271 1261 2324 recipiunt;
1294 2271 1351 2312 de
1373 2270 1461 2311 illis
1486 2272 1590 2312 ideo
1612 2272 1789 2321 dicitur,

297 2331 396 2373 “Et
423 2332 527 2385 Ego
552 2332 820 2374 benedicam
846 2333 973 2374 illis.”
1034 2332 1168 2386 Quod
1197 2333 1269 2374 hic
1297 2346 1455 2374 sensus
1482 2335 1687 2375 internus
1713 2349 1792 2376 seu

293 2394 536 2448 spiritualis
553 2394 732 2436 illorum
749 2396 988 2438 verborum
1007 2396 1080 2444 sit,
1100 2402 1311 2437 constare
1330 2402 1484 2449 potest
1503 2410 1563 2437 ex
1582 2410 1650 2445 eo,
1671 2397 1791 2451 quod

293 2470 372 2510 per
389 2456 554 2498 “facies
568 2457 793 2510 Jehovae’'
808 2456 1088 2510 significetur
1102 2458 1291 2498 Divinus
1308 2457 1454 2498 Amor
1471 2472 1480 2509 ;
1509 2473 1587 2512 per
1605 2459 1791 2500 “lucere

292 2518 438 2559 facere
460 2518 592 2559 illas’'
610 2519 887 2575 significatur
909 2519 1103 2560 influxus
1127 2519 1278 2560 Divini
1297 2520 1419 2568 Veri,
1440 2528 1486 2561 et
1510 2535 1589 2574 per
1609 2521 1790 2562 “attol-

294 2580 385 2622 lere
402 2581 502 2622 illas
513 2580 533 2595 ‘⁹
547 2581 827 2635 significatur
842 2574 1036 2622 influxus
1055 2577 1206 2623 Divini
1225 2582 1352 2623 Boni.
1414 2583 1480 2624 Ut
1500 2583 1611 2624 haec
1631 2583 1791 2624 melius

293 2643 621 2697 intelligantur,
655 2644 831 2685 dicetur
866 2644 985 2685 unde
1020 2644 1107 2685 hae
1143 2644 1523 2697 significationes:
1568 2646 1791 2687 Dominus

291 2712 481 2759 apparet
513 2705 689 2759 angelis
719 2707 765 2747 in
796 2706 926 2747 caelo
956 2712 1006 2748 ut
1038 2706 1134 2757 sol;
1167 2713 1237 2748 est
1269 2708 1389 2748 enirn
1423 2707 1613 2748 Divinus
1645 2707 1792 2750 Amor

292 2767 437 2821 Ipsius
463 2768 537 2822 qui
567 2769 632 2809 ita
658 2774 874 2822 apparet;
907 2768 979 2810 hic
1006 2770 1159 2822 itaque
1182 2769 1459 2823 'intelligitur
1484 2783 1564 2823 per
1592 2770 1789 2811 “faciem

289 2829 491 2883 Jehovae
508 2830 543 2870 :'’
569 2829 649 2871 lux
667 2843 782 2884 quae
799 2831 903 2872 inde
925 2831 1130 2885 procedit
1149 2838 1220 2873 est
1244 2832 1456 2872 Divinum
1475 2831 1646 2872 Verum
1664 2845 1674 2883 ;
1701 2832 1788 2874 hoc

290 2893 443 2946 itaque
465 2898 535 2933 est
557 2893 678 2947 quod
703 2893 974 2947 intelligitur
998 2907 1078 2947 per
1102 2893 1289 2935 “lucere
1312 2894 1449 2935 saciat
1472 2894 1608 2935 facies
1629 2907 1734 2935 suas
1753 2894 1790 2935 :‘'

290 2954 414 2995 calor
444 2955 518 3008 qui
549 2955 687 2996 etiam
719 2955 823 2996 inde
855 2956 1075 3009 procedit,
1108 2962 1179 2997 est
1212 2956 1425 2997 Divinum
1458 2956 1666 3007 Bonum;
1698 2955 1787 2998 hoc

290 3015 442 3070 itaque
459 3015 729 3069 intelligitur
742 3030 821 3070 per
840 3015 1065 3059 “attollat
1086 3016 1222 3058 facies
1236 3017 1383 3067 'suas,’'
1400 3031 1479 3072 per
1499 3021 1524 3038 ‘⁴
1537 3016 1755 3060 attollere
1766 3016 1789 3034 ”
