2060 3476
629 344 736 377 CAP.
759 341 839 385 1v.‚
863 343 1000 375 VERs.
1025 342 1173 388 7.—N.
1197 332 1365 388 278[b].
1653 340 1737 384 453

244 455 425 504 dicitur,
442 459 467 476 “
481 454 594 508 Quis
611 454 839 496 excitabit
856 466 958 495 eum
975 452 1015 494 ?''
1050 464 1163 503 (Quod
1176 473 1234 502 per
1246 459 1263 472 ‘⁸
1274 464 1436 503 Jehudasn
1447 462 1464 473 ¹·
1478 463 1511 492 in
1526 463 1635 506 Yerbo
1647 463 1743 500 signi-

246 514 358 544 ficetur
372 523 506 552 regnum
521 514 655 543 caeleste
670 514 813 548 Domini,
827 513 973 542 videatur
986 522 1018 543 n.
1033 513 1124 550 3654,
1138 514 1230 550 3881,
1245 513 1334 550 5603,
1351 514 1441 549 5782,
1456 511 1553 549 6363;
1576 511 1665 548 quod
1685 519 1743 548 per

247 563 264 574 '¹
275 559 457 598 praedam,''
474 560 529 589 ubi
551 560 591 589 de
604 559 659 588 illo
672 568 772 596 regno
786 567 824 588 ac
838 559 879 587 de
894 558 1046 593 Domino,
1062 557 1254 595 significetur
1269 557 1430 595 dissipatio
1451 557 1602 586 falsorum
1624 561 1656 585 et
1677 565 1743 584 ma-

245 604 360 639 lorum,
375 614 413 635 ac
428 605 548 642 ereptio
563 609 594 633 et
607 604 751 633 liberatio
764 604 806 632 ab
820 603 952 638 inferno,
967 612 999 632 n.
1015 603 1105 641 6368,
1120 602 1218 640 6442;
1241 603 1330 639 quod
1343 611 1401 640 per
1412 604 1572 630 “curvare
1586 601 1650 635 se,''
1667 610 1741 630 cum

247 651 288 679 de
301 650 403 685 leone,
419 650 611 688 significetur
624 650 748 679 mittere
761 658 795 678 se
809 649 842 678 in
855 649 1040 687 potentiam,
1056 656 1088 678 n.
1103 648 1200 686 6369:
1223 648 1312 685 quod
1326 656 1384 685 per
1398 650 1415 661 ¹¹
1426 647 1544 676 cubare
1554 646 1572 656 '⁹
1587 645 1743 684 significe-

246 705 298 729 tur
311 705 410 730 status
428 700 603 729 securitatis
617 704 648 729 et
662 699 903 737 tranquillitatis,
919 707 950 728 n.
966 698 1071 737 3696.)
1129 687 1270 740 Apud
1295 686 1508 735 eundem,

310 779 332 791 ‘⁴
345 777 425 809 Hoc
441 783 602 818 ternpore
619 777 755 809 dicetur
767 776 902 818 Jacobo
916 782 951 808 et
970 775 1106 814 Israeli,
1124 775 1218 817 Quid
1232 774 1354 806 fecerit
1369 774 1490 806 Deus?
1521 773 1576 805 En
1590 773 1742 814 populus

421 821 512 853 sicut
529 827 630 853 vetus
647 821 704 852 leo
721 820 846 861 surgit,
862 825 898 852 et
913 820 1004 852 sicut
1020 819 1077 851 leo
1093 818 1235 860 juvenis
1249 818 1352 850 effert
1369 828 1407 850 se
1423 827 1430 857 ;
1456 827 1530 849 non
1544 817 1743 858 requiescet

423 865 536 897 donec
553 865 747 897 comederit
763 864 926 905 rapinam
937 863 956 876 ”
973 863 1100 904 (Num.
1116 863 1214 895 xxiii.
1231 871 1284 902 23,
1302 862 1357 903 24)
1371 872 1378 901 ;

248 948 296 983 et
322 942 441 995 apud
468 942 677 989 eundem,

317 1017 339 1030 ‘¹
353 1015 521 1047 Incurvat
534 1025 583 1053 se,
601 1016 720 1046 cubat.
735 1040 743 1047 .
756 1039 764 1047 .
779 1015 884 1047 .sicut
900 1015 958 1046 leo
971 1020 1085 1052 vetuS,
1102 1013 1180 1055 quis
1193 1013 1362 1045 excitabit
1374 1013 1480 1045 eum?
1526 1011 1744 1044 Benedicen-

423 1065 478 1091 tes
494 1059 558 1091 tibi
575 1057 796 1097 benedictus,
816 1058 1070 1090 maledicentes
1086 1057 1150 1090 tibi
1167 1055 1378 1089 maledictus
1389 1056 1407 1068 ”
1423 1057 1549 1097 (Num.
1563 1056 1659 1087 xxiV.
1676 1055 1730 1096 9);

249 1147 320 1188 hic
353 1147 409 1188 de
438 1145 646 1200 “Jac‘obo
672 1152 719 1187 et
751 1145 960 1195 Israele‚”
991 1160 1071 1200 per
1101 1159 1213 1199 quos
1244 1144 1524 1198 significatur
1554 1156 1744 1197 regnum

250 1209 483 1264 spirituale
514 1209 725 1260 Domini;
759 1210 967 1263 potentia
998 1209 1176 1250 illorum
1208 1208 1477 1249 describitur
1502 1221 1581 1261 per
1610 1206 1744 1248 “leo-

251 1286 354 1314 nem
376 1279 579 1314 veterem
591 1272 611 1288 '’
633 1279 679 1314 et
705 1272 991 1326 “juvenem,'’
1009 1273 1082 1326 qui
1105 1272 1264 1325 surgit,
1289 1271 1416 1312 effert
1439 1285 1502 1321 se,
1527 1277 1573 1312 et
1596 1271 1744 1311 incur-

250 1342 329 1377 vat
366 1350 440 1387 se;
483 1336 719 1390 dissipatio
755 1335 968 1376 salsorum
1006 1341 1052 1376 et
1091 1334 1312 1375 malorum
1350 1333 1631 1388 significatur
1667 1347 1746 1388 per

253 1398 531 1439 “comedere
566 1398 769 1452 rapinam
786 1398 821 1449 ;”
862 1404 909 1439 et
950 1403 1099 1439 status
1141 1397 1398 1438 securitatis
1439 1402 1487 1437 et
1523 1395 1745 1450 tranquil·

251 1460 397 1501 litatis
423 1473 503 1513 per
530 1459 749 1508 “cuba-re,
768 1460 867 1513 quis
892 1459 1120 1500 excitabit
1146 1471 1248 1499 eum
1265 1458 1304 1498 ?”
1363 1469 1475 1507 (Quod
1487 1465 1745 1508 per¹¹Jacobum

250 1527 281 1550 et
298 1521 447 1550 Israelem
458 1521 474 1530 ''
491 1521 523 1550 in
537 1521 645 1550 Verbo
659 1521 851 1559 intelligatur
864 1529 998 1558 regnum
1013 1520 1176 1558 spirituale
1192 1519 1334 1554 Domini,
1349 1519 1495 1549 videatur
1508 1528 1539 1549 n.
1552 1519 1643 1557 4286,
1655 1527 1746 1556 4570,

250 1576 340 1606 5973,
357 1566 479 1605 [¹16426,
496 1569 584 1605 8805,
599 1563 689 1606 9340]
733 1568 820 1604 Quid
834 1576 968 1605 regnum
983 1567 1118 1597 caeleste
1134 1566 1275 1601 Domini,
1291 1571 1323 1595 et
1338 1567 1416 1603 quid
1437 1575 1572 1604 regnum
1587 1566 1747 1604 spirituale

252 1618 365 1656 Ipsius,
378 1618 524 1647 videatur
540 1618 574 1646 in
596 1627 693 1656 opere
712 1619 763 1647 De
781 1618 872 1648 Caelo
886 1621 916 1647 et
924 1618 1060 1656 Inferna,
1076 1626 1107 1647 n.
1124 1616 1249 1655 20-28.)
1307 1605 1444 1659 Quod
1469 1606 1745 1646 “incurvare

251 1680 299 1708 se
311 1666 331 1682 ’'
349 1667 407 1708 sit
429 1667 473 1707 in
495 1667 751 1720 potentiam
773 1680 821 1707 se
844 1667 1041 1716 mittere,
1061 1666 1181 1720 quod
1202 1664 1439 1719 “praeda’'
1454 1671 1500 1706 et
1521 1665 1746 1719 “rapina’'

251 1730 309 1770 sit
346 1729 582 1782 dissipatio
618 1728 831 1770 falsorum
863 1734 910 1770 et
942 1728 1178 1777 malorum,
1203 1733 1249 1769 et
1276 1727 1397 1781 quod
1426 1727 1661 1768 “cubare’'
1687 1728 1745 1768 sit

251 1797 400 1832 status
423 1791 679 1832 securitatis
701 1797 748 1832 et
771 1790 1130 1844 tranquillitatis,
1151 1803 1252 1831 cum
1275 1789 1352 1831 illa
1374 1790 1430 1831 de
1454 1789 1600 1839 leone,
1619 1790 1746 1830 vide—

250 1860 352 1895 atur
377 1866 488 1894 mox
514 1867 661 1907 supra.
723 1852 863 1907 Apud
889 1853 1087 1902 Nahum,

319 1944 342 1958 ¹‘
353 1943 423 1975 Ubi
440 1948 495 1975 est
510 1942 751 1974 habitaculum
765 1943 923 1978 leonum.
940 1948 974 1974 et
988 1951 1158 1983 pascuum
1172 1943 1317 1974 leonum
1331 1942 1529 1983 juvenum?
1551 1943 1611 1974 ubi
1623 1944 1748 1974 ambu-

423 1987 512 2019 lavit
528 1987 595 2025 leo,
612 1993 715 2018 vetus
732 1987 801 2024 leo,
813 1987 950 2018 catulus
968 1987 1093 2025 leonis,
1108 1996 1173 2018 nec
1190 1992 1328 2018 terrens
1338 1986 1372 2020 ?”
1389 1986 1438 2024 (ii.
1461 1995 1500 2018 12
1519 1984 1581 2029 [B.
1596 1988 1642 2019 A.
1662 1984 1747 2028 11];)

249 2090 329 2130 per
345 2075 538 2117 “leones
549 2075 569 2090 ’'
584 2076 723 2117 etiam
740 2075 812 2117 hic
831 2075 1145 2129 significantur
1161 2077 1235 2130 qui
1253 2076 1296 2117 in
1315 2076 1525 2130 potentia
1542 2082 1648 2117 sunt
1668 2089 1747 2129 per

251 2139 464 2180 Divinum
497 2139 695 2190 Verum;
743 2153 823 2193 per
858 2138 1238 2180 “habitaculum”
1270 2152 1424 2180 eorum
1467 2138 1747 2193 significatur

249 2201 324 2242 ubi
356 2202 472 2243 tales
504 2202 548 2243 in
575 2201 795 2253 ecclesia3
828 2215 908 2256 per
936 2205 1191 2255 “pascuum
1203 2201 1222 2217 ’'
1249 2215 1403 2243 eorum
1435 2200 1748 2255 significantur

250 2265 537 2318 cognitiones
576 2265 668 2306 veri
705 2270 752 2306 et
792 2265 899 2306 boni
917 2279 935 2316 ς·
975 2279 1055 2318 per
1093 2264 1383 2306 “ambulavit
1419 2278 1502 2306 nec
1539 2264 1747 2306 terrens”

250 2327 528 2381 significatur
545 2334 693 2369 status
711 2329 970 2370 securitatis
988 2341 1143 2369 eorum
1161 2343 1187 2369 a
1204 2327 1328 2370 falsis
1350 2333 1396 2370 et
1419 2327 1563 2369 malis.
1607 2327 1747 2382 Apud

180 2414 187 2422 ·
248 2390 461 2440 Micham,

319 2482 341 2495 ‘⁸
353 2480 465 2512 Erunt
481 2481 650 2523 reliquiae
663 2481 789 2523 Jacobi
807 2481 844 2512 in
862 2481 981 2513 medio
995 2481 1209 2522 populorum
1223 2481 1428 2520 multorum,
1445 2481 1537 2513 sicut
1553 2491 1612 2513 ros
1629 2491 1651 2512 a
1667 2491 1746 2512 cum

423 2524 598 2566 Jehovah,
614 2525 705 2556 sicut
721 2530 842 2565 guttae
859 2535 966 2565 super
982 2525 1092 2556 herba
1095 2550 1187 2563 .....
1196 2525 1286 2557 sicut
1298 2525 1355 2557 leo
1369 2524 1462 2557 inter
1474 2525 1608 2557 bestias
1621 2525 1744 2562 silvae,

424 2568 516 2600 sicut
532 2568 588 2600 leo
604 2568 747 2609 juvenis
764 2568 857 2601 inter
868 2578 996 2609 greges
1013 2569 1147 2607 ovium,
1163 2569 1223 2610 qui
1240 2569 1271 2600 si
1287 2569 1504 2608 transiverit,
1525 2569 1748 2600 conculcabit

424 2618 459 2643 et
475 2612 667 2652 disperget,
687 2618 726 2644 ut
749 2622 823 2643 non
840 2612 996 2652 eripiens
1010 2622 1017 2650 ;
1042 2612 1256 2644 exaltabitur
1273 2623 1401 2645 manus
1417 2619 1479 2645 tua
1495 2622 1602 2654 super
1624 2613 1746 2643 hostes

424 2662 516 2693 tuos,
537 2661 572 2687 et
589 2665 715 2687 omnes
732 2655 866 2687 inimici
883 2656 933 2687 tui
951 2655 1233 2688 exscindentur”
1249 2656 1297 2696 (V.
1311 2657 1375 2688 6-8
1395 2654 1456 2699 [B.
1472 2657 1519 2689 A.
1532 2654 1631 2697 ·7-9])
1645 2666 1652 2694 3

250 2758 327 2798 per
347 2743 595 2798 “reliquias
615 2743 806 2797 Jacobi”
828 2743 1140 2798 significantur
1161 2759 1268 2786 vera
1286 2751 1332 2786 et
1355 2745 1475 2786 bona
1497 2744 1716 2786 ecclesiae
1735 2758 1744 2794 ;

248 2821 327 2860 per
355 2810 539 2847 “rorem
568 2820 594 2846 a
623 2806 861 2859 Jehovah”
887 2805 1167 2859 significatur
1192 2821 1346 2848 verum
1374 2807 1632 2861 spirituale;
1667 2821 1746 2860 per

250 2872 470 2922 “guttam
493 2882 626 2922 super
647 2868 826 2917 herba‚”
849 2882 1004 2909 verum
1027 2869 1258 2920 naturale;
1292 2883 1371 2923 per
1390 2869 1608 2910 “leonem
1626 2870 1746 2910 inter

248 2931 418 2972 bestias
440 2930 581 2971 silvae
596 2930 616 2945 ‘’
642 2937 689 2972 et
715 2945 795 2984 per
823 2930 1040 2972 “leonem
1067 2930 1278 2984 juvenem
1305 2933 1423 2973 inter
1453 2945 1618 2985 greges
1646 2932 1742 2972 ovi-

342 2992 362 3009 ’7

251 3006 337 3043 um,
393 3004 444 3034 ac
482 3007 561 3047 per
595 2992 900 3035 “conculcare
932 3000 978 3035 et
1011 2994 1272 3048 dispergere
1305 3001 1353 3036 ut
1388 3008 1477 3035 non
1511 2994 1744 3048 eripiens,''
