2060 3476
303 373 385 426 642
715 383 1047 418 APOCALYPSIS
1078 385 1379 418 EXPLICATA.

302 504 411 539 ticum.
425 504 523 534 videri
538 510 643 543 potest
653 505 675 544 ;)
699 499 828 537 “non
849 497 939 547 erit
962 497 1007 537 in
1032 502 1080 538 te
1104 497 1369 538 infecundus
1391 503 1437 538 et
1462 497 1716 548 infecunda,
1737 504 1786 541 et

302 555 345 596 in
372 555 518 596 bestia
540 556 655 606 tua,'’
677 557 900 610 significat
923 558 1346 612 multiplicationem
1367 559 1459 599 veri
1480 565 1527 600 et
1549 556 1786 601 fructifica-

303 618 473 659 tionem
496 618 601 660 boni
623 619 667 660 in
685 619 863 661 interno
880 626 926 662 et
945 627 1139 662 externo
1156 620 1338 662 homine
1355 634 1364 671 3
1398 627 1444 662 et
1462 621 1582 675 quod
1602 625 1786 663 “remo-
1808 649 1811 652 -

302 680 425 721 vebit
437 681 644 734 Jehovah
662 695 843 724 omnem
862 683 1067 724 morbum
1085 689 1131 724 et
1150 696 1308 724 omnes
1326 682 1566 736 languores
1581 683 1787 738 Aegypti

302 743 486 793 malos‚'’
504 743 728 798 significat
743 746 1044 786 remotionem
1060 746 1260 786 omnium
1278 745 1497 787 malorum
1514 753 1560 788 et
1574 746 1785 788 falsorum

305 805 605 859 (“languores
631 807 837 861 Aegypti
863 807 967 848 mali
981 807 999 823 ’'
1022 814 1126 849 sunt
1151 807 1263 849 salsa
1289 808 1476 850 oriunda
1501 823 1560 850 ex
1586 809 1716 850 malis
1741 809 1785 850 in

302 868 493 910 naturali
516 869 719 924 homine)
739 884 747 921 ;
783 874 974 912 “osores
986 870 1005 886 '’
1022 884 1155 924 super
1171 884 1282 924 quos
1298 870 1503 924 Jehovah
1522 871 1646 913 dabit
1668 871 1784 921 illos,

302 938 406 973 sunt
442 932 515 986 qui
553 938 712 973 contra
743 946 849 974 vera
885 946 936 974 ac
974 933 1094 974 bona
1131 933 1350 974 ecelesiae
1385 940 1515 984 sunt;
1553 934 1786 988 dissipatio

302 993 521 1035 malorum
553 1001 599 1036 et
630 995 842 1036 falsorum
869 1009 983 1049 quae
1015 1001 1175 1037 contra
1203 1010 1309 1037 vera
1340 1002 1386 1037 et
1417 996 1537 1037 bona
1567 996 1786 1037 ecclesiae

301 1063 419 1106 sunt,
438 1057 716 1110 significatur
733 1071 810 1111 per
830 1061 855 1078 “
869 1058 1120 1099 Consumes
1138 1071 1294 1099 omnes
1313 1057 1503 1112 populos
1520 1072 1631 1112 quos
1647 1058 1785 1112 Jeho-

301 1119 388 1160 vah
422 1119 544 1161 Deus
570 1120 815 1161 traditurus
841 1120 962 1170 tibi,”
987 1127 1033 1162 et
1060 1121 1247 1162 evitatio
1279 1134 1431 1161 eorum
1463 1121 1678 1162 continua
1709 1134 1787 1174 per

303 1182 445 1223 “Non
467 1189 623 1236 parcet
646 1182 800 1224 oculus
824 1189 925 1225 tuus
947 1183 1010 1224 eis
1026 1183 1060 1224 :’'
1090 1183 1209 1237 quod
1231 1197 1309 1237 per
1327 1183 1438 1224 haec
1462 1183 1788 1225 benedicantur

300 1244 362 1285 illi
384 1245 457 1299 qui
483 1245 650 1286 faciunt
677 1252 920 1300 praecepta
943 1246 1138 1295 Domini,
1163 1246 1430 1299 intelligitur
1452 1259 1530 1300 per
1555 1244 1638 1286 “Si
1660 1245 1785 1286 audi-

300 1308 452 1348 veritis
478 1307 643 1361 judicia
674 1308 785 1350 haec
813 1315 861 1350 ut
887 1309 1155 1350 custodiatis
1182 1315 1227 1350 et
1258 1309 1432 1350 faciatis
1464 1322 1530 1357 ea,
1559 1307 1785 1350 custodiet

298 1370 504 1423 Jehovah
529 1370 652 1412 Deus
675 1377 776 1412 tuus
800 1372 881 1412 tibi
906 1371 1062 1412 foedus
1084 1377 1130 1413 et
1156 1372 1518 1420 misericordiam,
1543 1371 1712 1411 amabit
1739 1376 1786 1411 te

300 1439 346 1474 et
360 1433 599 1475 benedicet
614 1434 694 1476 tibi
710 1447 719 1475 t
751 1434 942 1476 “foedus
960 1440 1006 1476 et
1025 1435 1327 1476 misericordia
1339 1434 1358 1449 ’'
1373 1440 1443 1475 est
1458 1431 1712 1486 conjunctio
1726 1447 1786 1475 ex

300 1509 453 1537 amore
475 1510 553 1550 per
570 1496 672 1547 illa;
706 1495 961 1550 conjunctio
985 1511 1063 1551 per
1084 1497 1251 1538 bonum
1274 1490 1540 1549 intelligitur
1557 1509 1635 1549 per
1654 1496 1785 1537 “foe-

300 1559 381 1599 dus
392 1559 411 1574 '’
437 1565 482 1600 et
509 1573 588 1613 per
615 1559 862 1609 “amabit,'’
890 1566 936 1601 et
963 1558 1216 1612 conjunctio
1242 1573 1320 1613 per
1344 1572 1497 1600 verum
1523 1559 1626 1599 inde
1651 1558 1785 1600 intel-

300 1621 452 1676 ligitur
473 1637 551 1676 per
575 1623 964 1664 “misericordiam
977 1623 996 1638 ”
1018 1629 1064 1664 et
1087 1637 1165 1677 per
1189 1623 1465 1664 “benedicet
1489 1621 1606 1664 tibi.''
1646 1621 1785 1676 Apud

300 1685 508 1735 eundem,

367 1781 594 1813 “Benedicet
618 1782 680 1813 tibi
703 1780 1010 1814 benedictionibus
1034 1782 1121 1813 caeli
1145 1782 1307 1822 desuper.
1333 1779 1640 1813 benedictionibus
1663 1780 1785 1822 abyssi

472 1826 633 1857 cubantis
650 1825 752 1864 infra,
773 1824 1081 1857 benedictionibus
1097 1826 1244 1857 uberum
1262 1830 1297 1857 et
1312 1824 1430 1857 uteri’'
1447 1824 1575 1865 (Genes.
1589 1825 1673 1857 xlix.
1688 1823 1762 1864 25);

298 1919 410 1960 haec
429 1919 485 1960 de
500 1919 714 1973 josepho,
734 1933 812 1973 per
829 1933 960 1974 quem
979 1920 1037 1960 ibi
1055 1919 1332 1973 significatur
1348 1932 1536 1972 regnum
1554 1918 1784 1972 spirituale

300 1982 507 2033 Domini3
535 1989 581 2024 et
605 1997 683 2036 per
703 1981 1080 2024 “benedictiones
1099 1982 1211 2023 caeli
1234 1982 1423 2035 desuper
1434 1981 1452 1997 ’'
1469 1981 1784 2034 intelliguntur

299 2045 698 2098 multiplicationes
723 2046 815 2086 veri
842 2060 900 2086 ex
927 2046 1048 2086 bono
1074 2046 1117 2086 in
1144 2045 1321 2086 interno
1348 2058 1425 2085 seu
1451 2043 1668 2097 spirituali
1699 2043 1782 2084 ho·

299 2108 416 2148 mine
434 2122 443 2158 ;
476 2122 553 2162 per
574 2107 949 2150 “benedictiones
968 2108 1118 2160 abyssi
1136 2108 1340 2148 cubantis
1362 2107 1473 2147 infra
1485 2106 1504 2122 ''
1520 2106 1782 2160 intelligun-

298 2176 369 2211 tur
395 2171 797 2224 multiplicationes
823 2171 916 2211 veri
947 2185 1006 2211 ex
1038 2171 1159 2211 bono
1189 2171 1233 2210 in
1265 2176 1458 2210 externo
1486 2183 1564 2209 seu
1590 2168 1783 2209 naturali

297 2232 479 2274 homine
496 2248 505 2284 ;
524 2240 570 2274 et
585 2247 662 2287 per
677 2237 703 2254 “
715 2232 1053 2274 benedictiones
1068 2233 1251 2274 uberum
1266 2239 1311 2273 et
1326 2231 1461 2273 uteri’‘
1475 2231 1784 2285 significantur

297 2296 417 2336 bona
442 2295 688 2349 spiritualia
713 2302 759 2337 et
787 2295 1015 2336 caelestia.
1075 2295 1213 2349 Apud
1239 2294 1422 2344 Joelem,

366 2391 488 2432 “Quis
507 2391 596 2424 scit?
649 2391 860 2423 Revertatur
879 2397 914 2422 et
934 2391 1127 2431 paenitebit
1137 2390 1155 2403 ”
1175 2390 1348 2432 Jehovam
1370 2390 1496 2428 Deum,
1523 2391 1591 2422 “et
1610 2390 1785 2431 relinquet

472 2441 553 2475 post
570 2435 614 2466 Se
631 2433 928 2481 benedictionem,
946 2435 1124 2465 mincham
1141 2440 1176 2466 et
1193 2434 1347 2465 libamen
1360 2433 1517 2475 Jehovae
1536 2433 1613 2465 Deo
1630 2439 1753 2465 nostro
1765 2433 1783 2446 '⁹

471 2477 519 2518 (ii-
537 2478 589 2519 14)
602 2483 620 2511 τ’

297 2571 399 2625 quia
416 2584 494 2634 per
510 2573 535 2591 “
548 2568 911 2611 benedictionem
923 2570 942 2585 '’
960 2569 1236 2623 significatur
1252 2568 1507 2612 benedictio
1525 2569 1780 2623 spiritualis,

297 2647 410 2688 quae
432 2634 476 2673 in
498 2646 666 2687 genere
688 2647 736 2674 se
758 2633 892 2674 refert
915 2633 972 2673 ad
994 2633 1162 2673 bonum
1185 2638 1230 2673 et
1249 2646 1417 2681 verum,
1437 2633 1556 2686 quod
1578 2632 1782 2686 procedit

298 2710 324 2737 a
355 2696 553 2737 Domino
582 2702 629 2737 et
656 2696 788 2737 datur
819 2696 1003 2744 homini,
1031 2696 1132 2736 ideo
1159 2696 1333 2745 dicitur,
1365 2695 1647 2749 “Relinquet
1678 2701 1782 2749 post

298 2758 356 2800 Se
387 2757 764 2807 benedictionem,
798 2758 1025 2799 mincham
1058 2764 1104 2799 et
1140 2758 1420 2799 libamen..-.
1439 2758 1539 2798 Deo
1575 2764 1732 2798 nostro
1749 2757 1783 2808 ;”

301 2821 549 2862 “mincha''
571 2835 684 2876 quae
710 2827 806 2862 erat
834 2822 961 2874 panis
988 2820 1210 2874 significat
1235 2820 1417 2870 bonum,
1446 2827 1492 2862 et
1518 2819 1783 2861 “libamen”

297 2884 417 2938 quod
454 2889 551 2924 erat
582 2884 733 2924 vinum
766 2883 989 2936 significat
1021 2896 1188 2933 verum,
1222 2889 1458 2937 utrumque
1490 2897 1516 2924 a
1553 2882 1780 2935 Domin0;

299 2959 402 2989 nam
427 2947 588 2988 dicitur
613 2960 639 2987 a
667 2946 805 2987 “Deo
832 2946 1029 2988 nostro.’'
