2060 3476
332 363 417 418 636
744 372 1076 407 APOCALYPSIS
1107 373 1405 406 EXPLICATA.

332 487 442 528 talia
463 486 700 541 significet,
724 493 934 529 constare
960 493 1113 541 potest
1139 501 1165 528 a
1191 487 1301 528 locis
1324 487 1383 528 ibi
1410 487 1453 528 in
1480 501 1612 528 sensu
1638 487 1816 529 interno

331 549 575 592 intellectis
592 564 601 601 ;
634 556 682 592 at
704 551 894 604 primum
917 551 1198 592 adducentur
1215 550 1364 604 aliqua
1385 549 1486 591 loca
1507 550 1581 591 ubi
1603 550 1658 591 de
1678 549 1816 603 Jeho-

331 613 434 662 vah,
448 613 533 654 hoc
546 619 630 662 est,
651 613 862 663 Domino,
882 613 1044 654 dicitur
1061 617 1086 633 “
1099 611 1370 654 Benedictus
1381 612 1400 627 '¹
1416 618 1462 653 et
1476 615 1502 632 ‘⁴
1516 610 1817 661 Benedictio?

331 682 377 717 et
403 676 477 716 ubi
503 675 664 717 dicitur
688 675 1000 717 “Benedicere
1027 675 1166 721 Deo.’'
1189 681 1237 716 ut
1263 675 1469 716 videatur
1492 675 1611 728 quod
1638 688 1716 728 per
1740 674 1818 716 illa

331 739 607 792 significetur
629 739 817 792 agnitio,
841 737 1110 792 glorificatio
1134 744 1180 779 et
1207 738 1453 791 gratiarum
1475 736 1593 778 actio
1615 737 1734 791 quod
1760 737 1818 778 ab

332 801 438 855 Ipso
459 802 517 842 sit
540 814 673 842 omne
699 801 867 842 bonum
893 807 940 842 et
962 813 1130 850 verum,
1155 807 1201 842 et
1227 800 1331 842 inde
1353 799 1528 846 caelum
1554 806 1600 841 et
1626 800 1818 842 felicitas

330 870 517 906 aeterna
541 864 628 905 illis
654 865 728 918 qui
751 865 972 918 recipiunt
989 862 1198 917 z—Apud
1223 863 1400 923 Lucam,

400 953 608 994 “Apertum
628 959 683 984 est
702 962 743 984 os
755 952 773 965 ''
791 952 992 990 Sachariae,
1018 953 1086 983 “et
1108 951 1247 983 locutus
1264 957 1318 983 est
1341 951 1556 984 benedicens
1574 951 1651 983 Deo
1664 950 1710 990 ;”.
1725 975 1733 984 .
1746 976 1753 984 .
1768 957 1819 984 ‚et

504 996 603 1034 dixit,
627 998 649 1011 ⁴⁴
662 994 877 1028 Benedictus
902 995 1080 1027 Dominus
1106 995 1202 1027 Deus
1222 995 1376 1034 Israelis,
1399 995 1483 1037 quia
1498 995 1660 1027 visitavit
1676 1000 1711 1027 et
1734 995 1819 1027 fecit
1837 1004 1839 1006 ’

504 1040 786 1080 redemptionem
804 1039 938 1080 populo
955 1038 1050 1071 suo''
1067 1039 1103 1078 (i.
1119 1039 1172 1078 64,
1189 1039 1264 1080 68):

330 1122 416 1163 hoc
449 1121 566 1163 dixit
599 1119 835 1162 §acharias
867 1133 968 1162 cum
999 1120 1211 1175 impletus
1244 1120 1411 1175 Spiritu
1441 1120 1732 1175 prophetavit
1761 1120 1818 1161 de

331 1185 542 1234 Domino,
582 1191 627 1226 et
669 1198 747 1238 per
785 1184 1096 1226 “benedicens
1137 1184 1266 1226 Deo”
1303 1191 1349 1226 et
1390 1198 1469 1238 per
1507 1187 1532 1204 “
1547 1181 1818 1225 Benedffitus

332 1247 552 1288 Dominus
568 1247 690 1288 Deus
706 1246 923 1296 Israelis‚”
937 1246 1214 1300 significatur
1227 1247 1496 1300 glorificatio
1510 1253 1556 1288 et
1571 1247 1818 1300 gratiarum
1837 1271 1840 1274 -

330 1309 449 1352 actio
471 1310 590 1364 quod
617 1309 778 1351 liberet
804 1316 850 1351 et
873 1310 1072 1351 vindicet
1099 1309 1156 1351 ab
1179 1310 1351 1351 inferno
1376 1309 1478 1351 illos
1499 1310 1573 1363 qui
1598 1310 1818 1363 recipiunt
1884 1360 1885 1363 Ἴ

332 1373 484 1426 Ipsum
502 1387 511 1424 ;
535 1387 670 1427 quare
685 1373 823 1414 etiam
837 1373 1013 1423 dicitur,
1032 1374 1162 1427 “quia
1175 1374 1376 1414 visitavit
1395 1379 1440 1414 et
1458 1373 1818 1426 redemptionem

331 1436 435 1477 fecit
458 1435 625 1489 populo
647 1435 759 1476 suo''
783 1435 965 1487 Israeli;
998 1449 1076 1490 per
1096 1435 1524 1490 “redemptionem''
1542 1434 1820 1488 significatur

332 1499 538 1540 liberatio
552 1498 609 1539 ab
622 1498 808 1548 inferno,
825 1504 870 1539 et
889 1512 967 1552 per
984 1498 1236 1552 “populum
1251 1512 1378 1539 suum
1390 1498 1409 1513 ”
1424 1497 1732 1551 significantur
1746 1497 1819 1551 qui

331 1563 375 1603 in
400 1562 515 1603 veris
542 1576 601 1603 ex
633 1561 753 1602 bono
779 1568 898 1610 sunt,
926 1562 990 1603 ita
1015 1563 1089 1616 qui
1119 1562 1353 1616 recipiunt.
1417 1560 1572 1615 (Quod
1604 1574 1683 1614 per
1711 1564 1819 1601 “re-

331 1625 642 1678 demptionem
654 1624 673 1640 ’'
691 1623 967 1678 significetur
989 1623 1195 1665 liberatio
1217 1631 1264 1666 et
1286 1624 1531 1665 vindicatio
1553 1623 1610 1664 ab
1631 1623 1817 1671 inferno,

331 1688 537 1728 videatur
554 1701 700 1741 supra,
721 1701 761 1728 n.
783 1689 862 1740 328
879 1701 888 1739 ;
916 1693 962 1728 et
980 1687 1099 1741 quod
1118 1701 1196 1741 per
1213 1686 1464 1740 “populum
1477 1686 1496 1702 ''
1511 1685 1820 1740 significentur

332 1751 405 1804 qui
419 1751 463 1791 in
474 1751 589 1791 veris
601 1764 660 1791 ex
673 1750 793 1791 bono
806 1757 925 1799 sunt,
940 1751 1077 1791 etiam
1092 1764 1238 1804 supra,
1253 1763 1293 1790 n.
1308 1761 1358 1802 33
1369 1748 1422 1804 1.)
1457 1748 1594 1803 Apud
1609 1749 1817 1796 eundern,

405 1839 549 1875 Simeon
567 1839 722 1880 suscepit
741 1839 863 1881 Jesum
885 1839 1058 1871 infantem
1079 1839 1115 1870 in
1132 1839 1236 1871 ulnas
1253 1849 1349 1877 suas,
1373 1839 1441 1870 “et
1459 1837 1642 1870 benedixit
1661 1837 1760 1876 Deo;
1785 1843 1821 1869 et

504 1883 604 1921 dixit,
615 1908 622 1915 .
638 1908 645 1915 .
659 1908 666 1915 .
681 1883 872 1915 .Viderunt
899 1883 991 1914 oculi
1019 1883 1089 1914 mei
1118 1883 1269 1914 salutem
1298 1888 1408 1920 tuam,
1436 1891 1542 1924 quam
1574 1881 1708 1922 parasti
1736 1887 1820 1913 ante

504 1927 633 1958 faciem
652 1926 812 1958 omnium
830 1926 1043 1967 populorum
1055 1926 1074 1938 ’'
1091 1926 1138 1966 (ii.
1156 1927 1208 1964 28,
1224 1934 1276 1965 30,
1292 1926 1365 1966 31):

331 2010 403 2051 hic
433 2010 739 2051 “benedicere
772 2009 871 2050 Deo
883 2009 902 2024 ''
927 2009 1164 2050 manifeste
1193 2023 1273 2063 pro
1299 2007 1549 2062 glorificare
1575 2014 1621 2049 et
1647 2008 1818 2061 gratias

331 2087 480 2128 agere,
500 2074 619 2127 quod
643 2074 862 2114 Dominus
885 2074 928 2114 in
952 2073 1167 2114 mundum
1189 2073 1362 2114 venerit
1385 2072 1638 2113 salvaturus
1661 2085 1819 2113 omnes

331 2137 405 2191 qui
422 2138 642 2190 recipiunt
662 2137 814 2190 Ipsum
833 2150 841 2187 ;
869 2150 1005 2190 quare
1024 2136 1269 2176 Dominum
1285 2141 1419 2176 vocat
1438 2138 1463 2156 “
1476 2135 1670 2195 salutem
1684 2148 1819 2189 quam

332 2199 448 2240 oculi
471 2201 536 2240 sui
554 2200 784 2247 videbant,
804 2212 937 2252 quam
961 2205 1090 2252 parat
1108 2199 1314 2240 omnibus
1337 2197 1512 2251 populis
1529 2197 1563 2249 ;”
1597 2197 1819 2252 “populi’'

333 2263 477 2316 Ipsius
503 2263 711 2303 dicuntur
736 2263 810 2316 qui
840 2263 885 2303 in
913 2263 1028 2303 veris
1060 2276 1119 2302 ex
1151 2262 1271 2302 bono
1302 2268 1421 2310 sunt,
1449 2262 1514 2302 ita
1539 2261 1612 2315 qui
1643 2275 1721 2315 per
1741 2260 1820 2302 illa

332 2326 550 2379 recipiunt
578 2325 730 2379 Ipsum
760 2324 828 2378 (ut
854 2323 1022 2379 supra).
1083 2323 1222 2378 Apud
1249 2324 1487 2373 Davidem,

400 2414 607 2446 “Viderunt
629 2423 773 2454 gressus
798 2419 890 2451 tuos,
919 2413 1016 2445 Deus
1031 2423 1053 2451 ;.
1069 2438 1097 2445 ..
1112 2419 1399 2454 .praecesserunt
1423 2419 1611 2445 cantantes
1637 2418 1720 2454 post
1742 2412 1821 2454 pul-

444 2474 446 2479 ι
505 2463 640 2495 santes,
663 2458 699 2489 in
719 2458 838 2489 medio
856 2457 1036 2498 virginum
1057 2457 1399 2498 tympanizantium;
1424 2457 1461 2488 in
1478 2457 1819 2497 congregationibus

505 2501 706 2532 benedicite
732 2501 821 2539 Deo,
850 2500 1009 2532 Domino
1033 2510 1052 2532 e
1076 2500 1176 2532 fonte
1201 2498 1389 2533 [¹1salutis”
1413 2499 1559 2540 (Psalm.
1578 2500 1689 2532 lxviii.
1711 2507 1819 2539 25-27

507 2543 567 2586 [B.
581 2545 627 2577 A.
643 2542 799 2586 24-26]):

334 2629 419 2669 “in
458 2627 888 2681 congregationibus
928 2627 1196 2668 benedicere
1236 2627 1349 2676 Deo,
1392 2626 1589 2667 Domino
1628 2640 1653 2667 e
1692 2625 1818 2667 fonte

332 2688 564 2739 1¹¹sa1utis,”
586 2689 812 2743 significat
839 2689 1090 2742 glorificare
1117 2689 1362 2730 Dominum
1387 2703 1447 2730 ex
1469 2689 1585 2730 veris
1607 2689 1817 2742 spiritua-

331 2753 459 2802 libus,
492 2765 605 2807 quae
637 2758 741 2793 sunt
773 2766 879 2793 vera
909 2767 973 2797 ex
1000 2753 1147 2803 bono;
1180 2766 1259 2806 per
1289 2750 1742 2805 “congregationes’'
1772 2751 1818 2791 in

331 2815 486 2856 Verbo
512 2815 656 2856 simile
683 2814 961 2867 significatur
986 2815 1106 2868 quod
1137 2828 1215 2868 per
1243 2813 1534 2868 “populum,”
1561 2827 1722 2867 nempe
1753 2813 1817 2855 illi

329 2880 403 2933 qui
434 2880 478 2919 in
503 2879 619 2919 veris
645 2877 947 2931 spiritualibus
976 2884 1095 2927 sunt,
1124 2884 1170 2918 et
1196 2875 1424 2918 abstraaeffie
1455 2878 1551 2930 ipsa
1581 2876 1658 2917 illa
1683 2891 1815 2927 vera;

329 2948 375 2982 et
416 2955 494 2994 per
536 2944 561 2961 “
577 2940 750 2981 fontem
790 2937 1015 2981 [¹³salutis’'
1047 2939 1325 2993 significatur
1359 2939 1527 2980 bonum
1568 2939 1813 2993 spirituale,

329 3004 539 3058 quoniam
557 3003 692 3058 perid
710 3009 779 3044 est
795 3002 913 3044 salus
931 3017 940 3055 ;
968 3003 1135 3044 bonum
1150 3001 1380 3057 spirituale
1397 3008 1467 3044 est
1485 3002 1652 3043 bonum
1668 3002 1811 3043 chari·
