2060 3476
661 394 768 429 cAP.
790 393 851 435 v.,
874 393 1013 426 VERs.
1035 392 1182 438 9.-Ν,
1208 381 1373 437 329[b].
1680 381 1765 434 609

272 510 392 566 quod
427 509 588 552 “Caro
601 508 621 524 '¹
652 507 836 550 Domini
868 507 926 548 sit
958 506 1172 547 Divinum
1206 505 1382 546 Bonum
1415 510 1461 546 et
1496 502 1730 557 “Sanguis
1744 500 1764 516 '‘

273 574 487 616 Divinum
509 572 696 621 Verum,
716 578 953 624 utrumque
975 569 1033 610 ab
1055 569 1175 622 Ipso,
1201 574 1412 608 constare
1434 573 1589 621 potest
1612 580 1671 607 ex
1693 580 1762 614 eo,

273 637 392 691 quod
423 636 501 677 illa
531 636 622 677 sint
648 648 762 689 quae
788 634 990 674 nutriunt
1016 633 1214 672 animam
1230 645 1240 681 ;
1272 631 1376 671 inde
1402 631 1579 679 dicitur,
1610 629 1766 671 “Caro

273 713 375 741 mea
406 706 476 740 est
508 713 613 739 vere
643 698 768 739 cibus
800 703 846 738 et
878 695 1071 749 Sanguis
1103 707 1228 735 meus
1260 700 1331 735 est
1363 707 1468 734 vere
1499 700 1633 747 potus
1650 693 1684 744 ;'’
1720 700 1767 734 et

273 763 376 816 quia
414 762 554 803 homo
593 775 672 814 per
712 760 924 801 Divinum
966 759 1142 799 Bonum
1183 763 1230 798 et
1267 756 1439 797 Verum
1480 756 1766 809 conjungitur

272 825 485 874 Domino,
513 825 616 865 ideo
642 824 780 865 etiam
806 823 983 871 dicitur,
1014 821 1142 874 “Qui
1168 820 1368 862 comedit
1396 819 1591 861 Carnem
1618 833 1766 860 meam

271 894 319 929 et
355 888 468 928 bibit
505 887 783 940 Sanguinem
820 898 984 934 meum,
1017 884 1205 925 habebit
1235 884 1377 924 vitam
1414 883 1688 931 aeternam,'’
1719 890 1766 924 et

271 964 462 1004 quoque,
499 951 581 991 “in
613 950 688 990 Me
720 955 876 990 manet
908 954 954 989 et
987 948 1090 1001 Ego
1121 948 1166 988 in
1198 946 1314 988 illo.”
1375 945 1510 999 Quod
1545 946 1766 986 Dominus

271 1014 336 1055 ita
372 1013 551 1054 locutus
589 1013 662 1062 sit,
696 1026 859 1066 nempe
896 1011 1017 1065 quod
1054 1011 1221 1052 dixerit
1261 1009 1526 1051 “Carnem”
1557 1022 1683 1050 suam
1720 1016 1767 1050 et

274 1075 593 1129 “Sanguinem
608 1075 629 1090 '’
669 1089 812 1123 suum,
855 1081 902 1116 et
943 1087 1034 1115 non
1075 1074 1289 1115 Divinum
1329 1073 1506 1114 Bonum
1547 1086 1675 1113 suum
1715 1086 1766 1113 ac

272 1140 486 1181 Divinum
512 1139 684 1180 Verum
716 1138 867 1187 suum,·
886 1144 957 1179 est
989 1144 1038 1178 ut
1069 1151 1228 1178 sensus
1260 1137 1443 1178 litterae
1472 1136 1614 1178 Verbi
1645 1143 1767 1177 esset

271 1217 332 1245 ex
357 1202 524 1244 talibus
549 1216 664 1256 quae
690 1201 1049 1254 correspondent
1076 1200 1381 1254 spiritualibus
1406 1201 1450 1241 in
1477 1200 1636 1254 quibus
1662 1206 1767 1240 sunt

271 1267 449 1320 angeli;
490 1266 595 1307 inde
632 1263 890 1317 conjunctio
926 1264 1159 1305 hominum
1197 1263 1417 1306 ecclesiae
1454 1277 1534 1317 per
1564 1263 1766 1304 Verbum

273 1342 376 1371 cum
410 1327 515 1376 illis,
549 1340 664 1380 quae
700 1326 870 1379 alioqui
905 1339 996 1366 non
1031 1325 1149 1366 foret
1175 1336 1334 1374 (videatur
1354 1337 1510 1365 Domina
1529 1337 1639 1365 Novae
1658 1336 1771 1365 Hiero-

270 1394 414 1431 solymae,
424 1401 456 1421 n.
469 1399 538 1428 252,
553 1391 710 1427 258—262;
730 1390 805 1419 etin
817 1398 914 1427 opere
927 1390 978 1418 De
994 1390 1084 1418 Caelo
1095 1393 1126 1418 et
1136 1390 1272 1428 Inferna.
1286 1399 1316 1419 n.
1330 1390 1499 1427 303-310).
1536 1378 1766 1431 Quoniam

276 1443 499 1496 “sanguis
511 1442 530 1457 ’'
550 1440 776 1494 significat
799 1440 1012 1481 Divinum
1036 1440 1207 1481 Verum
1231 1441 1482 1494 procedens
1504 1454 1530 1481 a
1554 1440 1765 1486 Domino,

273 1513 320 1548 et
361 1519 440 1559 per
475 1505 785 1558 receptionem
826 1502 919 1556 ejus
959 1503 1017 1543 ab
1056 1502 1240 1543 homine
1280 1502 1330 1544 fit
1371 1501 1627 1556 conjunctio
1667 1516 1768 1543 cum

274 1569 488 1616 Domino,
508 1567 611 1608 ideo
629 1567 812 1619 sanguis
829 1572 1019 1620 vocatur
1039 1565 1270 1619 “Sanguis
1292 1566 1522 1614 foederis,''
1543 1570 1568 1586 ‘⁴
1581 1565 1769 1607 foedus‘'

273 1633 394 1674 enim
419 1630 646 1684 significat
669 1628 1055 1683 conjunctionem:
1109 1628 1302 1682 Sanguis
1324 1637 1513 1670 vocatur
1538 1629 1768 1683 “Sanguis

274 1694 496 1736 foederis”
522 1707 549 1734 a
581 1693 780 1734 Domino
812 1706 913 1734 cum
946 1693 1143 1733 instituit
1176 1691 1390 1734 Sanctam
1418 1692 1616 1741 Cenam:
1652 1693 1768 1733 dixit

275 1770 410 1806 emm,

335 1841 488 1875 “Bibite
506 1852 551 1874 ex
569 1852 613 1874 eo
632 1852 770 1881 omnes,
789 1842 858 1874 hoe
877 1842 973 1873 enim
993 1847 1048 1873 est
1072 1841 1228 1882 Sanguis
1249 1851 1349 1873 meus
1371 1840 1466 1873 Novi
1487 1840 1655 1872 Foederis
1668 1839 1687 1852 ’¹
1707 1849 1772 1872 seu

443 1886 466 1901 “
476 1886 698 1918 Testamenti
709 1885 728 1898 ”
737 1886 880 1926 (Matth.
891 1885 986 1917 xxvi.
1000 1882 1085 1927 [27,]
1102 1885 1142 1916 28
1156 1894 1163 1923 ;
1188 1886 1299 1917 Marc.
1311 1885 1382 1917 xiv.
1395 1893 1436 1924 24
1449 1894 1457 1923 ;
1481 1884 1565 1917 Luc.
1578 1884 1661 1916 xxii.
1671 1881 1773 1926 (¹120),

276 1973 484 2015 Vocatur
505 1974 645 2015 etiam
666 1978 692 1994 ‘⁴
706 1973 899 2028 Sanguis
921 1975 1114 2016 foederis
1127 1975 1147 1990 ’⁹
1168 1976 1286 2029 apud
1310 1975 1487 2025 Mosen,
1512 1977 1585 2017 ubi
1608 1977 1720 2018 haec
1738 1991 1746 2017 :

345 2074 486 2107 “Venit
511 2074 633 2106 Moses
644 2074 662 2086 '’
683 2085 727 2107 ex
753 2074 878 2106 Monte
903 2075 1010 2113 Sinai,
1037 2077 1104 2107 “et
1127 2076 1345 2108 renuntiavit
1369 2077 1501 2117 populo
1523 2077 1645 2108 omnia
1664 2079 1773 2109 verba

449 2118 618 2161 Jehovae,
635 2124 670 2150 et
687 2119 810 2150 omnia
821 2119 952 2159 judicia
964 2130 970 2151 z
981 2144 988 2151 .
1003 2144 1010 2151 .
1024 2144 1031 2151 .
1047 2126 1097 2151 ,et
1114 2120 1255 2160 scripsit
1274 2120 1396 2151 Moses
1410 2121 1533 2152 omnia
1546 2122 1655 2152 verba
1666 2121 1773 2163 Jeho-

450 2172 528 2200 vae,
548 2168 583 2194 et
599 2163 751 2194 surrexit
768 2173 873 2194 mane
893 2163 928 2194 in
950 2164 1136 2200 matutino,
1157 2169 1192 2195 et
1208 2163 1406 2195 aedificavit
1422 2164 1533 2195 altare
1553 2165 1618 2196 sub
1635 2165 1768 2202 mome,

457 2230 464 2238 .
479 2230 508 2238 ..
523 2212 573 2238 ‚et
592 2206 689 2238 misit
713 2216 842 2246 pueros
867 2206 1019 2238 filiorum
1046 2207 1200 2244 Israelis,
1223 2214 1259 2239 et
1278 2208 1483 2239 obtulerunt
1506 2208 1715 2240 holocausta
1738 2216 1773 2240 et

450 2249 737 2281 sacrificaverunt
768 2250 940 2281 sacrificia
970 2251 1117 2291 pacifica
1147 2251 1306 2292 Jehovae
1337 2251 1510 2291 juvencos
1526 2262 1533 2289 ;
1572 2259 1608 2283 et
1638 2254 1773 2293 accepit

452 2292 574 2324 Moses
598 2293 783 2325 dimidium
808 2294 993 2334 sanguinis
1021 2300 1056 2326 et
1084 2295 1204 2335 posuit
1230 2295 1266 2326 in
1296 2295 1501 2333 crateribus,
1529 2301 1563 2327 et
1587 2296 1771 2327 dimidium

451 2337 635 2376 sanguinis
652 2338 782 2377 sparsit
798 2347 905 2377 super
921 2338 1043 2375 altare,
1063 2344 1098 2370 et
1114 2339 1249 2379 accepit
1269 2338 1412 2370 Librum
1434 2339 1613 2377 Foederis,
1633 2346 1669 2371 et
1687 2340 1772 2380 legit

450 2380 487 2411 in
503 2380 647 2412 auribus
664 2381 785 2421 populi
799 2390 807 2419 ;
831 2387 867 2412 et
883 2381 1060 2419 dixerunt,
1078 2382 1210 2413 Omnia
1226 2392 1316 2423 quae
1333 2383 1472 2414 locutus
1488 2382 1651 2424 Jehovah
1668 2384 1772 2415 facie·
1833 2388 1836 2393 ’

451 2433 531 2455 mus
550 2430 586 2455 et
604 2425 788 2456 audiemus
805 2434 812 2460 ;
836 2431 871 2456 et
890 2426 1025 2465 accepit
1046 2424 1203 2467 [Moses]
1228 2427 1440 2466 sanguinem
1461 2433 1497 2458 et
1516 2427 1647 2467 sparsit
1666 2437 1773 2468 super

452 2467 633 2507 populum,
649 2473 684 2499 et
697 2468 795 2506 dixit,
812 2468 900 2499 Ecce
915 2468 1067 2509 Sanguis
1082 2469 1248 2500 Foederis
1263 2470 1356 2510 quod
1370 2470 1505 2510 pepigit
1517 2470 1678 2512 Jehovah
1692 2480 1770 2502 cum

450 2510 553 2542 vobis
570 2520 677 2551 super
689 2512 812 2542 omnia
824 2513 933 2543 verba
948 2513 1047 2544 haec.
1088 2537 1183 2545 .....
1193 2513 1236 2544 Et
1249 2514 1414 2544 viderunt
1433 2513 1547 2545 Deum
1568 2514 1721 2551 Israelis,
1738 2521 1773 2545 et

451 2554 517 2585 sub
536 2554 685 2594 pedibus
709 2554 826 2595 Ipsius
846 2555 935 2586 sicut
954 2565 1044 2596 opus
1069 2556 1196 2596 lapidis
1215 2557 1386 2597 sapphiri,
1409 2563 1444 2589 et
1462 2558 1553 2589 sicut
1573 2558 1773 2589 substantia

434 2597 540 2628 -caeli
560 2595 712 2639 fflquoad
729 2599 940 2630 munditiem
953 2598 971 2610 ’⁹
988 2599 1112 2638 (Exod.
1126 2600 1222 2632 xxiv.
1237 2600 1356 2640 3-11);
1383 2635 1391 2643 ‚

277 2698 399 2753 quod
427 2699 680 2752 “sanguis'’
711 2699 783 2741 hic
817 2700 1041 2754 significet
1074 2701 1286 2743 Divinum
1318 2702 1488 2747 Verum
1521 2703 1771 2757 procedens

277 2776 304 2804 a
327 2762 540 2811 Domino,
561 2776 613 2804 ac
637 2770 870 2817 receptum
893 2764 951 2805 ab
972 2764 1170 2814 homine,
1195 2772 1242 2807 et
1264 2766 1368 2808 inde
1391 2765 1769 2820 conjunffionem,

278 2831 422 2878 patet,
443 2839 548 2866 nam
566 2826 797 2867 dimidium
820 2826 913 2880 ejus
932 2828 1229 2881 spargebatur
1243 2843 1377 2883 super
1392 2829 1549 2877 altare,
1571 2836 1617 2870 et
1639 2830 1769 2870 dimi-

279 2889 401 2929 dium
441 2902 574 2942 super
613 2889 855 2943 populum;
902 2904 981 2944 per
1019 2891 1201 2933 “altare
1213 2892 1232 2907 '¹
1271 2894 1390 2934 enim
1431 2892 1771 2946 significabatur

278 2952 426 2992 omnis
448 2951 596 2992 cultus
617 2953 691 3006 qui
713 2967 771 2994 ex
793 2953 914 2994 bono
936 2955 1115 3003 amoris,
1139 2961 1185 2996 et
1208 2969 1286 3009 per
1310 2956 1561 3010 “populum
1574 2956 1593 2971 ”
1611 2956 1674 2997 illi
1696 2958 1770 3011 qui

277 3013 446 3055 faciunt
469 3013 639 3055 cultum
663 3028 714 3056 ac
737 3016 958 3070 recipiunt
980 3017 1148 3058 bonum
1171 3019 1335 3059 amoris
1358 3033 1436 3072 per
1456 3033 1588 3070 vera;
1622 3021 1769 3060 omnis
