2060 3476
283 365 363 397 100
656 394 665 400 x
697 362 1028 395 APOCALYPSIS
1059 362 1356 395 EXPLICATA.

277 475 406 518 caelo
432 476 588 517 influit.
651 475 785 529 Quod
813 475 1034 516 Dominus
1059 474 1131 516 hic
1159 474 1217 517 Se
1239 475 1362 517 dicat
1388 474 1592 516 “habere
1619 474 1770 516 claves

276 540 435 580 inferni
467 546 513 580 et
540 538 738 587 mortis‚'’
764 544 834 579 est
861 539 964 592 quia
994 539 1038 579 in
1071 552 1179 579 mox
1206 538 1582 592 praecedentibus
1609 538 1772 579 dicitur

277 602 397 656 quod
435 602 538 656 Ipse
571 602 629 642 sit
665 602 858 642 “vivens
895 602 939 642 in
976 600 1156 642 saecula
1187 600 1509 650 saeculorum,’'
1541 614 1620 654 per
1650 600 1795 654 quod.

276 665 547 718 intelligitur
573 664 692 718 quod
719 664 776 705 ab
804 664 909 717 Ipso
935 664 993 705 sit
1019 665 1114 705 vita
1139 670 1352 714 aeterna;
1387 669 1605 717 quantum
1632 665 1770 704 etiam

278 728 499 768 Dominus
525 728 737 781 recipitur
762 726 850 768 fide
876 733 922 768 et
949 740 1101 768 amore
1127 733 1307 768 tantum
1333 727 1377 767 in
1404 726 1588 767 homine
1614 733 1698 775 est,
1723 733 1770 768 et

276 798 494 844 quantum
513 792 557 831 in
575 791 757 831 homine
776 796 845 830 est
869 796 1048 831 tantum
1070 796 1275 831 removet
1298 788 1430 838 mala,
1451 795 1497 830 et
1519 790 1581 831 sic
1599 791 1771 832 inferna

275 860 321 894 et
348 860 582 895 aeternam
610 860 830 904 mortem;
864 852 986 894 solus
1014 852 1096 894 Ille
1123 853 1208 893 hoc
1235 853 1356 901 facit,
1384 859 1660 907 quapropter
1685 854 1770 896 Ille

274 917 556 970 recipiendus
579 923 663 965 est,
688 922 736 957 ut
759 930 936 970 quoque
959 921 1170 956 constare
1196 921 1350 969 potest
1377 929 1403 956 a
1429 914 1540 956 locis
1566 930 1590 957 e
1613 916 1769 959 Verbo

275 992 384 1019 mox
403 993 536 1032 supra
557 978 617 1032 (n.
635 979 707 1033 83)
728 979 892 1020 allatis.
955 977 1089 1032 Quod
1108 992 1186 1032 per
1206 978 1494 1019 “infernum'’
1512 979 1768 1032 significen-

274 1048 347 1082 tur
378 1042 497 1082 mala
530 1043 675 1083 omnis
707 1043 900 1095 generis,
931 1048 1000 1083 est
1032 1042 1134 1095 quia
1165 1042 1317 1082 omnia
1349 1040 1468 1081 mala
1499 1041 1603 1083 inde
1635 1049 1767 1095 sunt;
1809 1096 1811 1098 ,

273 1106 481 1159 quicquid
509 1106 646 1146 homo
673 1106 847 1158 cogitat
875 1111 921 1146 et
943 1104 1055 1154 vult,
1079 1103 1151 1145 vel
1178 1118 1237 1145 ex
1263 1104 1435 1145 inferno
1457 1104 1528 1146 vel
1556 1119 1615 1146 ex
1638 1105 1767 1147 caelo

273 1174 370 1217 est;
413 1168 448 1208 si
481 1169 656 1220 cogitat
689 1174 734 1208 et
767 1167 864 1208 vult
896 1166 1078 1215 malum,
1113 1180 1171 1207 ex
1203 1166 1376 1208 inferno
1407 1173 1504 1218 est;
1547 1168 1583 1208 si
1614 1174 1767 1209 autem

273 1230 449 1282 cogitat
487 1229 551 1283 [et
584 1229 701 1283 vult]
736 1230 918 1278 bonum,
952 1244 975 1270 e
1008 1228 1136 1270 caelo
1167 1235 1264 1280 est;
1302 1242 1391 1269 non
1424 1229 1556 1270 datur
1587 1229 1767 1271 aliunde

274 1293 496 1345 cogitatio
518 1299 563 1334 et
581 1292 793 1334 voluntas
816 1292 1035 1333 hominis:
1070 1291 1221 1341 homo,
1241 1293 1314 1346 qui
1337 1292 1479 1334 credit
1498 1292 1618 1346 quod
1641 1294 1766 1346 cogi-

273 1361 342 1396 tet
375 1361 421 1396 et
448 1355 557 1397 velit
590 1370 649 1397 ex
681 1369 743 1404 se,
772 1356 857 1396 hoc
891 1356 1062 1406 nescit;
1095 1354 1175 1396 sed
1202 1368 1460 1396 asseverare
1492 1369 1675 1409 possum
1706 1371 1765 1397 ex

274 1419 395 1459 omni
422 1419 704 1472 experientia
723 1419 779 1460 de
801 1418 885 1460 hac
908 1432 968 1467 re,
988 1418 1108 1472 quod
1131 1418 1282 1458 omnia
1299 1432 1413 1472 quae
1436 1418 1573 1460 homo
1591 1420 1767 1472 cogitat

269 1488 318 1522 et
345 1481 442 1523 vult
473 1483 530 1523 ab
556 1496 645 1523 uno
671 1489 748 1523 aut
780 1482 837 1523 ab
863 1481 1008 1523 altero
1035 1482 1138 1522 sint.
1195 1480 1321 1522 Haec
1349 1482 1487 1521 etiam
1513 1494 1649 1522 causa
1680 1489 1764 1532 est,

272 1544 394 1597 quod
418 1544 556 1585 homo
578 1545 651 1598 qui
674 1545 850 1598 cogitat
873 1550 919 1585 et
942 1543 1038 1584 vult
1063 1542 1244 1592 malum,
1270 1541 1507 1584 actualiter
1528 1544 1572 1584 in
1594 1544 1767 1586 inferno

272 1607 358 1657 sit3
392 1613 438 1648 et
465 1607 537 1648 ubi
570 1596 807 1648 actualiter
832 1613 902 1648 est
934 1619 1035 1647 cum
1064 1607 1172 1647 vivit
1204 1607 1247 1647 in
1280 1605 1463 1655 mundo,
1491 1605 1595 1647 illuc
1628 1608 1766 1649 etiam

272 1669 426 1710 veniat
458 1676 562 1723 post
589 1675 809 1719 mortem;
844 1682 934 1709 non
961 1674 1115 1722 potest
1143 1668 1232 1709 alio
1256 1668 1422 1717 venire,
1451 1668 1553 1722 quia
1584 1670 1766 1722 spiritus

272 1731 365 1784 ejus
392 1731 609 1772 formatur
634 1738 680 1773 et
707 1732 993 1785 componitur
1018 1745 1077 1772 ex
1103 1730 1190 1772 illis
1213 1745 1326 1785 quae
1353 1730 1490 1771 homo
1516 1733 1692 1785 cogitat
1719 1739 1766 1774 et

271 1793 368 1834 vult
387 1808 395 1844 ;
429 1807 565 1847 quare
587 1807 688 1835 cum
711 1795 886 1847 cogitat
909 1800 955 1835 et
978 1793 1075 1835 vult
1098 1793 1280 1841 malum,
1305 1799 1430 1834 totus
1453 1799 1523 1834 est
1546 1794 1765 1836 formatus

272 1863 318 1897 et
337 1857 615 1910 compositus
633 1871 658 1898 a
676 1856 810 1906 malo,
830 1857 891 1898 sic
910 1862 959 1898 ut
977 1857 1034 1897 sit
1053 1870 1180 1897 suum
1198 1856 1365 1903 malum
1383 1857 1427 1897 in
1445 1856 1599 1897 forma.
1653 1857 1765 1899 Inde

272 1926 342 1960 est
365 1920 485 1973 quod
512 1921 692 1973 spiritus
715 1919 954 1961 infernales
980 1933 1159 1973 prorsus
1186 1921 1276 1960 sint
1303 1920 1523 1972 imagines
1549 1920 1615 1960 sui
1641 1920 1763 1970 mali,

271 1989 317 2024 et
359 1989 562 2023 monstra
602 1982 849 2023 secundum
890 1983 996 2023 mali
1035 1983 1233 2036 speciem
1278 1982 1516 2023 horrenda.
1594 1983 1764 2024 Facere

271 2051 423 2086 autem
450 2051 498 2085 ut
531 2045 710 2098 spiritus
742 2045 957 2086 formetur
983 2051 1028 2086 et
1061 2050 1360 2098 componatur
1385 2044 1442 2084 ad
1475 2043 1664 2094 caelum,
1692 2051 1764 2086 est

271 2108 450 2148 unicum
477 2106 674 2147 medium
700 2113 748 2147 ut
775 2108 962 2160 recipiat
991 2107 1235 2147 Dominum
1258 2106 1344 2147 fide
1370 2113 1416 2147 et
1439 2119 1620 2157 amore;
1658 2120 1762 2148 nam

271 2170 492 2210 Dominus
524 2168 660 2218 solus,
693 2170 796 2223 quia
827 2183 1041 2223 praesens
1073 2176 1142 2210 est
1180 2170 1223 2209 in
1260 2169 1348 2210 fide
1379 2175 1425 2211 et
1457 2183 1611 2210 amore
1644 2170 1763 2223 apud

270 2233 514 2281 hominem,
539 2239 743 2273 removet
773 2232 904 2281 mala,
933 2239 979 2273 et
1008 2232 1113 2274 facit
1140 2232 1265 2273 illum
1291 2233 1336 2273 in
1362 2233 1606 2286 imaginem
1634 2232 1760 2282 caeli,

270 2310 384 2349 quae
421 2302 490 2337 est
527 2295 729 2348 angelus.
806 2295 881 2336 Ex
922 2295 991 2336 his
1032 2302 1242 2336 constare
1284 2302 1438 2349 potest
1476 2296 1582 2349 quid
1623 2297 1763 2349 signi-

270 2359 428 2400 ficatur
463 2373 542 2413 per
575 2359 779 2400 “habere
811 2359 962 2400 claves
998 2359 1154 2400 inferni
1186 2365 1232 2399 et
1269 2358 1467 2399 mortis.'’
1528 2358 1662 2412 Quod
1694 2360 1762 2400 di-

269 2428 430 2462 cantur
454 2422 683 2471 “claves‚”
715 2429 799 2470 est,
833 2423 935 2475 quia
966 2423 1117 2462 omnia
1148 2421 1318 2462 inferna
1349 2421 1531 2462 occlusa
1562 2428 1680 2471 sunt,
1715 2429 1761 2464 et

269 2485 407 2525 modo
442 2491 600 2538 aperta
636 2498 736 2526 cum
773 2485 879 2526 mali
915 2486 1096 2538 spiritus
1129 2484 1233 2525 illuc
1270 2484 1538 2537 injiciuntur,
1572 2491 1618 2526 et
1660 2498 1761 2526 cum

268 2548 404 2601 aliqui
435 2548 539 2588 inde
565 2549 838 2597 eximuntur,
863 2548 982 2602 quod
1013 2547 1063 2589 fit
1090 2561 1190 2588 cum
1216 2548 1471 2588 increscunt
1498 2547 1617 2588 mala
1643 2548 1760 2602 apud

268 2611 501 2661 homines;
544 2617 782 2664 aperturae
818 2611 936 2660 illae,
969 2625 1083 2665 quae
1119 2617 1241 2659 tunc,
1275 2611 1485 2651 dicuntur
1513 2614 1709 2664 “portae
1726 2610 1761 2661 ;”

268 2680 314 2715 et
337 2674 439 2727 quia
461 2674 669 2714 dicuntur
689 2674 926 2728 “portae,”
948 2675 1050 2715 ideo
1076 2674 1284 2728 dicuntur
1304 2674 1532 2723 “claves,’'
1550 2688 1629 2728 per
1650 2688 1760 2727 quas

267 2738 370 2778 ideo
402 2737 680 2790 significatur
711 2739 918 2791 potentia
949 2738 1178 2791 aperiendi
1210 2743 1256 2778 et
1288 2737 1542 2787 claudendi,
1569 2738 1760 2791 aperitio

267 2801 386 2840 enim
412 2807 458 2841 et
481 2799 679 2841 occlusio
705 2808 935 2854 portarum
962 2801 1011 2842 fit
1037 2815 1116 2855 per
1137 2801 1301 2842 claves.
1363 2801 1517 2842 Simile
1539 2802 1659 2855 quod
1685 2801 1758 2842 hic

267 2864 405 2904 etiam
437 2864 715 2917 significatur
746 2878 824 2917 per
850 2864 1001 2905 claves
1034 2864 1167 2905 Petro
1199 2864 1331 2904 datas
1366 2863 1548 2918 (Mattlz.
1573 2864 1663 2904 xvi.
1692 2864 1754 2913 18,

271 2925 355 2979 19),
380 2928 590 2980 quoniam
614 2941 692 2980 per
711 2927 962 2968 “Petrum'’
984 2927 1043 2967 ibi
1070 2926 1347 2980 significatur
1371 2940 1524 2968 verum
1551 2941 1610 2968 ex
1636 2926 1757 2967 bono

265 2989 385 3043 quod
411 3003 437 3030 a
460 2990 682 3040 Domino;
716 2990 779 3030 ita
801 2990 920 3043 quod
948 2989 1145 3031 Domino
1167 2989 1264 3040 soli,
1288 3004 1314 3031 a
1335 3004 1423 3044 quo
1445 3003 1579 3031 omne
1600 3003 1755 3032 verum
