2060 3476
713 354 819 395 CAP.
843 362 888 402 1.,
913 361 1051 394 VERS.
1082 351 1252 393 16.—N.
1276 361 1343 405 72.
1723 344 1775 403 85

278 476 429 530 agitur
454 476 514 517 ibi
545 476 601 517 de
627 476 888 517 vastatione
920 474 1157 524 ecclesiae,
1186 488 1301 529 quae
1333 479 1403 515 est
1433 485 1535 514 cum
1562 486 1653 513 non
1680 486 1778 513 am-

278 538 392 592 plius
423 539 591 580 bonum
622 540 789 580 amoris
820 545 868 580 et
893 552 1003 580 vera
1032 537 1136 579 fidei
1153 553 1163 590 ;
1198 536 1390 578 “terra'’
1415 550 1531 591 quae
1562 536 1607 577 in
1635 536 1778 576 vasti-

277 608 421 643 tatem
463 608 657 656 ponetur
696 608 765 643 est
807 601 1027 653 ecclesia3
1075 601 1195 655 quod
1239 600 1430 641 “terra”
1467 600 1526 641 sit
1567 598 1775 649 ecclesia,

276 665 483 706 videatur
507 679 641 719 supra
670 663 731 719 (n.
759 665 848 720 29).
909 664 1048 719 Apud
1073 663 1360 713 Ezechielem,

345 754 556 794 ‘'Obtegam
581 764 661 786 cum
685 755 890 787 exstinxero
914 760 950 786 te
980 752 1144 797 [caelos]‚
1171 760 1207 786 et
1230 755 1356 785 atrabo
1380 753 1514 791 stellas,
1542 752 1778 803 solem-nube

450 799 629 839 obtegam,
650 804 685 830 et
701 799 786 830 luna
802 809 875 830 non
900 799 1018 831 lucere
1041 799 1148 830 faciet
1165 799 1279 830 lucem
1297 807 1398 829 suam
1414 806 1422 835 ;
1446 797 1570 828 omnia
1585 797 1779 828 luminat-la

450 843 553 874 lucis.
567 867 576 875 .
589 867 597 875 .
611 843 751 875 ,atrabo
764 853 871 884 super
883 849 929 881 te,
945 849 981 875 et
993 843 1087 875 dabo
1100 843 1267 874 tenebras
1281 851 1389 882 super
1402 847 1496 873 terra
1506 840 1525 852 '’
1538 840 1659 882 (xxxii.
1676 847 1706 879 7,
1723 839 1756 880 8)
1771 849 1777 878 ;

279 930 535 972 “tenebrae
561 944 693 985 super
719 931 879 981 terra,’'
905 937 1010 973 sunt
1041 930 1155 972 falsa
1185 931 1230 971 in
1256 929 1463 972 ecclesia.
1524 928 1663 983 Apud
1690 929 1777 977 Jo-

277 992 398 1043 elem,

344 1071 438 1103 “Sol
459 1078 495 1104 et
517 1072 603 1104 luna
619 1074 723 1105 atrati
747 1079 863 1112 erunt,
883 1079 918 1106 et
942 1073 1067 1106 stellae
1083 1074 1297 1106 contrahent
1321 1073 1550 1114 splendorem
1573 1071 1708 1104 suum”
1725 1071 1774 1111 (ii.

451 1124 502 1155 10,
524 1125 585 1156 11;
609 1126 686 1158 cap.
703 1117 750 1150 iv.
772 1125 810 1157 15
830 1115 891 1160 [B.
909 1119 956 1150 A.
973 1118 1020 1150 iii.
1040 1115 1134 1159 15]);

274 1204 393 1257 apud
418 1203 714 1255 Mamaeum,

342 1282 383 1314 In
408 1284 719 1315 consummatione
743 1285 875 1316 saeculi
895 1286 1012 1326 “post
1028 1283 1260 1317 afflictionem
1277 1286 1416 1318 dierum
1433 1286 1488 1318 sol
1511 1286 1772 1323 obscurabitur.

449 1327 534 1358 luna
550 1337 622 1358 non
640 1328 739 1360 dabit
763 1328 877 1360 lucem
902 1339 1016 1368 suam,
1036 1335 1072 1361 et
1096 1330 1221 1361 stellae
1238 1330 1367 1362 cadent
1383 1330 1427 1361 de
1443 1329 1554 1367 caelo,
1574 1335 1610 1362 et
1626 1330 1776 1361 virtutes

447 1371 628 1403 caelorum
646 1373 970 1404 commovebuntur
982 1372 1000 1385 ’'
1018 1371 1126 1414 (xxiv,
1144 1382 1207 1414 29;
1231 1375 1345 1406 Marc.
1362 1374 1436 1406 xiii.
1453 1373 1509 1414 24)
1524 1383 1532 1413 ;

272 1459 391 1512 apud
416 1459 660 1510 Danielem,

291 1568 293 1570 .
340 1537 393 1570 Ex
415 1547 489 1570 uno
511 1539 555 1571 de
579 1540 746 1572 cornibus
769 1540 859 1573 hirci
883 1551 1068 1582 caprarum
1090 1542 1234 1574 “exivit
1257 1552 1370 1574 cornu
1386 1552 1498 1574 unum
1516 1542 1560 1574 de
1577 1543 1719 1583 exig-uo,
1740 1549 1776 1574 et

447 1583 558 1615 crevit
574 1584 677 1616 valde
694 1594 819 1616 versus
843 1585 1040 1623 meridiem,
1060 1591 1096 1618 et
1112 1596 1238 1618 versus
1255 1592 1386 1624 ortum,
1405 1592 1441 1618 et
1456 1596 1583 1618 versus
1598 1587 1719 1625 decus,
1739 1594 1775 1618 et

446 1627 557 1658 crevit
580 1638 706 1660 versus
730 1629 923 1660 exercitum
947 1630 1140 1668 caelorum,
1161 1636 1196 1662 et
1220 1630 1366 1671 dejecit.
1381 1655 1388 1662 .
1402 1655 1410 1662 .
1425 1631 1484 1662 ,de
1505 1631 1662 1662 exercitu
1678 1637 1714 1662 et
1730 1632 1774 1663 de

328 1672 352 1683 ⁹
446 1671 570 1707 stellis.
598 1677 634 1703 et
658 1673 879 1704 conculcavit
902 1683 965 1705 eos
979 1683 987 1712 ;
1019 1673 1132 1705 immo
1155 1684 1268 1716 usque
1295 1674 1340 1706 ad
1371 1674 1573 1716 Principem
1598 1675 1774 1707 exercitus

446 1715 571 1746 extulit
588 1725 627 1746 se
638 1714 657 1727 ”
673 1715 759 1756 (viii,
775 1716 898 1757 9—11).

275 1803 543 1844 “exercitus
560 1803 820 1845 caelorum‘’
846 1811 952 1846 sunt
978 1805 1100 1846 bona
1124 1812 1171 1847 et
1192 1820 1300 1847 vera
1326 1806 1548 1848 ecclesiae
1573 1807 1618 1848 in
1645 1820 1773 1848 com-

274 1864 415 1918 plexu
441 1876 487 1914 (n.
502 1878 696 1915 344s,7236,
712 1879 802 1915 7988,
818 1878 938 1919 8019);
970 1869 1016 1909 in
1042 1870 1208 1922 specie,
1235 1883 1351 1923 quae
1377 1876 1584 1924 pugnant
1611 1877 1773 1912 contra

269 1927 383 1969 falsa
409 1938 455 1976 (n.
472 1937 628 1980 [¹17277);
675 1930 780 1971 inde
810 1930 1018 1983 Jehovah
1051 1932 1215 1974 dicitur
1243 1933 1488 1986 “jehovah
1520 1933 1772 1983 Zebaoth‚¹’

225 2003 227 2007 ’
270 1991 358 2056 hoc
385 1997 471 2041 est,
500 1991 801 2034 Exercituum
828 2004 874 2043 (n.
890 2007 980 2043 3448,
996 2006 1104 2044 7988)·
1166 1995 1219 2036 In
1243 1996 1533 2050 Apocalypsi,

339 2089 456 2122 Draco
473 2091 587 2123 cauda
606 2093 628 2107 ‘¹
639 2093 747 2125 traxit
763 2093 904 2125 tertiam
930 2101 1067 2135 partem
1086 2095 1268 2127 stellarum
1286 2096 1375 2128 caeli
1393 2096 1429 2128 in
1446 2102 1578 2129 terram
1591 2096 1610 2109 ’'
1626 2097 1699 2138 (xii.
1715 2097 1750 2138 4)
1764 2108 1771 2136 ;

271 2179 502 2221 “stellae”
527 2181 668 2222 etiam
698 2182 759 2223 ibi
791 2189 896 2224 sunt
928 2183 1050 2225 bona
1081 2190 1128 2226 et
1154 2198 1262 2226 vera
1289 2185 1511 2229 ecclesiae
1537 2193 1584 2228 et
1610 2188 1771 2240 cogni-

268 2243 418 2285 tiones
439 2257 621 2296 eorum3
657 2246 833 2287 “tertia
855 2260 958 2300 pars
970 2247 990 2262 '’
1012 2253 1083 2289 est
1106 2247 1298 2302 plurima
1319 2263 1423 2303 pars
1440 2264 1451 2302 3
1483 2250 1590 2304 quid
1616 2257 1770 2293 autem

271 2306 489 2357 “draco‚’'
514 2307 691 2350 dicetur
714 2309 759 2350 in
785 2310 1093 2364 sequentibus.
1154 2311 1295 2362 Alibi,

511 2398 533 2412 ⁸·
544 2397 675 2429 Stellae
692 2398 782 2430 caeli
799 2399 1002 2432 ceciderunt
1018 2400 1054 2432 in
1071 2406 1202 2432 terram
1214 2401 1233 2413 ”
1257 2400 1373 2444 (Apoc.
1390 2403 1437 2435 vi.
1456 2402 1534 2444 13);

268 2439 390 2489 alibi,

267 2538 390 2588 alibi,

334 2612 504 2645 “Cecidit
520 2624 540 2646 e
556 2615 656 2646 caelo
680 2615 786 2647 stella
809 2626 952 2657 magna,
972 2618 1102 2650 ardens
1118 2619 1216 2650 velut
1239 2608 1400 2660 lampas3
1425 2621 1551 2653 cecidit
1572 2621 1608 2652 in
1627 2622 1767 2653 tertiam

441 2664 577 2698 partem
595 2658 785 2691 fluviorum
804 2666 839 2692 et
856 2661 893 2692 in
910 2661 1029 2693 fontes
1047 2672 1219 2703 aquarum
1231 2662 1249 2675 ’'
1266 2663 1382 2705 (Apoc.
1399 2662 1507 2697 1²1viii.
1526 2664 1579 2705 10)
1593 2674 1600 2703 ;

524 2498 548 2513 ‘⁴
559 2497 670 2530 Stella
685 2508 706 2530 e
721 2498 820 2530 caelo
838 2499 940 2540 lapsa
955 2506 1010 2532 est
1029 2500 1064 2532 in
1083 2506 1216 2533 terram
1227 2501 1246 2515 '’
1263 2500 1378 2544 (Apoc.
1394 2501 1442 2536 ix.
1461 2501 1492 2545 1)
1506 2512 1514 2543 ς

265 2746 367 2800 quia
391 2749 418 2767 “
433 2746 629 2788 stellae”
652 2747 910 2802 significant
932 2764 1039 2792 vera
1060 2756 1106 2792 et
1133 2751 1253 2792 bona
1275 2751 1512 2802 ecclesiae,
1537 2759 1584 2794 et
1608 2754 1767 2806 cogni-

265 2810 414 2851 tiones
440 2823 610 2860 eorum,
640 2824 719 2864 per
747 2813 947 2854 “cadere
973 2813 1073 2855 illas
1099 2828 1124 2855 e
1151 2814 1312 2856 caelo’‘
1337 2815 1619 2869 significatur
1644 2816 1766 2870 quod

264 2871 341 2913 illa
366 2879 568 2926 pereant.
631 2873 770 2928 Apud
798 2875 1037 2925 Davidem,

328 2960 495 3038 Jeh'ovahl
507 2965 530 3014 “-
537 2971 704 3048 nu1)nerat
717 2975 904 2998 numerum
918 2967 1112 3003 stellarum,
1129 2969 1296 3000 omnibus
1311 2969 1459 3000 nomina
1471 2976 1575 3001 vocat
1586 2969 1604 2981 ’¹
1615 2968 1761 3010 (Psalm.

440 3016 482 3038 cx
498 3017 556 3039 vu.
574 3016 596 3046 4
623 3017 630 3046 ;
