2060 3476
621 360 727 396 CAP.
751 363 838 404 111„
861 362 1000 396 VERS.
1030 363 1199 408 17.——N.
1224 353 1390 410 239[b].
1657 323 1761 410 ‘369

255 476 487 518 .“audie'nt
510 477 647 518 verba
668 475 806 527 l‘ibri‚’'
829 476 1144 530 intelliguntur
1166 477 1239 532 qui
1261 477 1420 519 volunt
1443 478 1626 520 obedire
1644 480 1759 520 veris

263 547 310 582 et
332 541 436 582 inde
457 541 600 581 vitam
622 540 729 582 boni
754 553 905 593 agere,
930 541 1010 581 sed
1034 554 1126 581 non
1149 548 1338 594 possunt
1357 542 1459 595 quia
1481 555 1571 582 non
1589 542 1759 582 habent

263 604 492 654 Verbum3
525 611 571 645 et
597 618 676 658 per
703 603 935 645 “caecos'’
963 617 1152 658 quorum
1180 604 1335 645 “oculi
1357 606 1401 645 in
1425 605 1616 658 caligine
1643 611 1689 646 et
1717 606 1759 644 in

262 668 462 709 tenebris
487 666 742 716 videbunt,”
766 666 1081 720 intelliguntur
1107 667 1180 720 qui
1207 681 1298 708 non
1325 674 1428 708 sunt
1454 668 1499 708 in
1525 666 1760 708 intelleffix

261 731 355 772 veri
386 732 488 785 quia
518 732 563 772 in
594 731 864 785 ignorantia,
892 731 1012 784 quod
1044 737 1152 772 tunc
1185 729 1484 781 intelle&uri;
1517 731 1635 784 quod
1668 744 1759 771 non

264 794 383 835 surdi
410 801 455 836 et
483 795 606 836 caeci
632 794 958 848 intelligantur,
982 801 1124 848 patet.
1186 794 1325 848 Apud
1352 794 1560 843 eundem,

332 892 354 906 ‘⁸
366 891 455 923 Ecce
473 891 571 923 Deus
587 897 706 923 vester
717 891 754 923 in
765 889 961 923 vindictam
975 891 1108 927 veniet,
1122 891 1158 922 in
1176 891 1446 922 retributionem
1462 890 1529 922 Dei
1548 890 1612 921 Ille
1627 890 1757 927 veniet,

437 941 473 967 et
489 935 642 970 salvabit
658 945 723 967 vos
738 945 745 974 ;
771 942 854 966 tunc
871 935 1075 975 aperientur
1091 935 1183 966 oculi
1197 944 1383 967 caecorum
1397 940 1432 965 et
1448 944 1553 965 aures
1571 934 1758 965 surdorum

437 979 643 1019 aperientur
656 987 678 1017 ;.
694 1004 701 1011 .
715 1004 722 1011 .
738 985 942 1020 ‚erumpent
958 979 993 1010 in
1011 979 1153 1010 deserto
1170 988 1294 1020 aquae,
1315 984 1350 1009 et
1366 977 1464 1009 fluvii
1482 978 1518 1009 in
1536 977 1684 1018 planitie
1702 977 1759 1008 de-

437 1023 522 1054 serti
534 1022 552 1034 '’
569 1023 689 1062 (xxxv.
703 1023 789 1062 4-6)
804 1032 812 1060 ;

263 1112 375 1153 haec
402 1111 611 1153 dicuntur
636 1111 693 1152 de
719 1111 919 1152 adventu
945 1111 1143 1160 Domini,
1172 1111 1294 1165 quod
1320 1117 1428 1151 tunc
1456 1110 1660 1150 salvandi
1687 1110 1759 1163 qui

264 1175 475 1216 credituri
496 1175 540 1215 in
564 1175 742 1228 Ipsum;
775 1174 895 1228 quod
918 1174 980 1214 illi
1003 1175 1076 1228 qui
1103 1187 1192 1214 non
1215 1174 1258 1214 in
1281 1171 1515 1214 intellectu
1538 1173 1630 1214 veri
1656 1180 1760 1213 sunt

264 1245 371 1279 tunc
403 1236 689 1287 intellecturi,
717 1236 995 1291 significatur
1020 1251 1098 1290 per
1126 1238 1422 1290 “aperientur
1453 1236 1570 1277 oculi
1602 1249 1760 1277 caeco—

264 1314 360 1341 rum
378 1300 412 1351 ;”
443 1300 564 1354 quod
595 1300 658 1341 illi
683 1301 757 1354 qui
783 1314 874 1341 non
901 1301 946 1340 in
978 1301 1271 1354 perceptione
1304 1306 1350 1341 et
1382 1300 1620 1340 voluntate
1652 1299 1759 1340 boni

265 1369 368 1404 sunt
395 1369 502 1404 tunc
529 1363 752 1404 obedituri
778 1370 825 1405 et
851 1364 896 1404 in
922 1364 1043 1404 bono
1065 1362 1224 1404 vieturi
1250 1364 1354 1412 sint,
1379 1361 1656 1416 significatur
1682 1376 1762 1416 per

264 1426 385 1480 quod
405 1430 562 1467 “aures
580 1426 813 1467 surdorum
834 1427 1091 1480 aperientur
1107 1426 1142 1467 ;”
1167 1427 1269 1467 ideo
1287 1427 1493 1474 dicitur‚“
1508 1426 1760 1479 Erumpent

264 1490 308 1530 in
331 1489 513 1530 deserto
535 1503 678 1543 aquae
704 1496 751 1531 et
777 1489 896 1530 fluvii
922 1491 966 1530 in
990 1489 1178 1543 planitie
1204 1490 1373 1530 deserti
1392 1489 1425 1539 ;”
1459 1493 1483 1509 “
1499 1489 1728 1530 desertum
1742 1489 1762 1502 ”

265 1552 490 1606 significat
513 1553 586 1593 ubi
608 1566 697 1593 non
720 1553 888 1593 bonum
906 1554 1009 1607 quia
1026 1566 1117 1593 non
1134 1566 1303 1601 verum,
1322 1558 1369 1593 et
1395 1556 1574 1606 “aquae
1587 1552 1605 1566 '’
1623 1553 1760 1605 signi-

266 1615 403 1657 ficant
424 1630 545 1665 vera,
564 1630 615 1657 ac
641 1616 798 1656 “fluvii
811 1616 830 1630 '‘
852 1616 1203 1670 intelligentiam
1227 1629 1341 1670 quae
1365 1629 1422 1656 ex
1447 1616 1576 1656 veris.
1623 1615 1760 1669 Apud

266 1680 476 1729 eundem,

335 1771 357 1784 ‘⁸
370 1770 472 1801 Dabo
490 1770 543 1801 Te
560 1770 596 1801 in
613 1770 740 1801 foedus
759 1770 903 1810 populo,
924 1770 960 1800 in
986 1770 1099 1801 lucem
1125 1769 1298 1810 gentium,
1319 1770 1363 1800 ad
1388 1769 1619 1809 aperiendum
1638 1769 1762 1799 oculos

440 1823 576 1850 caecos.
597 1820 632 1845 et
648 1814 693 1845 ad
710 1813 932 1845 educendum
947 1823 966 1844 e
978 1823 1118 1844 carcere
1133 1812 1294 1844 vindicum
1308 1824 1332 1845 :.
1348 1838 1355 1844 .
1369 1838 1376 1844 .
1391 1838 1399 1844 .
1409 1813 1486 1852 Ego
1502 1812 1678 1854 Jehovah,
1695 1813 1762 1843 hoc

440 1867 572 1889 nomen
591 1867 722 1895 meum,
742 1863 778 1888 et
794 1857 945 1898 gloriam
964 1866 1080 1888 meam
1098 1856 1200 1888 alteri
1218 1866 1291 1888 non
1309 1856 1402 1887 dabo
1414 1856 1432 1867 ’¹
1450 1856 1536 1896 (xlii.
1550 1856 1648 1895 6-8);

264 1947 376 1989 haec
403 1959 581 2000 quoque
612 1946 669 1986 de
696 1945 908 1993 Domino,
936 1952 982 1986 et
1015 1946 1070 1986 de
1097 1945 1424 1986 instauratione
1456 1944 1675 1985 ecclesiae
1706 1945 1763 1984 ab

266 2011 372 2064 Ipso
403 2010 522 2063 apud
553 2016 744 2062 gentes;
787 2009 908 2062 quod
940 2015 1047 2049 tunc
1079 2008 1143 2049 illi
1175 2009 1248 2062 qui
1279 2009 1398 2062 prius
1430 2008 1474 2048 in
1506 2008 1763 2060 ignorantia

264 2071 538 2115 intellecturi
559 2073 650 2114 sint
674 2086 793 2121 vera,
818 2071 1095 2125 significatur
1117 2086 1195 2125 per
1219 2070 1413 2112 “oculos
1436 2085 1597 2112 caecos
1610 2071 1628 2085 ''
1651 2085 1763 2124 quos

267 2138 476 2191 “aperiet
494 2136 527 2187 ;'‘
554 2143 600 2177 et
623 2136 743 2190 quod
766 2150 825 2177 ex
843 2136 1101 2189 ignorantia
1119 2142 1164 2176 et
1187 2150 1247 2176 ex
1274 2134 1395 2175 falsis
1413 2135 1634 2176 educendi
1657 2135 1761 2181 sint,

266 2200 543 2254 significatur
579 2214 657 2253 per
693 2200 814 2253 quod
848 2204 911 2240 “e
948 2213 1128 2240 carcere
1165 2200 1328 2240 educet
1359 2197 1611 2249 vin&um;”
1642 2198 1763 2251 quod

269 2264 421 2318 Ipsum
459 2263 669 2304 Divinum
706 2269 1038 2316 assumpturum
1079 2263 1138 2303 sit
1181 2262 1456 2310 Humanum,
1494 2261 1764 2314 intelligitur

269 2341 348 2380 per
381 2326 523 2379 “Ego
552 2326 771 2380 jehovah‚
803 2326 890 2367 hoc
924 2339 1089 2366 nomen
1122 2339 1285 2373 meum,
1314 2332 1359 2366 et
1392 2325 1583 2378 gloriam
1616 2338 1763 2365 meam

267 2391 398 2432 alteri
425 2404 515 2431 non
542 2390 699 2431 dabo.''
758 2389 896 2443 Apud
924 2390 1131 2437 eundem,

336 2487 358 2501 ‘⁴
373 2486 508 2518 Ducam
526 2495 650 2518 caecos
665 2486 700 2517 in
714 2486 808 2517 viam
824 2496 929 2527 quam
948 2496 1020 2517 non
1037 2492 1226 2522 noverunt,
1242 2486 1278 2516 in
1295 2486 1441 2516 semitas
1459 2495 1546 2526 quas
1565 2495 1638 2515 non
1656 2494 1765 2515 nove-

443 2536 526 2561 runt
542 2530 670 2562 ducam
688 2539 762 2566 eos.
780 2539 913 2570 ponam
931 2530 1099 2561 tenebras
1117 2539 1241 2560 eorum
1259 2529 1295 2567 in
1313 2529 1429 2560 lucem
1441 2528 1460 2540 ’¹
1476 2525 1563 2567 (xlii.
1577 2526 1687 2568 [¹116);

271 2628 295 2646 “
310 2624 463 2666 caeci''
490 2625 627 2665 etiam
653 2624 723 2665 hic
751 2638 832 2678 pro
857 2624 944 2665 illis
966 2625 1040 2678 qui
1066 2638 1157 2665 non
1179 2625 1223 2664 in
1245 2623 1395 2678 aliquo
1417 2622 1650 2665 intelle6³m
1673 2625 1764 2664 veri

271 2694 376 2729 sunt
394 2702 404 2739 ;
446 2701 553 2728 vera
584 2693 631 2728 et
662 2687 783 2728 bona
813 2688 906 2728 veri
937 2701 1052 2741 quae
1083 2688 1320 2741 recepturi,
1349 2686 1658 2740 significantur
1687 2700 1765 2740 per

268 2751 391 2805 quod
415 2751 673 2792 “ducentur
694 2752 738 2791 in
764 2751 882 2791 viam
904 2757 951 2792 et
974 2751 1017 2791 in
1040 2752 1224 2791 semitas
1246 2765 1356 2805 quas
1379 2764 1469 2791 non
1492 2757 1712 2791 noverunt
1732 2749 1765 2799 ;''

270 2815 504 2868 dissipatio
545 2814 643 2855 falsi
683 2815 968 2867 ignorantiae
1008 2820 1055 2855 et
1091 2813 1334 2856 illustratio
1370 2813 1647 2867 significatur
1687 2826 1765 2866 per

275 2878 484 2919 “Ponam
511 2878 722 2919 tenebras
748 2891 901 2919 eorum
927 2878 971 2918 in
998 2877 1182 2919 lucem.'’
1241 2877 1379 2932 Apud
1406 2877 1613 2925 eundem,

339 2977 430 3009 “Ab
446 2978 583 3009 oriente
600 2978 774 3010 adducam
793 2987 916 3010 semen
934 2984 1047 3014 tuum,
1069 2983 1105 3009 et
1121 2978 1166 3009 ab
1183 2977 1367 3009 occidente
1385 2977 1549 3018 colligam
1569 2983 1603 3007 te
1618 2985 1625 3014 ;
1649 2976 1764 3007 dicam

445 3022 695 3063 septentrioni,
712 3021 778 3059 Da,
794 3028 829 3054 et
846 3022 1016 3060 meridiei,
1034 3021 1087 3053 Ne
1105 3021 1225 3053 inhibe
1240 3031 1247 3060 ;
1272 3022 1387 3053 adduc
1405 3021 1494 3052 filios
1520 3029 1619 3052 meos
1644 3029 1666 3050 a
1690 3019 1766 3050 lon-
