2060 3476
707 343 814 377 CAP.
838 343 903 385 11.,
926 343 1065 377 VERS.
1093 344 1262 376 10.—N.
1291 346 1381 377 122.
1715 344 1791 389 153

300 456 479 498 turbam
506 469 658 508 suam;
691 469 796 498 nam
822 469 981 498 omnes
1007 457 1081 511 qui
1106 457 1151 498 in
1177 457 1358 498 infernis
1385 462 1505 506 sunt,
1530 457 1574 497 in
1597 456 1728 498 malis
1745 462 1792 497 et

269 546 274 549 »
299 518 405 559 inde
434 517 560 559 falsis
589 532 650 559 ex
674 518 904 559 amoribus
929 518 996 559 sui
1021 524 1068 559 et
1093 518 1250 559 mundi
1279 524 1400 559 sunt.
1459 514 1629 568 (videatur
1646 529 1680 558 in
1698 537 1795 566 opere

300 580 352 609 De
379 580 471 609 Caelo
495 583 526 609 et
549 580 687 618 laser-no,
712 588 744 610 n.
769 580 926 616 551-565:
958 580 1016 609 sed
1035 580 1125 617 quod
1145 580 1290 618 jucunda
1312 579 1439 609 illorum
1463 588 1610 609 amorum
1634 583 1796 608 vertantur

297 629 331 658 in
343 629 632 667 correspondentia,
645 638 729 667 quae
740 629 848 667 qualia
857 633 941 664 sunt,
953 629 1099 659 videatur
1109 630 1205 659 etiam
1217 630 1271 664 ibi,
1283 639 1314 659 n.
1324 631 1363 667 48
1366 629 1492 668 5—490.)
1532 618 1663 659 Haec
1682 631 1704 658 C
1710 631 1768 659 on
1775 641 1793 647 -

293 678 432 732 jectio
471 681 515 721 in
555 680 809 722 custodiam
848 694 876 721 a
910 680 1094 722 diabolo
1130 681 1398 722 describitur
1436 681 1481 721 in
1517 679 1674 721 Verbo
1716 693 1795 733 per

299 743 420 797 quod
454 743 613 796 Judaei
648 749 695 785 et
729 743 835 784 mali
870 744 1148 798 persecuturi
1185 744 1275 784 sint
1309 742 1553 797 discipulos
1594 742 1792 791 Domini,

299 807 402 849 illos
442 807 615 861 probris
655 806 854 849 affecturi
893 813 940 849 et
980 808 1198 858 occisuri;
1242 820 1348 848 nam
1387 821 1468 861 per
1509 805 1795 860 “discipulos

305 869 484 911 Domini
496 870 516 885 ’¹
546 870 864 924 intelliguntur
894 884 1052 912 omnes
1083 872 1158 925 qui
1193 872 1237 911 in
1269 871 1385 911 veris
1421 884 1482 911 ex
1517 869 1639 910 bono
1673 875 1792 916 sunt,

300 934 365 974 ita
395 934 470 987 qui
505 935 550 974 in
580 935 697 975 veris
728 948 788 975 ex
820 934 1045 985 Domino;
1087 941 1134 975 et
1166 947 1267 975 cum
1300 933 1364 975 illi
1401 938 1480 987 per
1513 931 1794 986 “discipulos

304 996 485 1037 Domini
496 996 516 1012 '²
537 996 868 1050 intelliguntur,
888 998 1027 1038 etiam
1049 997 1093 1038 in
1116 1011 1250 1038 sensu
1271 995 1504 1038 abstracto
1527 1009 1553 1036 a
1574 995 1792 1049 personis,

301 1061 375 1114 qui
407 1073 565 1101 sensus
596 1066 666 1100 est
698 1061 793 1114 ipse
824 1074 982 1101 sensus
1013 1059 1257 1114 spiritualis
1288 1059 1443 1108 Verbi,
1476 1058 1796 1111 intelliguntur

301 1124 398 1176 ipsa
429 1137 535 1164 vera
567 1130 614 1165 et
652 1123 772 1164 bona
804 1138 919 1177 quae
951 1138 1011 1164 ex
1048 1123 1246 1164 Domino
1282 1137 1362 1177 per
1393 1122 1597 1164 Verbum
1636 1122 1793 1176 Ipsius.

301 1190 414 1228 (Quod
428 1198 485 1227 per
498 1192 516 1204 ‘⁸
528 1189 885 1227 duodecim-discipulos
897 1190 1028 1219 Domini
1037 1189 1054 1199 ''
1065 1190 1280 1228 intelligantur
1290 1190 1400 1219 omnia
1412 1189 1487 1219 fidei
1498 1193 1529 1218 et
1540 1188 1656 1218 amoris
1667 1188 1698 1217 in
1711 1196 1798 1217 com-

302 1240 406 1278 plexu,
421 1239 465 1268 ita
485 1239 595 1269 omnia
608 1249 684 1269 vera
704 1244 736 1268 et
755 1240 844 1269 bona
863 1239 1025 1274 ecclesiae,
1048 1240 1193 1269 videatur
1212 1249 1244 1270 n.
1267 1248 1357 1277 2129,
1379 1246 1470 1277 3354,
1485 1241 1576 1276 3488,
1592 1240 1682 1276 3858,
1697 1238 1795 1275 6397:

300 1294 390 1331 quod
402 1294 545 1323 Verbum
557 1294 590 1323 in
604 1295 694 1324 caelo
707 1294 902 1332 intelligatur
915 1294 1072 1324 abstracte
1086 1294 1271 1332 apersonis,
1286 1303 1392 1332 supra,
1417 1303 1448 1323 n.
1465 1295 1536 1336 99,
1560 1292 1664 1337 100.)
1707 1280 1796 1334 Qui

302 1346 429 1386 novit
462 1345 583 1399 quod
615 1359 695 1399 per
727 1345 1010 1399 “discipulos
1043 1345 1226 1386 Domini
1238 1345 1257 1360 ''
1289 1344 1606 1398 intelligantur
1638 1357 1796 1385 omnes

302 1410 375 1463 qui
401 1410 446 1450 in
471 1410 587 1451 veris
613 1423 674 1451 ex
699 1409 821 1451 bono
842 1423 869 1450 a
895 1409 1094 1450 Domino
1119 1415 1239 1459 sunt,
1264 1415 1310 1450 et
1337 1410 1381 1449 in
1407 1422 1541 1449 sensu
1563 1406 1796 1448 abstracto

301 1473 399 1526 ipsa
423 1486 530 1514 vera
557 1486 617 1514 ex
648 1473 784 1522 bono,
812 1479 858 1514 et
885 1473 1005 1526 quod
1038 1486 1116 1526 per
1144 1470 1511 1525 “conjectionem
1542 1470 1720 1512 illorum
1752 1471 1796 1510 in

303 1536 558 1578 custodiam
589 1550 616 1577 a
647 1536 861 1577 diabolo”
892 1535 1178 1589 intelligatur
1208 1542 1400 1576 conatus
1431 1534 1610 1576 illorum
1641 1534 1715 1587 qui
1752 1534 1795 1574 in

303 1599 425 1640 falsis
451 1614 510 1641 ex
537 1599 658 1640 malo
683 1605 788 1640 sunt
811 1599 1075 1653 deprivandi
1101 1598 1203 1640 illos
1228 1600 1359 1648 veris,
1384 1612 1435 1640 ac
1462 1600 1506 1639 in
1533 1611 1666 1639 sensu
1692 1597 1795 1637 abs-

304 1661 452 1704 tracto
479 1655 509 1704 'a
540 1664 743 1717 personis
771 1662 978 1704 detentio
1010 1669 1057 1704 et
1089 1663 1338 1716 captivatio
1362 1675 1569 1703 verorum
1602 1675 1628 1702 a
1658 1660 1794 1708 falsis,

303 1733 352 1767 ut
394 1740 541 1780 supra,
579 1726 643 1767 illi
683 1725 940 1780 intelligere
981 1732 1171 1780 possunt
1208 1726 1314 1780 quid
1354 1726 1398 1766 in
1435 1731 1626 1779 utroque
1663 1738 1797 1765 sensu

303 1789 583 1843 significatur
607 1790 652 1830 in
678 1789 972 1843 sequentibus
997 1789 1066 1830 his
1093 1788 1203 1830 locis
1220 1802 1289 1828 :—

373 1887 395 1901 ‘¹
409 1886 575 1927 Injicient
592 1886 628 1917 in
645 1895 711 1917 vos
728 1895 857 1917 manus
874 1891 910 1917 et
927 1891 1185 1927 persequentur
1202 1895 1278 1922 vos,
1298 1885 1482 1916 tradentes
1499 1895 1564 1916 vos
1589 1884 1624 1916 in
1643 1894 1799 1925 synago-

477 1940 541 1970 gas
558 1936 594 1962 et
609 1930 804 1961 custodias.
819 1954 827 1962 ,
841 1954 848 1961 .
863 1936 1025 1970 .propter
1041 1939 1173 1961 nomen
1191 1939 1310 1960 meum
1322 1928 1341 1940 '⁹
1357 1928 1454 1969 (Luc.
1468 1929 1539 1960 xxi.
1557 1928 1609 1967 12)
1623 1937 1630 1967 ;

304 2018 424 2072 quod
467 2019 691 2072 “propter
730 2030 896 2058 nomen
937 2017 1151 2058 Domini”
1188 2016 1412 2070 significet
1453 2022 1639 2070 propter
1677 2017 1798 2057 bona

304 2082 469 2122 amoris
495 2087 542 2122 et
567 2095 674 2122 vera
698 2080 801 2122 fidei
827 2080 884 2121 ab
911 2080 1031 2134 Ipso,
1058 2080 1265 2121 videatur
1291 2094 1424 2134 supra
1453 2079 1515 2134 (n.
1548 2078 1661 2134 102).

374 2178 396 2192 “
407 2177 509 2209 Tunc
525 2177 668 2208 tradent
684 2187 750 2208 vos
767 2177 804 2208 in
822 2176 1100 2214 tribulationem,
1120 2184 1156 2219 et
1179 2177 1343 2208 occident
1359 2186 1437 2214 vos,
1457 2183 1494 2208 et
1516 2177 1614 2208 eritis
1631 2177 1715 2218 odio
1739 2177 1799 2207 ha-

478 2221 542 2252 biti
559 2227 705 2261 propter
721 2231 854 2252 nomen
872 2231 991 2252 meum
1003 2220 1021 2232 ”
1038 2221 1183 2260 (Matth.
1198 2221 1293 2252 x'xiv.
1309 2231 1340 2262 9,
1358 2221 1432 2261 11);

374 2264 567 2296 “Tradent
582 2275 648 2296 vos
672 2265 708 2296 in
726 2265 894 2306 synedria
910 2271 945 2296 et
969 2265 1005 2295 in
1023 2275 1240 2305 synagogas,
1261 2271 1297 2296 et
1320 2265 1553 2305 flagellabunt
1569 2274 1635 2296 vos
1655 2269 1801 2305 propter

482 2308 542 2340 Me
554 2307 572 2320 '¹
589 2308 733 2348 (Matth.
748 2319 782 2340 x.
799 2316 849 2347 17,
867 2309 905 2339 18
921 2318 928 2345 ;
954 2309 1066 2341 Marc.
1080 2309 1153 2340 xiii.
1168 2310 1222 2349 9);

373 2353 396 2367 ‘⁶
409 2351 498 2383 Ecce
515 2352 618 2384 mitto
635 2353 679 2383 ad
695 2362 761 2384 vos
785 2353 979 2393 prophetas
995 2358 1031 2383 et
1047 2353 1228 2392 sapientes
1246 2358 1281 2384 et
1297 2353 1445 2388 scribas.
1465 2358 1501 2384 et
1517 2362 1561 2383 ex
1577 2352 1647 2383 illis
1664 2352 1800 2383 occide-

480 2396 526 2427 tis
550 2402 586 2427 et
609 2396 832 2436 crucifigetis,
853 2402 888 2428 et
911 2406 956 2427 ex
980 2396 1049 2428 illis
1073 2396 1299 2436 flagellabitis
1323 2397 1359 2427 in
1385 2396 1582 2437 synagogis
1605 2396 1746 2434 vestris,
1766 2402 1801 2426 et

481 2440 743 2481 persequemini
760 2441 805 2471 ab
822 2442 909 2471 urbe
926 2441 963 2471 in
980 2441 1105 2471 urbem
1117 2439 1135 2452 ’¹
1152 2440 1297 2479 (Matth.
1311 2440 1407 2472 xxiii.
1423 2439 1479 2479 34)
1493 2449 1500 2476 :

373 2484 398 2498 ‘⁴
410 2482 532 2514 Homo
549 2483 805 2524 paterfamilias
818 2484 995 2524 plantavit
1006 2484 1166 2515 vineam.
1181 2508 1188 2515 .
1203 2489 1254 2516 ,et
1270 2484 1402 2515 locavit
1415 2483 1596 2523 agricolis.
1612 2508 1619 2515 .
1633 2508 1640 2515 .
1655 2508 1663 2515 .
1708 2482 1799 2514 Cum

479 2527 779 2568 appropinquavit
795 2533 937 2568 tempus
954 2526 1144 2564 fructuum.
1165 2527 1262 2559 misit
1286 2537 1411 2559 servos
1436 2537 1521 2559 suos
1541 2527 1587 2558 ad
1610 2527 1798 2567 agricolas,

480 2577 519 2602 ut
546 2572 722 2611 acciperet
744 2570 881 2603 fructus
906 2571 1006 2611 ejus:
1037 2571 1101 2602 sed
1124 2571 1435 2611 apprehendentes
1459 2571 1638 2611 agricolae
1662 2580 1798 2608 servos,

478 2624 590 2646 unum
603 2615 807 2646 ceciderunt
819 2615 943 2655 virgis,
957 2615 1109 2646 alterum
1124 2615 1342 2653 occiderunt,
1356 2615 1465 2646 alium
1480 2614 1695 2655 lapidarunt.
1732 2614 1802 2646 Ite-

480 2668 559 2690 rum
582 2659 678 2690 misit
695 2659 785 2690 alios
802 2669 939 2696 servos,
959 2659 1023 2690 sed
1046 2658 1207 2690 fecerunt
1231 2659 1274 2690 iis
1299 2659 1474 2690 similiter.
1524 2658 1687 2690 Tandem
1705 2658 1802 2690 misit

480 2702 526 2733 ad
550 2712 613 2734 eos
639 2702 766 2734 Filium
790 2712 893 2734 suurn
910 2712 933 2741 ;.
948 2727 956 2734 .
970 2727 977 2734 .
992 2702 1071 2734 ‚sed
1094 2703 1272 2742 agricolae
1289 2703 1453 2734 videntes
1475 2701 1616 2739 Filium,
1636 2702 1803 2733 dixerunt

480 2746 574 2777 inter
596 2756 646 2783 se,
666 2746 735 2777 Hic
758 2752 813 2777 est
835 2746 951 2783 heres,
967 2746 1099 2783 venite,
1116 2746 1320 2778 occidamus
1346 2746 1480 2786 Ipsum,
1497 2751 1533 2777 et
1552 2746 1801 2786 possideamus

479 2790 715 2821 hereditatem
741 2789 871 2830 Ipsius.
922 2790 968 2821 Et
994 2790 1307 2830 apprehendentes
1337 2789 1472 2831 Ipsum,
1492 2789 1675 2830 ejecerunt
1702 2795 1803 2821 extra

479 2834 634 2871 vineam,
654 2839 690 2865 et
705 2833 938 2865 occiderunt”
956 2833 1100 2874 (Matth.
1115 2833 1185 2865 xxi.
1202 2833 1322 2873 33--44)
1336 2843 1343 2872 ;

375 2878 398 2893 ⁸⁸
409 2877 508 2918 Dixit
524 2877 708 2917 Sapientia
725 2877 803 2915 Dei,
822 2877 964 2909 Mittam
981 2877 1027 2908 ad
1043 2878 1124 2908 illos
1141 2878 1334 2917 prophetas
1351 2883 1387 2909 et
1402 2877 1600 2918 apostolos,
1619 2882 1655 2908 et
1671 2887 1716 2908 ex
1732 2876 1802 2908 illis

481 2922 643 2953 occident
658 2927 694 2953 et
711 2927 968 2962 persequentur
978 2921 996 2933 ''
1013 2921 1110 2961 (Luc.
1125 2921 1172 2953 xi.
1186 2922 1253 2961 49).

307 3009 419 3047 (Quod
433 3018 490 3047 per
505 3012 522 3023 ¹¹
532 3009 703 3047 prophetas
712 3008 728 3016 ''
745 3009 777 3037 in
792 3008 900 3037 Verbo
914 3008 1128 3046 intelligantur
1143 3009 1294 3037 docentes
1308 3017 1391 3043 vera,
1407 3012 1438 3037 et
1453 3008 1485 3037 in
1500 3016 1594 3037 sensu
1609 3006 1769 3036 abstracto
1784 3015 1803 3036 a
