2060 3476
684 349 791 383 cAP.
815 349 882 390 11..
906 348 1044 382 VERs.
1069 348 1246 392 23..—N.
1276 337 1365 380 166.
1689 345 1770 390 215

361 464 528 519 t¹¹164.
566 464 646 505 “ft
660 463 924 504 moechantes
944 476 1035 503 oum
1057 462 1128 502 illa
1150 461 1190 501 in
1214 461 1468 506 afflictionem
1491 460 1775 514 maynam.''-

277 524 411 580 Quod
429 526 653 581 significet
671 525 930 567 tentationes
946 538 1115 578 graves
1133 524 1226 564 illis
1243 523 1324 577 qui
1342 538 1389 564 se
1404 523 1617 564 addicant
1630 521 1775 574 falsis

274 604 435 642 eorum,
459 596 644 631 constat
667 604 726 631 ex
749 588 1080 642 significatione
1105 587 1412 634 “moechari,‘’
1430 587 1550 640 quod
1573 587 1630 627 sit
1652 585 1773 626 falsi-

275 652 408 694 ficare
438 667 545 694 vera
579 652 654 707 (de
686 666 773 706 qua
804 666 950 706 supra,
985 665 1027 692 n.
1065 650 1191 704 141);
1233 651 1338 691 inde
1373 649 1640 690 “moechari
1672 662 1774 690 cum

275 716 484 757 Isabele''
509 722 580 757 est
610 716 820 757 addicare
853 729 901 756 se
931 714 1055 755 falsis
1086 727 1240 755 eorum
1267 715 1340 767 qui
1372 727 1451 766 per
1479 712 1774 753 “Isabelem’'

275 779 612 832 significantur;
654 785 701 820 et
733 793 793 819 ex
829 777 1161 832 significatione
1196 775 1526 824 “affli&i011is‚”
1558 772 1678 829 quod
1715 776 1774 816 sit

275 843 508 884 infestatio
530 843 624 883 veri
650 856 676 883 a
701 842 823 883 falsis
849 841 925 895 (de
947 855 1035 895 qua
1057 842 1195 882 etiam
1220 854 1366 894 supra,
1392 854 1433 880 n.
1456 839 1548 893 47),
1573 840 1643 880 hic
1672 845 1773 880 ten-

276 907 406 954 tatio,
424 907 526 960 quia
543 906 744 947 tentatio
762 918 852 946 non
870 905 990 945 aliud
1009 910 1079 945 est
1097 917 1232 958 quam
1251 903 1482 944 infestatio
1499 904 1591 944 veri
1610 917 1635 943 a
1652 901 1774 943 falsis

275 968 396 1021 apud
427 968 659 1008 hominem
691 978 850 1014 (videatur
869 978 1026 1006 Dot‘lrina
1044 978 1154 1006 Novae
1177 977 1420 1013 Hierosolymae,
1441 985 1471 1005 n.
1494 978 1561 1009 188,
1584 975 1651 1012 196,
1674 976 1772 1012 197)2

275 1030 379 1070 inde
416 1043 494 1083 per
528 1029 790 1082 “conjicere
822 1028 1121 1070 moechantes
1153 1041 1255 1068 cum
1292 1027 1370 1068 illa
1406 1028 1450 1067 in
1483 1025 1773 1068 afflietionem

275 1093 530 1147 magnam,”
569 1092 850 1146 significatur
890 1092 1010 1145 quod
1051 1091 1154 1132 illos
1192 1091 1265 1144 qui
1306 1104 1354 1131 se
1394 1090 1611 1130 addicant
1651 1089 1774 1130 falsis

274 1170 428 1197 eorum
451 1157 494 1197 in
518 1157 803 1197 tentationes
825 1169 1001 1208 graves.
1063 1154 1234 1207 Agitur
1251 1154 1322 1194 hic
1342 1154 1398 1194 de
1421 1153 1508 1193 illis
1525 1153 1644 1206 apud
1662 1167 1774 1207 quos

274 1220 519 1274 spiritualis
551 1234 629 1260 seu
661 1220 864 1260 internus
902 1219 1041 1259 homo
1073 1232 1163 1259 non
1198 1219 1262 1258 ita
1294 1217 1473 1258 clausus
1505 1224 1589 1265 est,
1623 1231 1683 1257 ex
1719 1231 1775 1258 eo

273 1283 393 1337 quod
420 1284 462 1324 in
490 1283 638 1337 aliqua
660 1280 898 1323 affectione
920 1283 1012 1322 veri
1039 1281 1259 1335 spirituali
1286 1282 1390 1329 sint,
1416 1287 1462 1321 et
1489 1294 1629 1334 usque
1655 1281 1774 1334 pati-

274 1353 407 1388 untur
431 1361 479 1388 se
502 1347 656 1387 seduci
678 1347 736 1387 ab
759 1345 845 1386 illis
868 1346 941 1399 qui
968 1346 1011 1385 in
1035 1343 1240 1386 doctrina
1262 1344 1476 1385 falsorum
1498 1350 1604 1385 sunt
1629 1342 1774 1397 (vide-

273 1418 376 1452 atur
407 1424 554 1464 supra,
589 1423 630 1450 n.
670 1409 782 1463 162).
857 1409 917 1449 Hi
949 1409 1052 1462 quia
1083 1409 1304 1461 recipiunt
1336 1407 1449 1448 falsa
1480 1408 1524 1448 in
1558 1408 1776 1448 memoria

274 1473 492 1515 naturalis
515 1474 580 1514 sui
603 1473 812 1520 hominis,
837 1485 939 1513 cum
962 1472 1120 1526 quibus
1143 1471 1386 1525 spiritualis
1408 1472 1613 1512 internus
1635 1470 1775 1511 homo

274 1551 365 1578 non
389 1537 666 1578 concordare
693 1543 862 1590 potest,
888 1549 992 1576 nam
1019 1535 1091 1576 hic
1119 1548 1210 1576 non
1233 1536 1392 1588 recipit
1420 1535 1503 1575 nisi
1525 1548 1646 1583 vera,
1671 1534 1773 1575 ideo

274 1602 414 1642 oritur
431 1614 584 1654 pugna
601 1601 718 1641 inter
736 1599 1016 1653 spiritualem
1035 1605 1082 1640 et
1100 1598 1354 1639 naturalem
1372 1598 1604 1639 hominem
1623 1612 1632 1648 ;
1659 1597 1773 1638 haec

275 1678 429 1718 pugna
446 1670 516 1705 est
535 1665 747 1712 tentatio,
767 1678 882 1717 quae
901 1662 1179 1716 significatur
1195 1676 1276 1716 per
1295 1665 1320 1682 “
1334 1660 1625 1703 afflic‘tionem
1643 1675 1774 1715 mag-

275 1725 421 1767 nam.”
478 1736 592 1775 (Quod
610 1736 743 1765 tentatio
757 1736 797 1764 sit
814 1745 925 1773 pugna
942 1735 1024 1764 inter
1038 1735 1233 1772 spiritualem
1253 1738 1284 1763 et
1303 1734 1480 1763 naturalem
1500 1734 1675 1768 hominem,
1690 1734 1778 1763 Vide—

274 1797 346 1822 atur
360 1792 390 1820 in
408 1792 568 1821 Doctrina
582 1792 693 1821 Novae
708 1791 957 1829 Hierosolymae,
972 1799 1004 1821 n.
1022 1799 1090 1828 190,
1107 1799 1175 1827 194,
1193 1798 1261 1827 197,
1279 1789 1361 1827 199.)

356 1855 523 1910 ¹²¹165.
562 1855 639 1896 “Si
653 1868 731 1896 non
746 1855 995 1908 resipuerint
1012 1854 1063 1894 ab
1083 1854 1270 1907 operibus
1289 1852 1613 1906 suis.''——Quod
1635 1853 1775 1906 signi-

275 1918 381 1960 ficet
413 1918 458 1960 si
485 1932 568 1958 non
598 1932 645 1959 se
674 1924 881 1970 separent
909 1916 966 1958 ab
996 1916 1102 1964 illis,
1132 1922 1318 1957 constat
1350 1930 1409 1956 ex
1442 1915 1776 1968 significatione

280 1981 622 2036 “resipiscere,”
647 1981 768 2035 quod
800 1981 858 2021 sit
885 1995 933 2022 se
960 1993 1169 2033 separare
1201 1993 1228 2020 a
1257 1978 1380 2019 falsis
1413 1977 1489 2032 (de
1515 1992 1603 2032 qua
1627 1992 1773 2032 supra,

277 2059 319 2087 n.
348 2044 445 2099 143)
465 2059 474 2096 ;
506 2051 553 2086 et
576 2059 636 2086 ex
659 2044 990 2098 significatione
1016 2042 1283 2096 “operum,‘'
1301 2042 1421 2096 quod
1443 2042 1514 2083 hic
1538 2043 1628 2083 sint
1651 2055 1774 2083 scor-

277 2110 478 2150 tationes
514 2122 615 2150 cum
655 2107 846 2156 Isabele,
881 2121 960 2161 per
995 2121 1105 2161 quas
1142 2106 1454 2160 significantur
1490 2107 1776 2159 receptiones

277 2172 491 2213 falsorum
526 2170 602 2225 (de
628 2172 788 2225 quibus
819 2184 930 2212 mox
962 2184 1110 2224 supra,
1138 2184 1180 2210 n.
1213 2169 1325 2223 163).
1388 2168 1608 2222 Separare
1640 2183 1688 2210 se
1719 2169 1778 2209 ab

278 2235 366 2276 illis
388 2242 459 2276 est
486 2235 816 2288 paenitentiam
838 2248 989 2287 agere,
1014 2240 1060 2275 et
1086 2233 1416 2287 paenitentiam
1444 2246 1580 2285 agere
1603 2232 1673 2273 est
1696 2232 1776 2273 de-

279 2299 438 2340 sistere
474 2312 501 2339 a
537 2298 667 2339 malis
703 2304 750 2339 et
786 2297 923 2347 falsis,
957 2304 1004 2338 et
1041 2297 1144 2338 dein
1182 2296 1335 2350 fugere
1377 2302 1423 2337 et
1465 2296 1659 2337 aversari
1701 2295 1778 2336 illa

280 2366 438 2401 (videatur
454 2366 612 2395 Doctrina
627 2366 738 2395 Novae
753 2366 1002 2403 Hierosolymae,
1017 2374 1048 2394 n.
1067 2365 1134 2398 161,
1153 2364 1221 2401 165,
1240 2364 1307 2401 169,
1324 2369 1354 2392 et
1369 2364 1461 2401 seq.).

360 2433 494 2474 166.
525 2443 630 2481 [Vm.
651 2442 715 2480 23]
746 2432 825 2472 “ft
837 2431 939 2472 tilios
954 2431 1042 2485 ojus
1058 2430 1241 2471 occidam
1256 2429 1622 2483 mor-te.''——Quod
1639 2430 1777 2482 signi-

280 2494 385 2535 ficet
407 2494 527 2547 quod
542 2493 606 2534 sic
617 2494 753 2546 falsa
772 2494 1131 2546 exstinguantur,
1157 2499 1341 2533 constat
1364 2507 1423 2533 ex
1446 2491 1778 2545 significatione

284 2557 552 2606 “filiorum,”
573 2557 694 2611 quod
720 2558 810 2598 sint
836 2571 943 2598 vera
968 2556 1188 2598 ecclesiae
1214 2571 1274 2597 ex
1302 2556 1472 2605 Verbo,
1498 2562 1544 2597 et
1570 2557 1615 2596 in
1638 2569 1779 2609 oppo-

281 2622 371 2662 sito
408 2634 543 2661 sensu
579 2621 692 2661 falsa
731 2620 808 2674 (de
845 2634 932 2674 qua
969 2619 1188 2674 sequitur)
1209 2634 1218 2670 ;
1266 2626 1313 2660 et
1351 2633 1421 2660 ex.
1447 2618 1779 2672 significatione

285 2685 531 2726 “occidere
558 2684 744 2733 morte‚”
770 2684 890 2738 quod
922 2684 979 2724 sit
1012 2684 1333 2736 exstinguere;
1365 2682 1478 2723 falsa
1501 2683 1620 2723 enim
1647 2696 1779 2735 sepa-

282 2754 439 2789 rantur
465 2753 511 2788 et
534 2747 660 2801 quasi
682 2748 1038 2800 exstinguuntur
1063 2761 1141 2800 per
1163 2748 1460 2793 tentationes,
1485 2752 1532 2786 et
1559 2759 1638 2798 per
1659 2746 1779 2798 quod

283 2811 422 2852 homo
449 2811 646 2852 desistat
674 2811 732 2852 ab
762 2811 863 2860 illis,
890 2824 942 2852 ac
975 2810 1117 2864 fugiat
1150 2817 1196 2852 et
1227 2813 1462 2851 aversetur*
1492 2809 1581 2850 illa.
1644 2808 1779 2861 Quod

285 2874 399 2915 “filii
410 2874 429 2890 ”
451 2875 494 2920 in
518 2874 674 2915 Verbo
696 2873 952 2928 significent
975 2888 1094 2923 vera,
1120 2880 1166 2915 et
1193 2874 1236 2914 in
1259 2874 1472 2927 opposito
1495 2886 1629 2913 sensu
1651 2871 1778 2917 salsa.

257 2945 354 2981 ,est
380 2939 483 2992 quia
514 2939 558 2979 in
590 2937 809 2991 spirituali
839 2952 974 2979 sensu
1000 2937 1141 2978 Verbi
1172 2938 1322 2990 agitur
1347 2936 1494 2977 solum
1523 2936 1579 2976 de
1611 2934 1780 2975 talibus

285 3015 398 3056 quae
425 3008 529 3043 sunt
553 3001 773 3043 ecclesiae
799 3007 845 3042 et
873 3001 1000 3051 caeli,
1025 3007 1071 3042 et
1097 3002 1249 3042 omnia
1271 2999 1492 3041 ecclesiae
1518 3005 1564 3040 et
1592 2997 1705 3039 caeli
1732 3011 1781 3039 se
