2060 3476
642 341 749 376 CAP.
772 342 857 384 111.,
882 341 1021 375 VERs.
1041 341 1191 385 4.-Ν.
1220 343 1294 387 195
1302 332 1376 388 [c].
1674 335 1752 376 281

263 454 383 506 alibi,

331 529 516 561 Exercitus
544 529 708 561 Sedentis
739 538 847 570 super
872 528 972 570 Equo
1003 529 1086 561 albo
1114 530 1387 570 “sequebantur
1416 528 1538 571 Ipsum
1542 554 1636 569 .....
1644 529 1759 562 induti

438 573 588 614 byssino
605 572 688 604 albo
704 578 740 605 et
756 572 892 605 mundo
902 572 921 585 ’¹
937 572 1053 615 (Apoc.
1067 573 1140 606 xix.
1158 573 1212 613 14)
1226 582 1234 612 ;

263 648 382 698 alibi,

329 711 399 763 Qui
422 729 506 754 ante
530 722 698 754 thronum
722 722 759 754 in
783 720 978 764 conspedlm
994 722 1091 763 Agni
1115 723 1270 762 stabant,
1290 728 1393 755 erant
1412 720 1567 755 “amicti
1591 722 1693 754 stolis
1710 722 1760 754 al-

438 766 493 798 bis
503 765 523 778 ”
539 766 655 808 (Apoc.
674 766 735 799 vii.
751 765 785 807 9)
799 775 807 805 ;

263 842 382 892 alibi,

329 915 610 1000 septeffixssnffilj
629 925 650 948 e
669 915 805 957 templo
835 914 855 928 ‘¹
865 914 980 947 induti
996 921 1098 947 erant
1113 915 1188 947 lino
1204 914 1340 946 mundo
1353 920 1389 946 et
1405 914 1594 955 splendido
1605 914 1624 927 '¹
1640 914 1756 957 (Apoc.

262 1035 382 1085 alibi,

346 1113 369 1127 ‘⁴
379 1111 494 1144 Datae
510 1118 596 1144 sunt
610 1111 799 1153 singulis‚''
816 1112 876 1154 qui
893 1113 959 1144 sub
975 1112 1078 1144 altari
1099 1112 1245 1144 “stolae
1261 1111 1365 1144 albae
1376 1111 1394 1124 ”
1410 1111 1527 1154 (Apoc.
1540 1111 1588 1144 vi.
1604 1111 1679 1154 11);

262 1188 382 1237 alibi,

494 1246 517 1259 ¹¹
528 1243 617 1276 Eme
633 1255 775 1277 aurum.
789 1269 797 1278 .
812 1270 819 1277 .
833 1251 885 1277 ‚et
900 1245 1117 1277 vestimenta
1133 1244 1243 1276 alba”
1259 1244 1374 1287 (Apoc.
1390 1245 1438 1278 iii.
1456 1244 1529 1286 18);

261 1321 380 1375 apud
405 1316 691 1371 Ezechielem,

341 1401 364 1415 ‘⁸
376 1400 511 1432 Panem
529 1410 634 1432 suum
651 1400 820 1433 famelico
833 1401 904 1439 det,
924 1407 961 1433 et
977 1401 1112 1433 nudum
1130 1402 1277 1442 obtegat
1293 1407 1394 1433 veste
1404 1399 1424 1413 '³
1441 1400 1552 1441 (xviii.
1569 1398 1682 1442 [2116);

262 1500 464 1550 “panem
502 1497 610 1538 dare
646 1497 884 1538 famelico’'
921 1498 966 1538 in
1003 1497 1222 1551 spirituali
1259 1510 1394 1538 sensu
1432 1496 1657 1550 significat
1695 1511 1755 1538 ex

261 1561 384 1602 bono
416 1561 651 1602 charitatis
683 1561 905 1602 instruere
936 1561 1037 1602 illos
1068 1562 1143 1615 qui
1174 1561 1434 1602 desiderant
1460 1575 1592 1612 vera;
1637 1564 1758 1601 “nu-

261 1624 367 1664 dum
398 1615 618 1678 obtegere
648 1623 817 1673 veste,’'
848 1624 1073 1678 significat
1114 1624 1216 1666 illos
1247 1624 1451 1666 similiter
1481 1625 1556 1678 qui
1587 1637 1679 1665 non
1713 1625 1757 1664 in

262 1688 377 1728 veris
403 1694 522 1728 sunt.
582 1687 721 1741 Apud
746 1688 955 1737 eundem,
1650 1705 1662 1709 ⁸

332 1776 468 1809 Hostes
489 1778 654 1809 “exuent
670 1777 734 1809 tibi
751 1783 883 1816 vestes,
903 1784 939 1810 et
955 1784 1100 1810 sument
1116 1787 1203 1809 vasa
1219 1783 1367 1809 ornatus
1386 1777 1464 1809 tui”
1481 1777 1591 1817 (xxiii.
1606 1777 1662 1818 26)
1677 1787 1684 1815 ;

259 1854 380 1907 apud
407 1853 689 1904 Samariam,

329 1931 352 1944 ‘⁴
362 1929 566 1972 Jehoschua
578 1930 722 1961 indutus
735 1930 802 1962 fuit
815 1930 973 1962 vestibus
987 1930 1144 1970 pollutis,
1161 1937 1197 1962 et
1212 1931 1262 1962 sic
1276 1931 1394 1962 stabat
1407 1940 1527 1962 coram
1541 1930 1682 1970 angele,
1699 1930 1758 1971 qui

434 1974 523 2005 dixit
538 1974 584 2005 ad
601 1979 738 2006 stantes
755 1984 876 2006 coram
894 1974 966 2012 illo,
988 1974 1186 2006 Removete
1203 1981 1322 2006 vestes
1341 1974 1496 2015 pollutas
1513 1984 1535 2005 a
1551 1984 1659 2014 super
1674 1974 1756 2006 illo:

434 2023 470 2049 et
493 2018 594 2056 dixit,
622 2017 792 2049 Transire
817 2018 885 2049 feci
908 2028 930 2049 a
953 2028 1062 2059 super
1085 2025 1119 2050 te
1143 2019 1367 2060 iniquitatem
1385 2024 1496 2057 tuam,
1523 2018 1706 2049 induendo
1723 2025 1758 2049 te

436 2061 596 2093 vestibus
614 2062 761 2093 mutatis
773 2061 791 2074 ”
809 2061 871 2102 (ἰίἰ.
892 2062 991 2102 3-5);
1361 2063 1365 2065 ’

260 2139 304 2179 in
340 2137 382 2179 T
375 2138 543 2188 hrenis,

329 2216 352 2230 ⁸⁸
364 2214 537 2247 Erramnt
552 2216 647 2247 caeci
670 2215 706 2247 in
724 2215 864 2256 plateis,
884 2216 1009 2256 polluti
1027 2222 1110 2248 sunt
1126 2216 1313 2256 sanguine,
1334 2226 1377 2248 ea
1393 2225 1483 2257 quae
1500 2225 1573 2247 non
1591 2222 1754 2257 possunt.

434 2261 588 2300 tangunt
603 2260 830 2292 vestimentis
848 2260 922 2292 suis
933 2259 951 2271 '¹
968 2260 1028 2299 (iv.
1041 2258 1143 2300 (³¹14).

260 2349 334 2390 Ex
367 2348 696 2402 significatione
729 2350 961 2391 “vestium
974 2349 994 2365 '¹'
1025 2350 1125 2391 sciri
1161 2356 1315 2403 potest
1347 2350 1454 2404 quid
1486 2349 1757 2403 intelligitur

259 2427 338 2467 per
363 2413 490 2466 plura
514 2419 690 2455 statuta
713 2414 831 2467 atpud
856 2413 971 2455 filios
998 2413 1191 2461 Israelis,
1219 2420 1268 2455 ut

325 2502 430 2544 Quod
448 2509 567 2534 vestes
584 2503 717 2534 mixtae
734 2513 807 2535 non
825 2503 1056 2535 induerentur
1072 2502 1195 2542 (Levit.
1211 2503 1282 2534 xix.
1301 2511 1362 2543 19;
1386 2503 1492 2535 Dent.
1508 2503 1592 2534 xxii.
1611 2502 1683 2543 11);

325 2546 431 2588 Quod
448 2556 536 2577 vasa
552 2547 618 2578 viri
642 2556 715 2578 non
740 2553 864 2578 essent
887 2557 994 2587 super
1010 2546 1194 2582 feminam.
1215 2556 1280 2578 nec
1297 2547 1352 2578 vir
1376 2547 1582 2578 indueretur
1598 2547 1758 2579 vestibus

433 2590 588 2621 feminae
605 2589 722 2627 (Deut.
737 2591 821 2623 xxii.
837 2591 868 2631 5)
883 2600 891 2629 ;

325 2634 430 2675 Quod
454 2634 660 2665 lavarentur
675 2640 794 2666 vestes
819 2641 858 2666 ut
881 2634 1151 2675 purificarentur
1171 2641 1207 2666 et
1230 2635 1281 2666 sic
1305 2632 1614 2666 sanctificarentur
1625 2634 1754 2674 (Exod.

433 2678 505 2709 xix.
523 2686 581 2716 14:
607 2678 717 2710 chit.
730 2676 872 2717 xi.[⁴]25,
887 2679 940 2716 28,
954 2687 1017 2717 4o;
1042 2688 1118 2718 cap.
1133 2678 1204 2710 xiv.
1220 2679 1250 2716 8,
1265 2688 1304 2719 9:
1330 2679 1443 2710 Num.
1457 2679 1529 2710 xix.
1547 2687 1583 2709 11
1599 2679 1644 2710 ad
1658 2677 1735 2718 fin.)
1749 2687 1756 2715 ;

261 2761 319 2803 et,
334 2754 455 2804 alibi,

324 2830 430 2873 Quod
447 2831 483 2862 in
508 2828 605 2863 ludtu
629 2837 774 2872 propter
797 2831 1138 2872 praevaricationem
1163 2837 1290 2863 contra
1315 2830 1448 2863 Divina
1464 2841 1560 2869 vera,
1581 2836 1758 2862 exuerent

432 2881 563 2910 vestes.
577 2881 613 2906 et
626 2875 815 2907 induerent
826 2885 968 2907 saccum
982 2875 1093 2915 (Esar-¹.
1109 2885 1166 2907 xv.
1182 2883 1200 2914 3
1215 2885 1222 2913 ;
1247 2885 1324 2915 cap.
1338 2875 1424 2907 xxii.
1442 2883 1481 2906 12
1495 2884 1502 2911 ς
1527 2884 1604 2915 cap.
1618 2874 1754 2906 xxxvii.

435 2927 464 2956 1,
480 2926 498 2950 2
512 2929 519 2950 :
549 2919 675 2960 Jerem.
689 2918 736 2950 iv.
751 2919 769 2950 8
784 2928 791 2954 :
815 2929 892 2960 cap.
907 2919 954 2951 vi.
972 2920 1013 2950 26
1028 2928 1035 2957 ;
1060 2929 1135 2959 cap.
1149 2919 1259 2950 xlviii.
1275 2926 1315 2958 37
1330 2928 1337 2956 ;
1362 2928 1437 2959 cap.
1452 2919 1535 2950 xlix.
1550 2926 1569 2957 3
1583 2929 1590 2950 ε
1627 2918 1752 2950 Thren.

432 2963 467 2994 ii.
488 2970 548 2994 10:
574 2962 696 2994 Ezech.
711 2963 819 2994 xxvii.
835 2971 894 3001 31:
919 2964 1026 2994 Amos
1038 2963 1110 2995 viii.
1131 2971 1188 2995 10:
1219 2963 1303 3004 Jon.
1320 2962 1369 2994 iii.
1388 2970 1417 3000 5,
1432 2963 1463 3000 6,
1479 2963 1513 3002 8)
1530 2971 1537 3000 ;

325 3005 369 3038 Et
385 3006 479 3048 quod
496 3006 736 3038 discinderent
753 3013 871 3038 vestes
888 3006 999 3047 (Esai.
1014 3004 1180 3039 1⁵1xxxvii.
1196 3015 1211 3037 1
1227 3016 1234 3046 ;
1259 3012 1294 3038 et
1311 3006 1420 3047 alibi).
