2060 3476
300 358 377 400 132
712 355 1044 390 APOCALYPSIS
1075 357 1373 392 EXPLICATA.
1425 339 1432 347 '

297 466 534 509 “fruetus’‘
558 467 680 508 bona
704 466 798 520 ejus
824 477 869 516 (n.
885 486 953 514 217¹
968 486 1058 516 4231,
1073 477 1193 519 5113);
1227 467 1404 509 “folia”
1428 473 1582 509 autem
1608 468 1778 521 signifi-

293 534 402 568 cant
433 528 722 581 cognitiones
753 537 797 576 (n.
818 537 916 576 885):
949 527 1054 567 inde
1084 533 1228 580 patet,
1255 528 1360 581 quid
1391 527 1671 580 significatur
1700 541 1779 581 per

294 588 413 642 quod
444 588 552 629 ficus
578 587 773 629 arefaeta
798 589 854 629 sit
881 589 983 642 quia
1014 588 1233 630 Dominus
1259 590 1303 630 in
1329 603 1382 630 ea
1407 589 1552 630 solum
1583 588 1687 629 solia
1711 589 1778 629 in-

293 652 431 699 venit,
459 658 505 692 et
538 665 627 692 non
659 649 836 692 fruc‘tus.
899 651 1025 692 Haec
1057 652 1206 692 omnia
1237 651 1377 692 allata
1407 658 1510 692 sunt
1542 658 1589 692 ut
1616 652 1780 692 sciatur

292 714 397 767 quid
419 710 695 767 significatur
712 728 789 767 per
808 714 1049 754 “arborem
1066 715 1185 756 vitae
1206 715 1250 755 in
1273 714 1420 755 medio
1443 713 1634 767 paradisi
1657 706 1780 763 Dei,”

292 777 412 830 quod
444 790 606 830 nempe
637 777 804 818 bonum
836 778 999 817 amoris
1030 777 1278 831 procedens
1310 791 1336 818 a
1367 777 1576 826 Domino,
1604 782 1650 817 et
1675 777 1779 818 inde

291 840 503 893 gaudium
531 839 739 880 caeleste.
1074 848 1080 851 “

372 922 498 953 110.
537 916 561 934 ¹‘
576 911 685 957 Quae
709 914 777 952 ost
798 911 838 951 in
860 910 988 952 medio
1011 911 1200 964 paradisi
1223 910 1532 964 Dei,”—Quod
1557 910 1779 964 significet

291 972 410 1025 quod
429 972 532 1013 illuc
556 973 760 1025 speeiem,
782 979 824 1013 et
847 972 948 1013 inde
965 973 1206 1025 procedant
1229 986 1374 1014 omnes
1395 972 1655 1026 cognitiones
1681 971 1784 1025 boni

290 1042 332 1075 et
351 1036 450 1076 veri
470 1036 514 1076 in
536 1036 651 1076 caelo
671 1043 712 1076 et
732 1036 777 1076 in
798 1036 985 1085 ecclesia,
1010 1042 1190 1077 constat
1213 1050 1271 1077 ex
1294 1035 1622 1089 significatione
1646 1038 1670 1055 “
1684 1048 1778 1076 me-

292 1099 391 1146 dii,’'
408 1099 527 1152 quod
551 1100 607 1140 sit
631 1106 834 1140 centrum
852 1113 939 1152 quo
958 1100 1107 1140 omnia
1123 1113 1236 1154 quae
1254 1100 1418 1140 circum
1437 1100 1554 1140 circa
1571 1096 1778 1152 spectant
1795 1130 1803 1136 .

293 1168 338 1202 et
370 1176 429 1202 ex
456 1176 543 1215 quo
575 1162 823 1215 procedunt
853 1161 929 1216 (de
954 1176 1041 1215 qua
1071 1175 1215 1215 supra,
1242 1176 1282 1202 n.
1309 1161 1412 1215 97);
1445 1168 1491 1202 et
1519 1175 1578 1202 ex
1610 1161 1777 1215 signifi-

293 1225 472 1265 catione
506 1224 773 1278 “paradisi,”
805 1225 923 1278 quod
955 1226 1044 1265 sint
1077 1226 1358 1278 cognitiones
1396 1225 1500 1265 boni
1531 1230 1577 1264 et
1608 1225 1701 1265 veri
1731 1231 1778 1266 et

290 1285 395 1325 inde
425 1285 737 1338 intelligentia
763 1296 816 1334 (de
836 1305 900 1334 qua
918 1306 948 1326 n.
967 1295 1462 1336 100,108,1588,2702,3220)3
1495 1290 1541 1325 et
1566 1286 1669 1338 qula
1698 1285 1778 1326 illa

290 1360 368 1399 per
396 1347 689 1400 “paradisum
702 1347 722 1362 '’
754 1347 1074 1400 significantur,
1102 1348 1203 1388 ideo
1234 1361 1312 1400 per
1338 1346 1630 1400 f‘paradisum
1664 1346 1778 1387 Dei''

290 1409 565 1463 significatur
595 1409 796 1461 caelum;
829 1416 875 1451 et
902 1411 1003 1464 quia
1029 1409 1215 1458 caelum,
1244 1410 1379 1450 etiam
1406 1408 1681 1462 significatur
1706 1423 1778 1450 ec-

290 1472 439 1521 clesia,
473 1485 576 1513 nam
617 1472 806 1513 ecclesia
842 1479 910 1513 est
947 1472 1119 1513 caelum
1162 1472 1341 1513 Domini
1382 1472 1425 1512 in
1467 1472 1621 1522 terris;
1664 1486 1777 1525 quae

290 1534 509 1576 vocantur
537 1536 803 1589 “paradisus
836 1535 950 1576 Dei''
976 1536 1077 1589 quia
1109 1535 1328 1575 Dominus
1354 1535 1423 1575 est
1454 1534 1497 1574 in
1524 1534 1672 1575 medio
1699 1527 1772 1585 ibi,

289 1605 335 1639 et
366 1599 423 1639 ab
454 1597 559 1652 Ipso
590 1605 660 1639 est
686 1599 831 1639 omnis
860 1598 1162 1651 intelligentia
1187 1604 1232 1638 et
1260 1597 1490 1651 sapientia.
1552 1596 1776 1649 Quoniam

288 1659 506 1702 haetenus
534 1674 624 1702 non
650 1667 807 1702 notum
839 1661 918 1702 fuit
950 1661 1069 1714 quod
1101 1661 1251 1701 omnia
1276 1661 1318 1700 in
1345 1659 1500 1701 Verbo
1526 1672 1604 1713 per
1629 1673 1777 1701 corre-

288 1724 580 1777 spondentias
606 1724 773 1777 scripta
798 1724 901 1773 sint,
929 1730 974 1764 et
1001 1723 1104 1764 inde
1130 1723 1249 1777 quod
1276 1722 1520 1776 spiritualia
1550 1722 1608 1763 ibi
1638 1723 1776 1765 insint

288 1786 473 1840 singulis
503 1800 615 1840 quae
646 1787 704 1827 ibi
736 1785 868 1835 dieta,
896 1786 1084 1827 credunt
1110 1786 1230 1839 quod
1262 1799 1339 1839 per
1366 1785 1695 1839 “paradisum,’'
1721 1786 1778 1827 de

288 1864 375 1903 quo
401 1851 549 1902 agitur
580 1850 623 1890 in
653 1850 851 1890 secundo
883 1850 1030 1903 capite
1059 1848 1281 1898 Geneseos,
1308 1848 1588 1901 intelligatur
1619 1849 1775 1890 hortus

288 1913 614 1966 paradisiacus3
647 1913 725 1953 sed
752 1926 842 1953 non
868 1912 1135 1965 intelligitur
1160 1912 1219 1952 ibi
1244 1911 1401 1965 aliquis
1427 1912 1657 1965 paradisus
1683 1918 1776 1953 ter-

287 1977 455 2024 restris,
483 1976 562 2016 sed
594 1976 824 2029 paradisus
856 1975 1077 2023 caelestis,
1108 1976 1180 2028 qui
1212 1981 1281 2016 est
1312 1974 1398 2015 illis
1429 1975 1502 2028 qui
1533 1975 1576 2015 in
1607 1973 1775 2015 intelli-

287 2039 441 2092 gentia
481 2045 526 2078 et
567 2039 786 2091 sapientia
825 2052 883 2078 ex
925 2038 1258 2090 cognitionibus
1302 2037 1407 2078 boni
1447 2043 1492 2077 et
1532 2037 1624 2077 veri
1669 2044 1774 2079 sunt

288 2110 446 2148 (videatur
464 2119 568 2147 supra,
596 2119 630 2140 n.
663 2109 754 2151 109,
778 2114 808 2138 et
827 2110 858 2138 in
878 2118 974 2147 opere
994 2110 1044 2138 De
1066 2109 1155 2138 Caelo
1174 2112 1204 2138 et
1222 2109 1356 2147 Inferno,
1375 2117 1406 2138 n.
1428 2108 1495 2145 176,
1517 2107 1601 2147 185).
1661 2098 1775 2139 Inde

287 2167 497 2201 constare
520 2166 673 2214 potest
697 2173 787 2200 non
810 2159 953 2200 solum
977 2160 1080 2214 quid
1103 2173 1181 2213 per
1200 2159 1490 2213 “paradisum
1502 2159 1520 2174 ”
1538 2173 1615 2200 seu
1635 2160 1774 2200 “hor-

288 2230 385 2264 tum
411 2224 455 2264 in
487 2223 676 2264 Edene''
701 2222 1000 2275 significatum
1027 2229 1110 2271 est,
1138 2222 1217 2263 sed
1246 2222 1383 2263 etiarn
1409 2221 1513 2276 quid
1546 2235 1624 2275 per
1649 2236 1775 2276 para-

287 2287 407 2328 disos
433 2300 509 2327 seu
537 2286 730 2326 “hortos
758 2285 871 2326 Dei”
898 2286 940 2326 in
967 2285 1121 2326 Verbo
1138 2285 1272 2327 :—Ut
1299 2287 1416 2340 apud
1443 2286 1643 2333 Esaiam,

355 2388 377 2402 ⁸⁴
391 2386 643 2418 Consolabitur
652 2385 813 2426 Jehovah
825 2385 984 2422 Zionem,
998 2385 1238 2416 consolabitur
1249 2394 1374 2415 omnes
1386 2384 1570 2415 vastitates
1580 2384 1668 2424 ejus,
1683 2384 1774 2416 adeo

459 2435 498 2461 ut
513 2435 624 2470 ponat
636 2429 814 2460 desertum
828 2429 905 2469 ejus
918 2429 954 2459 in
970 2429 1080 2465 Eden,
1097 2434 1133 2460 et
1145 2428 1374 2459 solitudinem
1389 2427 1424 2458 in
1439 2428 1580 2459 hortum
1593 2427 1751 2469 Jehovae
1767 2437 1775 2448 ·

458 2473 594 2504 laetitia
609 2478 644 2504 et
659 2472 827 2513 gaudium
845 2472 1045 2503 invenietur
1061 2472 1097 2503 in
1115 2481 1158 2503 ea
1170 2471 1188 2483 '’
1205 2471 1253 2510 (li.
1270 2472 1304 2511 3)
1318 2481 1325 2509 ;

286 2566 403 2620 apud
428 2565 710 2614 Ezechielem,

354 2651 432 2683 “In
457 2651 685 2734 {Eden-‘borgo
709 2650 775 2682 Dei
799 2650 920 2689 fuisti;
945 2650 1063 2682 omnis
1079 2650 1170 2690 lapis
1187 2650 1363 2690 pretiosus
1384 2654 1628 2690 tegumentum
1645 2648 1772 2681 tuum”

472 2704 594 2726 xxvm.
613 2703 651 2733 13
681 2703 688 2733 ;

285 2800 396 2840 haec
424 2799 630 2840 dicuntur
655 2798 710 2839 de
737 2798 873 2851 Tyro,
897 2798 999 2852 quia
1023 2811 1101 2851 per
1125 2797 1332 2850 “Tyrum
1343 2797 1363 2813 '’
1384 2798 1428 2838 in
1454 2796 1609 2838 Verbo
1635 2797 1773 2850 signi-

285 2862 443 2903 ficatur
467 2861 658 2903 ecclesia
683 2875 796 2914 quae
822 2862 865 2901 in
893 2861 1225 2914 cognitionibus
1251 2861 1342 2901 veri
1373 2867 1419 2902 et
1450 2860 1569 2909 boni,
1596 2865 1642 2900 et
1668 2859 1772 2900 inde

284 2922 594 2976 intelligentia
612 2932 770 2972 (videatur
781 2933 812 2962 in
822 2933 959 2962 Arcanis
971 2933 1204 2967 Caelestibusm.
1217 2932 1326 2972 1201);
1349 2920 1658 2973 intelligentia
1675 2919 1770 2972 ejus

284 2985 387 3034 inde
413 2990 482 3026 est
507 2987 530 3004 “
546 2983 676 3025 Eden
701 2984 857 3025 hortus
884 2983 1006 3033 Dei,”
1029 2983 1232 3026 similiter
1258 2983 1408 3036 “lapis
1433 2983 1654 3036 pretiosus
1670 2981 1690 2996 ”
1710 2994 1774 3024 ex.
