2060 3476
626 349 733 383 CAP.
756 348 823 390 11.,
846 348 985 381 VERs.
1010 347 1155 392 3.—N.
1183 338 1346 394 102[b].
1657 348 1731 380 121

239 464 357 518 apud
384 463 590 514 eundem,

306 547 436 580 colent
458 547 635 590 Jehovam
658 547 695 579 in
719 557 792 579 uno
808 546 900 585 loco,
920 547 980 578 ubi
1004 552 1115 587 ponet
1139 556 1272 578 nomen
1290 555 1393 578 suum
1417 545 1536 583 (Deut.
1552 546 1615 578 xii.
1633 552 1663 584 5,
1682 553 1734 584 11,

416 601 468 632 13,
486 600 538 632 14,
556 592 607 630 18,
624 592 689 630 26;
713 601 790 632 cap.
805 591 878 624 xvi.
895 599 926 629 2,
942 591 974 629 6,
994 599 1045 627 11.
1065 598 1115 630 15,
1135 590 1211 631 16);

241 686 267 702 “
289 682 362 723 ubi
402 687 541 736 ponet
579 694 746 722 nomen
783 680 944 722 suum'’
980 687 1051 722 est
1091 681 1165 722 ubi
1204 681 1289 721 erit
1330 679 1478 721 cultus
1518 694 1578 721 ex
1615 680 1737 721 bono

241 748 407 787 amoris
447 754 493 787 et
531 747 648 787 veris
685 745 816 797 fidei;
858 746 945 787 hoc
983 743 1150 786 sac‘tum
1188 751 1258 785 est
1298 743 1662 796 Hierosolymae‚
1690 749 1736 782 et

240 811 342 850 ideo
368 824 446 863 per
474 814 498 831 “
514 809 881 862 Hierosolymam
893 809 913 824 ''
931 807 1210 862 significatur
1235 807 1427 848 ecclesia
1452 807 1602 860 quoad
1628 806 1737 846 doc-

240 872 481 913 trinam'et
506 871 681 913 cultum
703 881 863 920 (videatur
879 881 913 911 in
931 881 1089 920 opusculo
1110 881 1160 910 De
1178 881 1270 910 Nova
1289 880 1507 917 Hierosolyma
1525 882 1556 908 et
1572 879 1639 917 ejus
1658 879 1740 908 Doc-

239 933 338 967 trina.
354 942 385 964 n.
401 933 444 972 6),

324 993 408 1047 [b.]
452 991 681 1046 Quoniam
707 1007 788 1047 per
813 997 1022 1033 “nomen
1044 991 1282 1044 Jehovae’'
1303 1004 1384 1031 seu
1411 990 1670 1031 “Domini”
1693 989 1739 1030 in

241 1068 377 1097 sensu
403 1055 622 1108 spirituali
649 1055 796 1095 omnis
822 1053 971 1095 cultus
997 1057 1056 1095 ex
1082 1053 1205 1094 bono
1231 1053 1396 1094 amoris
1423 1059 1470 1093 et
1495 1052 1612 1093 veris
1638 1050 1740 1092 fidei

242 1113 534 1167 significatur,
561 1114 663 1154 ideo
694 1114 738 1154 in
771 1127 980 1167 supremo
1007 1126 1140 1153 sensu
1171 1126 1250 1166 per
1276 1115 1482 1152 “nomen
1509 1109 1739 1164 Jehovae”

241 1177 509 1230 intelligitur
535 1177 756 1218 Dominus
782 1177 931 1230 quoad
964 1176 1178 1217 Divinum
1212 1175 1489 1223 Humanum,
1517 1188 1576 1215 ex
1604 1187 1739 1214 causa

243 1241 345 1294 quia
376 1254 435 1282 ex
469 1241 633 1281 Divino
666 1240 881 1281 Humano
919 1240 1063 1293 Ipsius
1094 1239 1299 1293 procedit
1331 1251 1466 1279 omne
1497 1238 1661 1278 amoris
1693 1243 1739 1278 et

243 1303 358 1345 fidei.
420 1303 556 1358 Quod
598 1304 820 1345 Dominus
861 1305 905 1344 in
937 1317 1146 1356 supremo
1178 1316 1312 1343 sensu
1343 1301 1629 1355 intelligatur
1660 1314 1739 1354 per

243 1372 449 1409 “nomen
473 1367 714 1421 Jehovae,'’
740 1373 872 1421 patet
897 1367 1017 1421 apud
1043 1366 1312 1415 Jolzannem,

309 1464 448 1507 “Jesus
465 1464 564 1503 dixit,
586 1464 693 1496 Pater
707 1464 869 1505 glorifica
891 1474 1025 1495 nomen
1050 1469 1160 1495 tuum.
1209 1462 1318 1495 Venit
1341 1472 1413 1494 vox
1436 1472 1456 1494 e
1480 1461 1579 1494 caelo
1603 1461 1738 1500 dicens,

417 1508 462 1541 Et
477 1508 674 1549 glorificavi
691 1515 726 1540 et
742 1518 864 1540 rursus
880 1507 1088 1549 glorificabo
1101 1507 1119 1519 ''
1136 1506 1210 1548 (xii.
1229 1507 1283 1547 28)
1299 1515 1307 1545 ;

240 1596 360 1651 apud
385 1595 589 1645 Esaiam,

310 1686 334 1700 ‘⁴
347 1684 452 1716 Dabo
463 1685 499 1716 .T
500 1695 520 1717 e
544 1685 581 1716 in
598 1685 725 1717 foedus
742 1685 887 1726 populo,
907 1685 945 1716 in
969 1685 1084 1716 lucem
1101 1684 1262 1725 gentium
1277 1693 1302 1723 ;.
1316 1709 1324 1717 .
1338 1708 1346 1716 .
1360 1683 1455 1724 ‚Ego
1478 1683 1653 1725 Jehovah,
1672 1683 1741 1715 hoc

417 1739 550 1760 nomen
567 1738 698 1768 meum,
717 1734 753 1761 et
782 1729 934 1769 gloriam
951 1738 1069 1760 meam
1085 1728 1187 1760 alteri
1204 1738 1278 1760 non
1294 1728 1389 1760 dabo
1401 1727 1419 1739 ’¹
1436 1727 1523 1768 (xlii.
1539 1728 1571 1765 6,
1588 1727 1621 1768 8)
1637 1736 1644 1765 ;

242 1818 302 1859 ibi
328 1818 384 1859 de
413 1818 612 1860 Domino
638 1824 856 1859 venturo:
889 1818 1008 1872 apud
1034 1817 1296 1867 Jeremiam,

311 1916 435 1959 “Ecce
458 1915 535 1947 dies
559 1915 706 1947 venient
728 1925 809 1946 cum
833 1915 1013 1947 suscitabo
1039 1914 1169 1946 Davidi
1187 1914 1343 1946 Germen
1366 1913 1512 1955 justum,
1532 1914 1592 1956 qui
1616 1924 1742 1955 regna-

416 1960 468 1991 bit
492 1959 571 1991 Rex
585 1969 610 1996 ;.
623 1984 631 1991 .
645 1984 653 1991 .
667 1965 718 1991 ‚et
741 1959 810 1990 hoc
835 1969 968 1990 nomen
994 1958 1112 1999 Ipsius
1136 1968 1207 2000 quo
1225 1959 1404 1990 vocabunt
1422 1958 1556 1999 Ipsum,
1575 1957 1740 2000 Jehovah

415 2003 562 2046 Justitia
577 2008 702 2035 nostra
713 2002 731 2015 '’
747 2003 859 2043 (xxiii.
878 2011 907 2042 5,
924 2003 969 2042 6).

243 2095 359 2136 Inde
386 2099 514 2148 patet
540 2093 645 2147 quid
671 2093 715 2133 in
742 2091 961 2134 Oratione
988 2092 1228 2133 Dominica
1253 2091 1523 2145 intelligitur
1548 2105 1628 2145 per

551 2190 573 2203 ‘⁴
586 2186 833 2220 Sanetificetur
849 2197 982 2219 nornen
999 2193 1099 2219 tuum
1112 2187 1130 2199 '’
1147 2186 1294 2228 (Matth.
1311 2187 1358 2219 vi.
1376 2188 1410 2228 9)
1426 2196 1434 2226 ;

243 2279 363 2333 quod
386 2291 548 2332 nempe
572 2278 783 2319 Divinum
803 2277 1064 2318 Humanum
1089 2276 1271 2318 Domini
1289 2274 1446 2317 sancte
1464 2276 1737 2325 habendum,

244 2349 291 2383 et
323 2342 577 2383 colendum.
638 2340 756 2394 Quia
783 2344 987 2381 “nomen
1015 2340 1198 2380 Domini
1212 2339 1231 2355 ”
1255 2339 1333 2380 illa
1359 2339 1598 2393 significat,
1626 2353 1739 2381 con·

244 2413 364 2446 stare
406 2411 560 2459 potest
601 2405 708 2459 quid
749 2403 1020 2457 intelligitur
1043 2417 1122 2457 per
1144 2403 1380 2456 sequentia
1401 2400 1742 2455 baem—Apud

243 2468 510 2518 Johannem,

442 2558 570 2590 Pastor
585 2557 707 2590 ovium
727 2558 750 2572 ‘⁴
762 2558 924 2599 proprias
941 2567 1028 2588 oves
1044 2563 1149 2588 vocat
1166 2556 1312 2588 nornine
1323 2554 1342 2567 ”
1359 2565 1424 2587 suo
1440 2554 1488 2596 (X.
1504 2558 1537 2595 3)
1552 2565 1560 2594 ς

244 2643 363 2697 apud
388 2642 567 2692 Lucam,

380 2734 403 2747 ⁴⁴
416 2731 577 2764 Gaudete
594 2732 688 2773 quod
705 2731 854 2763 nomina
870 2738 990 2763 vestra
1005 2731 1138 2772 scripta
1153 2731 1226 2763 sint
1242 2730 1279 2762 in
1296 2730 1396 2762 caelo
1408 2729 1427 2742 ’'
1444 2727 1492 2771 (x.
1509 2727 1565 2772 2c)
1580 2738 1589 2770 ;

244 2833 292 2867 et
318 2826 362 2866 in
388 2824 677 2878 Apocalypsi,

559 2913 713 2946 “Habes
729 2924 843 2955 pauca
858 2914 1007 2947 nomina
1022 2915 1059 2946 in
1077 2914 1247 2947 Sardibus
1259 2913 1278 2927 '’
1294 2914 1357 2955 (iii.
1373 2913 1420 2954 4).

247 3008 335 3062 Qui
357 3023 447 3050 non
470 3010 553 3051 scit
572 3009 677 3063 quid
697 3009 932 3050 “nomen”
954 3009 1179 3063 significat
1201 3010 1245 3050 in
1263 3008 1434 3058 Verbo,
1454 3018 1738 3062 nequaquam
