2060 3476
688 330 796 363 CAP.
820 330 885 372 11.‚
910 329 1048 362 VERS.
1076 329 1246 374 19.—N.
1274 330 1364 374 154.
1692 330 1771 361 201

277 442 462 485 Domini
493 443 793 498 providentia,
821 448 868 484 et
899 443 943 484 in
970 443 1119 496 specie
1146 442 1354 483 custodia
1379 455 1436 483 ne
1461 440 1652 483 adeatur
1678 441 1773 482 Do-

278 507 424 548 minus
450 508 534 548 nisi
560 521 639 561 per
664 507 847 556 bonum,
875 505 1180 559 significatur:
1213 505 1333 560 apud
1358 504 1644 554 Ezechielem,

344 606 366 620 ‘⁸
377 605 470 644 Vidi,
487 615 568 638 ecce
584 612 736 647 quatuor
751 611 851 637 rotae
866 604 968 646 juxta
983 605 1158 636 cherubos
1172 614 1195 642 ;.
1210 629 1218 637 .
1231 629 1239 637 .
1254 610 1346 637 .tota
1361 614 1445 636 caro
1462 613 1598 641 eorum,
1614 609 1650 635 et
1666 603 1775 635 dorsa

449 659 586 688 eorum,
601 655 638 681 et
651 659 779 681 manus
791 659 929 687 eorum,
946 655 982 681 et
997 649 1075 681 alae
1088 658 1225 686 eorum,
1241 654 1277 680 et
1294 654 1404 686 rotae,
1420 653 1524 680 erant
1540 648 1647 689 plena
1662 648 1774 679 oculis

451 692 704 725 circumcirca”
721 693 768 733 (x.
787 690 854 735 [9,]
875 692 951 734 12);

277 782 324 817 et
350 776 394 816 in
421 775 713 830 Apocalypsi,

343 854 366 866 ⁴⁸
376 851 481 884 Circa
496 852 664 884 thronum
682 858 784 884 erant
802 858 954 893 quatuor
969 852 1140 884 animalia
1163 851 1270 892 plena
1285 851 1398 884 oculis
1415 857 1499 883 ante
1516 857 1552 884 et
1568 857 1664 882 retro
1678 875 1702 889 ,.
1716 875 1724 883 .
1738 875 1746 882 .
1760 875 1768 882 .

449 896 715 980 gngffnquodvis
738 896 906 928 hahebat.
921 921 930 929 .
942 921 950 928 .
965 896 1056 928 ‚alas
1080 896 1212 927 circum
1228 902 1265 928 et
1288 895 1385 927 intus
1409 895 1534 936 plenas
1551 894 1694 926 oculis''
1710 894 1771 934 (iv.

474 965 482 977 ἲ
547 965 555 979 Ι

275 1038 468 1086 quatuor
493 1031 606 1074 haec
635 1032 887 1073 “animalia
898 1032 918 1048 '’
940 1033 1080 1074 etiam
1106 1039 1236 1074 erant
1263 1032 1461 1081 cherubi,
1486 1045 1592 1072 nam
1618 1031 1775 1072 similis

274 1109 418 1149 paene
458 1101 528 1136 est
569 1095 816 1149 descriptio
856 1109 1011 1137 eorum
1048 1110 1162 1150 quae
1203 1102 1274 1137 est
1315 1096 1614 1137 cheruborum
1655 1094 1775 1149 apud

275 1158 558 1199 Ezechielem.
637 1159 732 1199 Illis
778 1165 850 1200 tot
894 1163 919 1180 ‘⁴
935 1159 1053 1201 oculi
1068 1159 1088 1174 ”
1128 1159 1426 1208 ascribuntur,
1467 1160 1570 1213 quia
1610 1159 1776 1200 Divina
1816 1210 1819 1213 ῃ

276 1222 459 1263 Domini
485 1222 786 1276 providentia,
814 1237 929 1277 quae
955 1237 1034 1276 per
1061 1222 1354 1264 “cherubos”
1380 1222 1674 1276 significatur,
1703 1229 1774 1263 est

275 1287 427 1326 omnia
463 1286 507 1326 in
539 1285 676 1326 caelis
708 1292 755 1327 et
792 1287 837 1326 in
874 1288 1004 1327 terris
1041 1301 1100 1328 ex
1138 1287 1304 1327 Divina
1335 1287 1558 1340 sapientia
1589 1300 1774 1340 regere;

276 1349 497 1390 Dominus
520 1350 640 1390 enim
662 1363 722 1390 ex
746 1349 910 1390 Divina
932 1350 1220 1404 providentia
1238 1350 1363 1391 videt
1386 1351 1551 1398 omnia,
1571 1350 1774 1403 disponit

274 1412 443 1460 omnia,
469 1417 517 1452 el:
542 1411 764 1464 prospicit
790 1412 957 1452 omnia.
1016 1422 1129 1460 (Quod
1146 1432 1203 1460 per
1218 1419 1235 1430 ‘⁸
1248 1422 1433 1451 cherubos''
1449 1422 1645 1460 significetur
1660 1422 1777 1451 Divina

272 1473 472 1511 providentia
486 1472 627 1506 Domini,
643 1477 675 1500 et
695 1472 728 1501 in
742 1473 847 1511 specie
861 1473 1006 1502 custodia
1019 1482 1060 1502 ne
1077 1473 1235 1502 Dominus
1249 1474 1383 1502 adeatur
1397 1473 1455 1502 nisi
1469 1483 1526 1511 per
1539 1474 1672 1508 bonum,
1688 1473 1775 1502 vide-

273 1525 345 1550 atur
358 1529 390 1550 n.
405 1529 497 1558 9277.
513 1528 604 1558 9509-
622 1517 760 1558 [¹¹9673-)

354 1584 480 1628 153.
519 1579 543 1598 ‘⁴
554 1575 606 1615 Et
620 1576 749 1628 pedes
769 1587 868 1615 suos
886 1574 1042 1615 slmiles
1062 1573 1577 1626 chalcolibano.''—Quod
1599 1574 1773 1627 signifi-

274 1642 349 1676 cet
381 1635 584 1677 ultimum
613 1636 785 1678 ordinis
815 1636 978 1677 Dz’vz'nz‘
1003 1636 1123 1689 quod
1153 1636 1373 1685 naturale,
1400 1636 1581 1689 plenum
1610 1636 1776 1677 Divino

275 1712 435 1748 amore,
463 1706 646 1740 constat
673 1714 733 1741 ex
759 1699 848 1740 illis
874 1713 989 1753 quae
1015 1713 1149 1752 supra
1178 1698 1239 1753 (n.
1262 1699 1337 1752 69)
1366 1698 1487 1740 dieta
1514 1706 1559 1740 et
1587 1706 1775 1740 ostensa

274 1768 394 1810 sunt,
422 1762 496 1803 ubi
523 1762 698 1804 similia.
761 1762 878 1816 Quia
904 1763 949 1803 in
975 1763 1155 1815 scriptis
1181 1762 1238 1803 ad
1265 1762 1500 1815 Angelum
1526 1762 1655 1815 hujus
1682 1763 1774 1804 Ec-

274 1824 440 1866 clesiae
471 1827 622 1879 agitur
653 1826 710 1867 de
741 1826 963 1867 ecclesiae
993 1826 1174 1866 interno
1205 1826 1326 1879 quod
1358 1825 1605 1879 spirituale,
1638 1833 1686 1867 et
1717 1827 1774 1868 de

274 1888 367 1941 ejus
399 1895 594 1930 externo
622 1889 743 1943 quod
775 1889 996 1938 naturale,
1025 1889 1144 1942 quod
1177 1902 1314 1929 unum
1345 1889 1512 1930 facient
1548 1888 1776 1943 (videatur

273 1965 420 2005 supra,
449 1965 490 1992 n.
524 1951 637 2005 150),
666 1952 769 1993 ideo
801 1953 1109 2005 praemittitur
1137 1952 1194 1993 de
1227 1952 1440 1999 Domino,
1468 1966 1494 1992 a
1519 1966 1608 2006 quo
1639 1967 1775 1994 omne

273 2015 508 2064 ecclesiae,
534 2016 702 2056 “Haec
727 2015 837 2056 dicit
866 2015 1006 2056 Filius
1029 2013 1260 2056 [²]hominis
1287 2015 1460 2056 habens
1487 2015 1644 2056 oculos
1671 2023 1774 2057 tan-

273 2091 409 2132 quam
434 2078 663 2119 flammam
695 2080 826 2132 ignis,
854 2085 901 2119 et
934 2079 1073 2132 pedes
1100 2078 1268 2119 similes
1295 2078 1665 2130 chalcolibano;''
1696 2094 1776 2133 per

276 2142 501 2183 “oculos’'
524 2144 644 2183 enim
666 2141 917 2196 respeffive
939 2143 996 2183 ad
1020 2142 1227 2183 homines
1250 2142 1530 2196 significatur
1546 2143 1774 2184 internum

274 2205 394 2259 quod
421 2206 667 2259 spirituale,
695 2213 741 2248 et
774 2220 852 2260 per
880 2205 1090 2260 “pedes”
1116 2212 1359 2246 externum
1386 2205 1507 2259 quod
1539 2206 1773 2255 naturale;

274 2274 322 2309 at
349 2282 427 2322 per
450 2269 677 2311 “oculos”
699 2276 747 2311 et
772 2269 982 2323 “pedes''
1004 2268 1256 2322 respeffive
1279 2269 1336 2310 ad
1364 2269 1611 2310 Dominum
1634 2270 1774 2323 signi-

274 2331 465 2373 ficantur
491 2332 671 2382 Divina,
699 2347 725 2374 a
751 2333 910 2388 quibus
936 2333 1014 2373 illa
1039 2333 1158 2386 apud
1186 2329 1425 2398 hominess

355 2413 483 2457 154.
508 2413 692 2453 [Vers.19.]
718 2404 845 2445 “Novi
856 2417 981 2457 oper-a
995 2408 1065 2444 tua
1082 2407 1125 2444 et
1139 2403 1617 2457 charitatem.”—Quod
1635 2406 1775 2458 signi-

275 2464 379 2506 ficet
396 2465 617 2506 internum
633 2480 781 2506 eorum
793 2466 873 2519 qui
885 2466 941 2507 ab
957 2466 1147 2514 ecclesia,
1164 2472 1349 2507 constat
1367 2481 1426 2507 ex
1442 2466 1776 2520 significatione

277 2528 542 2581 “'operum,''
568 2529 687 2582 quod
720 2529 811 2570 sint
842 2529 919 2570 illa
945 2544 1059 2583 quae
1086 2536 1191 2570 sunt
1217 2529 1469 2571 voluntatis
1501 2544 1580 2571 seu
1607 2533 1775 2572 amoris

274 2591 485 2632 caelestis
516 2590 592 2646 (de
618 2606 706 2645 qua
736 2606 884 2645 supra,
912 2606 954 2632 n.
981 2591 1072 2646 98),
1100 2599 1146 2633 et
1178 2607 1237 2634 ex
1266 2593 1599 2646 significatione
1627 2594 1774 2635 “cha-

273 2654 462 2707 ritatisff
488 2654 609 2708 quod
641 2655 731 2697 sint
757 2669 871 2709 quae
902 2662 1008 2696 sunt
1040 2657 1205 2696 amoris
1238 2656 1508 2710 spiritualis;
1541 2657 1661 2711 quod
1695 2671 1775 2710 per

277 2722 451 2771 “opera
477 2724 523 2758 et
550 2717 855 2759 charitatem’'
881 2718 1159 2772 significetur
1184 2720 1411 2760 internum
1437 2720 1672 2769 ecclesiae,
1701 2728 1772 2761 est

273 2781 376 2834 quia
402 2780 479 2821 illa
505 2795 619 2834 quae
645 2787 750 2822 sunt
776 2780 1027 2823 voluntatis
1053 2796 1131 2823 seu
1157 2783 1322 2823 amoris
1347 2783 1516 2824 faciunt
1542 2784 1770 2824 internum

274 2843 380 2896 ejus,
405 2851 463 2890 at,
479 2844 556 2884 illa
581 2859 696 2898 quae
721 2851 826 2887 sunt
852 2843 1111 2886 intelle8cus
1137 2852 1183 2886 et
1210 2845 1312 2887 fidei
1338 2846 1506 2887 faciunt
1529 2853 1772 2887 externum

274 2907 380 2960 ejus.
437 2907 551 2949 Sunt
569 2908 659 2948 bini
677 2922 868 2958 amores,
888 2910 961 2962 qui
978 2909 1147 2950 faciunt
1166 2909 1342 2950 caelum
1360 2923 1438 2950 seu
1456 2909 1774 2958 ecclesiam,—

273 2984 400 3012 amor
431 2972 474 3012 in
509 2972 753 3012 Dominum
785 2979 831 3013 et
863 2985 990 3013 amor
1018 2986 1127 3025 erga
1159 2974 1416 3026 proximum
1443 2987 1521 3014 seu
1543 2973 1771 3014 charitas:
