2060 3476
296 329 353 374 79
711 328 1044 362 APOCALYPSIS
1076 330 1374 362 EXPLICATA.

294 444 497 498 pedibus,
521 444 623 485 ideo
646 457 724 498 per
749 443 956 497 “pedes‘’
979 443 1255 497 significatur
1275 445 1443 486 bonum
1465 445 1629 486 amoris
1652 451 1783 486 natu-

294 506 401 548 ralis
425 521 450 548 e
475 506 710 560 spirituali,
738 506 856 560 quod
884 513 953 547 est
985 507 1152 548 bonum
1178 507 1306 557 fidei;
1340 521 1475 548 causa
1506 513 1575 548 est
1608 508 1710 561 quia
1740 508 1784 548 id

294 570 463 611 bonum
493 569 553 610 ibi
584 575 747 622 regnat
779 575 825 610 et
856 569 963 611 facit
993 569 1117 611 illud.
1179 569 1254 611 Ex
1286 570 1355 611 his
1387 576 1531 623 patet,
1564 570 1682 610 unde
1713 576 1784 611 est

295 633 416 686 quod
451 632 721 673 “mamilla”
753 632 977 686 significet
1009 646 1210 674 amorem
1241 632 1534 686 spiritualem,
1562 639 1609 674 et
1640 636 1784 687 “pec-

294 701 366 736 tuS
380 694 399 709 n
425 695 593 737 bonum
620 695 725 748 ejus.
788 706 866 744 (Sed
887 706 966 735 haec
987 706 1098 736 melius
1119 711 1251 744 possunt
1265 706 1393 744 intelligi
1408 716 1447 735 ex
1462 706 1520 735 illis
1541 715 1623 743 quae
1645 706 1675 735 in
1691 715 1787 744 opere

294 758 345 786 Dc
364 758 455 787 Caelo
469 761 500 787 et
513 758 640 796 Irgferno
655 762 781 788 ostensa
801 762 883 791 sunt.
897 755 1051 796 imprimis
1065 768 1104 788 ex
1125 759 1261 788 articulis
1282 759 1336 788 ubi
1357 759 1461 796 agitur
1476 759 1526 787 De
1540 758 1656 788 Tribus
1671 759 1785 793 Caelis,

293 814 323 834 n.
341 814 455 842 29-39;
479 806 518 834 de
533 814 582 840 eo,
597 806 685 842 quod
701 805 852 835 Divinum
866 805 995 835 Domini
1009 806 1042 835 in
1057 806 1160 836 Caelis
1174 806 1213 835 sit
1226 807 1328 836 Amor
1338 806 1370 834 in
1386 807 1495 844 Ipsum
1511 810 1542 834 et
1556 805 1701 836 Charitas
1712 815 1787 844 erga

296 853 479 882 Proximum
491 862 521 882 n.
535 861 647 890 13-19;
664 853 752 890 quod
763 853 952 883 Universum
965 853 1098 883 Caelum
1110 853 1222 883 referat
1234 861 1333 882 unum
1347 853 1533 887 Hominem,
1545 862 1576 883 n.
1589 850 1738 890 [¹159—67;
1755 858 1787 882 et

293 900 381 936 quod
396 900 685 937 Correspondentia
698 900 735 929 sit
748 899 835 930 Caeli
850 909 923 929 cum
935 901 1082 929 omnibus
1095 900 1253 934 Hominis,
1266 909 1296 930 n.
1311 902 1444 936 87-102;
1468 904 1499 929 et
1513 900 1545 929 in
1556 900 1697 930 Arcanis
1711 901 1784 930 Cae-

294 947 428 982 lestibus,
441 956 472 977 n.
484 949 573 984 4938,
584 956 673 984 4939,
688 949 795 984 10087.
840 948 931 977 Haec
942 957 1045 985 pauca
1055 947 1158 977 solum
1170 947 1381 976 illustrationis
1393 956 1488 976 causa
1498 947 1571 976 inde
1582 947 1693 976 afferre
1704 947 1785 982 licet,

293 989 382 1030 quod
396 997 413 1008 ‘⁸
424 993 535 1032 peotus
545 993 561 1003 ''
578 994 730 1032 significet
750 994 872 1023 bonum
886 994 1002 1024 amoris
1015 994 1191 1032 spiritualis,
1207 994 1301 1024 etiam
1316 1004 1355 1024 ex
1376 994 1429 1023 illa
1442 1003 1546 1029 causa,
1562 988 1637 1031 quia
1650 994 1733 1023 intus
1754 994 1786 1023 in

293 1040 422 1078 pedtore
437 1046 510 1070 sunt
524 1050 579 1070 cor
593 1046 623 1070 et
637 1041 757 1079 pulmo.
773 1046 804 1070 et
819 1044 836 1056 ¹¹
846 1051 901 1071 cor
910 1041 926 1051 '⁶
940 1051 979 1071 ex
994 1042 1272 1080 correspondentia
1285 1041 1438 1079 significat
1452 1050 1593 1071 amorem
1608 1041 1785 1076 caelestem,

294 1085 325 1117 et
339 1091 356 1103 ‘¹
366 1089 477 1126 pulmo
487 1088 503 1098 '¹
520 1097 661 1117 amorem
676 1089 877 1126 spiritualem,
892 1089 948 1118 sed
967 1089 1077 1127 pulmo
1091 1089 1200 1127 implet
1214 1089 1341 1127 ρεόὶιιες
1363 1089 1452 1126 quod
1472 1088 1525 1118 illa
1539 1089 1786 1126 corresponden-

294 1136 337 1164 tia
357 1136 405 1170 sit,
420 1136 564 1165 videatur
584 1136 615 1165 in
630 1136 770 1165 Arcanis
788 1137 983 1171 Caelestibus,
998 1145 1030 1166 n.
1051 1137 1239 1174 3883-3896,
1254 1138 1344 1174 9280,
1366 1145 1455 1174 9300.
1499 1136 1585 1172 Quid
1605 1145 1696 1179 amor
1716 1145 1786 1165 cae-

294 1183 379 1212 lestis
393 1187 424 1212 et
438 1183 516 1220 quid
530 1191 621 1212 amor
633 1183 809 1230 spiritualis,
826 1184 969 1214 videatur
982 1184 1014 1213 in
1029 1192 1125 1222 opere
1139 1184 1191 1213 De
1209 1184 1301 1213 Caelo
1315 1186 1345 1212 ct
1359 1183 1496 1222 lnserno,
1512 1191 1543 1213 n.
1559 1182 1623 1221 23).

375 1240 475 1281 66.
517 1250 629 1294 [Vers.
651 1248 721 1292 14-]
753 1244 777 1262 “
792 1239 843 1280 ft
869 1243 994 1292 caput
1013 1239 1142 1292 Ipsius
1164 1243 1209 1280 et
1226 1238 1364 1292 capilli
1383 1236 1783 1289 candidi.”-—Quod

295 1301 552 1355 significent
578 1301 792 1343 Divinum
817 1301 862 1342 in
881 1301 1053 1354 primis
1077 1307 1119 1342 et
1142 1300 1323 1350 ultimis,
1349 1305 1532 1341 constat
1558 1313 1618 1340 ex
1645 1299 1783 1351 signi-

295 1363 507 1406 ficatione
533 1364 771 1418 “capitis‚”
794 1377 893 1405 cum
917 1364 973 1405 de
997 1364 1208 1413 Domino,
1233 1363 1288 1404 de
1314 1377 1403 1417 quo
1424 1362 1536 1403 haec
1560 1362 1782 1408 dicuntur,

295 1428 415 1481 quod
438 1429 496 1469 sit
519 1427 732 1469 Divinum
755 1428 799 1468 in
821 1428 973 1481 primis
998 1426 1074 1481 (de
1099 1440 1186 1481 qua
1208 1425 1427 1480 sequitur)
1447 1440 1456 1476 3
1489 1431 1535 1466 et
1563 1438 1622 1465 ex
1645 1425 1783 1478 signi-

295 1489 506 1531 ficatione
527 1494 551 1511 “
565 1489 868 1544 capillorum,”
891 1490 1010 1544 quod
1033 1491 1090 1531 sit
1114 1490 1326 1530 Divinum
1348 1490 1392 1530 in
1411 1488 1579 1529 ultimis
1600 1486 1676 1542 (de
1698 1501 1786 1541 qua

295 1554 434 1594 etiam
466 1553 715 1607 sequitur);
753 1560 799 1594 et
831 1567 890 1594 ex
923 1553 1252 1606 significatione
1287 1550 1543 1600 “candidi‚’'
1574 1550 1694 1604 quod
1726 1552 1784 1592 sit

295 1627 466 1668 purum.
503 1622 631 1662 '(Quod
646 1627 662 1638 ‘¹
674 1625 781 1654 album
792 1624 808 1633 ⁹*
822 1629 853 1653 et
865 1627 881 1639 ⁸⁴
892 1625 1063 1654 candidum
1074 1624 1090 1634 '⁶
1107 1625 1145 1653 sit
1158 1633 1284 1662 purum,
1296 1624 1439 1654 videatur
1450 1633 1480 1654 n.
1493 1631 1582 1661 3301,
1594 1632 1684 1662 3993,
1696 1631 1785 1661 4007,

295 1690 399 1723 5319.)
479 1673 612 1728 Quod
652 1675 865 1728 “caput‚”
905 1688 1006 1716 cum
1051 1675 1106 1716 de
1148 1675 1358 1724 Domino,
1397 1676 1455 1717 sit
1493 1675 1705 1716 Divinum
1740 1675 1784 1715 in

249 1784 255 1790 ‚
295 1738 462 1791 primis,
486 1745 556 1779 est
579 1739 682 1792 quia
703 1745 838 1792 caput
862 1745 931 1780 est
955 1751 1211 1792 supremum
1233 1738 1440 1788 hominis,
1465 1745 1511 1779 et
1538 1739 1581 1779 in
1604 1752 1658 1780 eo
1680 1745 1784 1779 sunt

296 1802 439 1854 prima
465 1801 572 1853 ejus,
600 1815 714 1854 quae
740 1807 961 1842 vocantur
986 1802 1215 1855 principia,
1244 1815 1303 1842 ex
1335 1801 1493 1855 quibus
1525 1801 1786 1842 derivantur

295 1863 373 1904 illa
399 1878 512 1918 quae
538 1863 650 1905 fiunt
682 1864 726 1904 in
752 1877 965 1918 corpore;
998 1870 1102 1905 sunt
1130 1865 1248 1905 enim
1281 1865 1327 1905 in'
1351 1865 1500 1918 capite
1526 1862 1784 1905 intellthus

296 1934 342 1968 et
369 1927 594 1979 uoluntas,
623 1941 649 1968 a
674 1927 832 1981 quibus
859 1934 907 1968 ut
934 1941 960 1968 a
986 1928 1074 1968 suis
1106 1928 1258 1981 primis
1284 1941 1361 1968 seu
1387 1928 1612 1981 principiis
1643 1927 1783 1968 fluunt

296 1990 480 2044 reliqua,
508 2004 622 2044 quae
654 1996 759 2031 sunt
791 1991 912 2031 vitae
944 1990 1167 2031 ulterioris
1198 1990 1407 2038 hominis,
1441 1996 1572 2043 prout
1605 1989 1786 2043 loquela

296 2060 343 2094 et
370 2067 527 2094 omnes
553 2051 692 2094 aetus.
755 2052 889 2106 Quod
921 2060 1073 2094 autem
1103 2053 1330 2107 “ca·pilli,'’
1356 2066 1456 2094 cum
1489 2053 1544 2094 de
1571 2053 1782 2099 Domino,

297 2118 387 2157 sint
421 2117 633 2157 Divinum
664 2117 708 2157 in
740 2116 923 2164 ultimis,
952 2123 1021 2157 est
1053 2117 1155 2170 quia
1186 2115 1336 2170 capilli
1367 2122 1471 2157 sunt
1503 2115 1688 2166 ultima;
1721 2116 1785 2157 illi

297 2181 417 2221 enim
442 2186 650 2221 crescunt
677 2193 736 2220 ex
763 2179 932 2220 ultimis
958 2179 1077 2233 apud
1108 2179 1352 2228 hominem,
1380 2185 1426 2220 et
1458 2179 1502 2232 in
1533 2178 1635 2220 illos
1666 2179 1784 2220 desi-

298 2249 410 2284 nunt
448 2244 616 2297 prima;
662 2249 938 2296 quapropter
969 2255 1069 2283 cum
1106 2242 1268 2283 dicitur
1301 2245 1475 2296 “caput
1512 2248 1558 2283 et
1595 2242 1786 2296 capilli‚''

297 2306 615 2359 intelliguntur
654 2307 796 2359 prima
835 2312 881 2346 et
923 2305 1094 2346 ultima.
1168 2304 1255 2358 Qui
1295 2306 1379 2346 scit
1420 2305 1540 2358 quod
1580 2304 1786 2359 “caput''

298 2369 521 2423 significet
545 2370 700 2422 prima,
724 2375 771 2409 et
797 2367 1014 2422 “capilli''
1037 2368 1210 2416 ultima,
1235 2369 1373 2408 etiam
1398 2369 1443 2408 in
1465 2367 1783 2421 spiritualibus,

299 2439 344 2473 et
367 2432 487 2486 quod
514 2433 655 2486 prima
677 2438 724 2472 et
747 2431 906 2472 ultima
932 2430 1187 2485 significent
1214 2432 1364 2472 omnia
1390 2429 1457 2486 (ut
1481 2444 1627 2484 supra,
1651 2444 1692 2472 n.
1715 2442 1784 2483 41,

299 2502 533 2536 ostensum
559 2494 650 2548 est)
679 2496 790 2535 scire
817 2501 971 2548 potest
998 2494 1125 2548 plura
1149 2507 1314 2534 arcana
1339 2507 1496 2534 sensus
1522 2495 1688 2536 interni
1714 2494 1787 2535 ubi

298 2558 376 2599 illa
401 2559 716 2599 nominantur:
750 2564 882 2611 prout
909 2558 1029 2612 quod

366 2658 560 2690 Naziraeus
577 2668 650 2690 non
668 2658 807 2690 raderet
831 2667 970 2689 comam
987 2657 1112 2698 capitis
1137 2657 1202 2695 sui,
1222 2658 1305 2698 quia
1321 2657 1392 2695 illa,
1411 2666 1451 2689 ut
1466 2657 1604 2695 dicitur,
1623 2663 1699 2689 erat
1717 2656 1788 2689 Na·

474 2702 647 2732 ziraeatus
667 2701 733 2732 Dei
751 2711 857 2741 super
873 2702 987 2742 capite
1004 2701 1094 2741 ejus,
1111 2706 1146 2732 et
1162 2701 1256 2742 quod
1270 2701 1443 2733 absolutis
1460 2701 1585 2732 diebus
1599 2701 1786 2732 abraderet

473 2745 582 2783 illam,
603 2751 638 2776 et
654 2751 879 2776 consecraret
894 2744 1019 2785 (Num.
1036 2744 1082 2776 vi.
1102 2745 1218 2784 1—21):

300 2833 397 2869 tum
423 2825 543 2882 quod

366 2917 522 2949 Simsoni
539 2923 633 2949 esset
650 2918 757 2949 robur
773 2918 809 2949 in
833 2917 981 2958 capillis,
1001 2923 1037 2949 et
1060 2917 1154 2958 quod
1171 2917 1239 2948 illis
1257 2918 1393 2949 abrasis
1409 2915 1524 2949 faetus
1541 2917 1587 2948 sit
1611 2916 1782 2954 infirmus,

477 2966 512 2992 et
529 2961 598 2992 illis
616 2962 920 2993 succrescentibus
936 2961 1075 2992 veniret
1092 2961 1126 2991 in
1146 2962 1252 2992 robur
1268 2960 1405 3003 (Judic.
1422 2961 1493 2993 xvi.
1513 2969 1550 3000 13
1568 2960 1613 2991 ad
1630 2959 1726 3000 fin‚):
