2060 3476
315 379 367 422 32
725 379 1058 414 APOCALYPSIS
1089 382 1388 415 EXPLICATA.

390 498 483 542 29.
522 493 546 512 ‘¹
561 489 613 530 ft
638 489 728 542 lpse
758 490 953 544 Princeps
983 505 1126 546 regum
1157 493 1333 534 tert-ae!
1338 492 1542 546 '—Quod
1574 493 1809 547 significet

309 563 365 589 ex
394 564 476 602 quo
506 565 628 591 omne
656 566 807 593 verum
836 567 891 593 ex
921 553 1026 593 bono
1056 568 1101 594 zn
1131 554 1319 604 eccksza,
1353 561 1534 596 constat
1571 569 1630 596 ex
1662 556 1800 608 signi-

310 612 520 655 ficatione
548 614 797 668 “Princeps
828 617 1011 670 regumss
1016 616 1168 671 ’quod
1200 619 1257 658 sit
1288 631 1314 658 a
1345 631 1433 671 quo
1464 631 1598 659 omne
1619 632 1798 668 verum;

314 677 590 731 “princeps‘'
616 684 685 719 est
717 680 986 732 primarium,
1014 686 1060 721 et
1094 680 1294 733 “reges’‘
1320 686 1424 721 sunt
1455 695 1586 732 vera;
1620 687 1667 722 et
1698 682 1801 735 quia

310 740 367 780 de
394 740 604 790 Domino,
632 742 705 795 qui
736 741 806 783 hic
836 742 1088 796 “Princeps
1114 757 1271 796 regum
1283 743 1303 759 ‘'
1327 750 1528 793 vocatur,
1557 750 1626 785 est
1653 758 1679 785 a
1711 758 1799 798 quo

309 816 442 844 Omne
467 817 619 845 verum
638 818 646 845 Ζ
681 814 783 853 (quod
795 815 994 854 ‘'princeps”
1006 816 1045 845 sit
1055 816 1402 854 primarium‚videatur
1410 826 1440 847 n.
1453 819 1540 854 1482,
1551 819 1639 855 2089,
1652 825 1751 856 5044;
1770 821 1801 847 et

307 865 396 902 quod
407 868 424 880 ‘¹
435 874 523 903 reges
533 866 549 876 ''
561 867 622 895 sint
633 875 715 901 vera,
725 866 881 895 videbitur
891 867 923 895 in
936 866 1143 904 explicatione
1154 876 1260 901 versus
1271 868 1438 905 sequentis,
1449 868 1503 896 ubi
1515 868 1636 902 dicitur,
1650 871 1666 882 '¹
1678 868 1719 897 Et
1730 868 1800 897 fecit

307 925 366 945 nos
377 925 465 954 reges
479 922 510 946 et
523 917 732 953 sacerdotes.''
758 926 793 948 n.
816 919 862 960 31
878 917 899 957 :)
931 914 977 949 et
999 922 1057 949 eX
1081 908 1407 961 Significatione
1431 908 1653 957 “terrae,”
1675 909 1795 962 quod

307 970 364 1010 sit
390 970 594 1019 ecclesia,
622 971 678 1012 de
704 984 790 1024 qua
818 972 1028 1024 sequitur.
1090 971 1176 1025 Qui
1208 985 1297 1013 non
1330 973 1414 1013 scit
1446 985 1625 1013 sensum
1657 972 1795 1012 inter-

308 1046 413 1074 num
440 1033 593 1082 Verbi,
618 1047 707 1074 non
734 1034 864 1074 aliter
890 1041 1041 1087 potest
1068 1036 1180 1076 scire
1202 1048 1334 1088 quam
1357 1035 1476 1088 quod
1503 1048 1632 1088 reges
1658 1036 1797 1076 totius

306 1102 452 1137 terrae
484 1097 553 1138 hic
585 1096 923 1149 intelligantur;
955 1104 1002 1138 at
1034 1111 1172 1151 usque
1198 1111 1288 1138 non
1314 1098 1627 1151 intelliguntur
1652 1112 1794 1152 reges,

306 1171 387 1199 nec
415 1165 546 1208 terra,
575 1160 653 1200 sed
685 1173 762 1212 per
790 1159 989 1212 “reges”
1014 1159 1076 1200 illi
1103 1173 1259 1201 omnes
1285 1161 1357 1214 qui
1383 1161 1426 1201 in
1451 1162 1565 1201 veris
1591 1175 1649 1202 ex
1676 1161 1796 1202 bono

305 1229 424 1271 sunt,
452 1230 497 1263 et
524 1236 602 1276 per
629 1226 833 1263 “terram
846 1222 865 1237 ”
891 1222 1094 1264 ecclesia.
1156 1233 1268 1271 (Quod
1288 1243 1345 1271 per
1359 1233 1526 1263 “terram''
1543 1234 1734 1271 significetur
1747 1243 1797 1263 ec-

304 1285 406 1319 clesia,
423 1285 527 1314 multis
549 1290 710 1313 ostensum
731 1289 778 1313 est
798 1284 829 1313 in
844 1284 983 1314 Arcanis
1008 1285 1201 1320 Caclestibus,
1217 1294 1256 1314 ex
1277 1285 1392 1322 quibus
1412 1286 1491 1315 haec
1511 1285 1553 1314 ibi
1575 1285 1740 1315 videantur
1748 1296 1797 1316 :—·

304 1333 401 1369 Quod
415 1342 472 1371 per
486 1332 653 1361 “terram''
669 1332 860 1369 significetur
874 1341 1006 1370 regnum
1023 1332 1153 1361 Domini
1167 1337 1198 1362 et
1213 1333 1352 1367 ecclesia,
1368 1342 1399 1363 n.
1412 1334 1481 1368 662,
1499 1333 1585 1368 1066,
1603 1334 1690 1368 1068,
1708 1334 1795 1369 1262,

306 1389 392 1418 1413·
415 1382 503 1418 2928¹
526 1386 615 1417 3355.
637 1387 726 1416 4447.
746 1386 836 1416 4535.
852 1386 940 1416 5577.
958 1381 1046 1414 8011.
1061 1386 1151 1417 9325,
1166 1380 1261 1417 9643:
1287 1388 1327 1408 ex
1348 1388 1443 1409 eausa
1462 1380 1623 1418 imprimis,
1645 1380 1721 1417 quia
1739 1389 1797 1418 per

304 1431 320 1442 ‘¹
331 1432 445 1457 terram
455 1427 471 1436 '¹
485 1426 665 1464 intelligitur
675 1427 774 1455 Terra
789 1426 929 1463 Canaan,
943 1430 973 1455 et
987 1426 1029 1454 ibi
1044 1426 1144 1466 fuerat
1158 1427 1290 1456 ecclesia
1303 1427 1343 1456 ab
1355 1426 1576 1464 antiquissimis
1591 1427 1794 1465 temporibus,

303 1483 333 1504 n.
350 1474 417 1511 567,
430 1474 518 1512 3686,
531 1482 619 1511 4447,
632 1480 720 1510 4454,
733 1473 821 1510 4516,
834 1480 923 1510 4517,
936 1473 1024 1510 5136,
1037 1473 1125 1510 6516,
1138 1480 1227 1511 9325,
1239 1482 1335 1511 9327:
1358 1478 1388 1502 et
1403 1474 1477 1511 quia
1490 1473 1522 1502 in
1537 1474 1687 1511 spirituali
1701 1483 1794 1504 sensu

302 1531 359 1559 per
370 1525 386 1536 ‘¹
398 1526 511 1550 terram
521 1520 537 1530 '¹
551 1521 732 1557 intelligitur
741 1528 818 1557 gens
830 1528 912 1557 quae
926 1520 968 1548 ibi
983 1524 1014 1548 et
1025 1520 1091 1558 ejus
1103 1521 1213 1555 cultus,
1226 1530 1256 1550 n.
1271 1521 1358 1551 1262.
1401 1521 1499 1557 Quod
1510 1524 1655 1550 “novum
1671 1522 1793 1551 caelum

302 1573 333 1597 et
347 1577 430 1598 nova
441 1567 547 1597 terra''
561 1567 712 1605 significet
724 1566 887 1595 ecclesiam
902 1566 934 1595 in
949 1566 1042 1596 caelis
1056 1571 1087 1596 et
1101 1566 1133 1596 in
1147 1567 1243 1602 terris¹
1256 1576 1286 1597 n.
1302 1576 1388 1604 1733,
1403 1569 1489 1604 1850,
1502 1576 1590 1604 2117,
1604 1570 1691 1602 2118,
1703 1576 1793 1606 3355,

301 1622 390 1653 4535,
408 1623 515 1652 10373.
558 1614 655 1651 Quod
676 1623 732 1651 per
753 1614 944 1642 creationem
966 1614 1042 1643 caeli
1064 1618 1095 1643 et
1115 1618 1224 1649 terrae,
1240 1614 1272 1643 in
1292 1614 1400 1652 primis
1421 1614 1574 1652 capitibus
1593 1615 1746 1650 Geneseos,
1761 1615 1793 1644 in

300 1671 395 1691 sensu
415 1662 537 1690 interno
559 1661 752 1690 describatur
772 1660 955 1690 instauratio
974 1660 1135 1691 Ecclesiae
1148 1661 1403 1699 Antiquissimae,
1415 1671 1447 1694 n.
1466 1663 1553 1698 8891,
1572 1671 1661 1699 9942,
1678 1669 1791 1699 10545:

300 1709 388 1746 quod
400 1712 417 1723 ‘¹
427 1717 532 1738 creare
542 1708 558 1717 ''
571 1708 610 1737 sit
620 1708 791 1736 instaurare
803 1712 834 1736 et
845 1716 1038 1745 regenerare,
1050 1717 1081 1738 n.
1095 1716 1202 1745 10373.
1245 1708 1343 1745 Quod
1355 1711 1371 1722 ¹⁴
1380 1708 1497 1737 humus
1506 1708 1522 1718 '¹
1536 1708 1629 1737 etiam
1640 1709 1792 1746 significet

299 1757 472 1791 ecclesiam¹
482 1758 538 1786 sed
548 1759 565 1770 ‘¹
576 1757 692 1785 humus
702 1755 718 1764 '’
728 1764 767 1784 ex
776 1756 956 1793 receptione
964 1756 1130 1791 seminum,
1139 1765 1221 1794 quae
1230 1760 1303 1785 sunt
1312 1765 1394 1790 vera,
1404 1755 1525 1785 “terra''
1535 1761 1641 1785 autem
1651 1765 1689 1785 ex
1698 1761 1792 1794 gente

299 1808 330 1832 et
341 1804 407 1841 ejus
419 1804 514 1838 cultu,
526 1812 557 1832 n.
570 1803 638 1840 566,
652 1801 775 1836 [¹]1o68,
790 1810 896 1839 10570.
942 1803 1106 1832 Praeterea
1116 1806 1132 1817 ¹·
1143 1802 1254 1837 terra,''
1265 1802 1340 1840 quia
1349 1802 1502 1840 signifieat
1513 1803 1686 1838 ecclesiam,
1697 1803 1790 1833 etiam

298 1850 451 1888 significat
465 1850 654 1888 religiosum,
671 1850 756 1878 unde
778 1849 872 1878 etiam
894 1849 1140 1884 idololafficum:
1163 1854 1199 1879 ut
1213 1850 1339 1879 “Terra
1352 1848 1520 1887 Aegypti‚''
1538 1849 1664 1879 “Terra
1683 1850 1791 1880 Philis-

298 1897 494 1932 thaeorum,''
508 1900 525 1911 ¹¹
535 1897 634 1926 Terra
645 1896 808 1926 Chaldaea
817 1896 833 1905 ''
847 1901 878 1925 et
890 1899 906 1911 '⁸
919 1896 1073 1931 Babelis,''
1087 1901 1117 1925 et
1131 1896 1236 1934 plures
1250 1896 1338 1926 aliae.
1381 1896 1478 1932 Quod
1490 1898 1507 1910 ‘¹
1518 1900 1599 1926 terra
1608 1896 1624 1906 ''
1637 1897 1790 1935 significet
1804 1899 1807 1901 ’

298 1945 471 1979 ecclesiam,
487 1944 580 1973 etiam
596 1943 705 1982 paucis
719 1948 880 1972 ostensum
895 1943 1038 1972 videatur
1052 1943 1084 1972 in
1099 1944 1253 1982 opusculo
1269 1944 1320 1972 De
1337 1943 1454 1973 Ultimo
1468 1942 1610 1983 Judicio.
1626 1952 1657 1973 n.
1672 1953 1701 1982 3,
1716 1944 1760 1983 4.)

378 2008 476 2051 3ο.
515 1996 711 2037 “amanti
736 2008 810 2036 nos
841 2000 885 2037 et
901 1996 1057 2036 lavanti
1081 2009 1156 2037 nos
1176 2010 1202 2036 α
1227 1995 1416 2049 peccatis
1446 1996 1599 2037 nostris
1624 1996 1665 2037 in
1686 2010 1785 2039 san-

294 2058 417 2112 quine
436 2056 751 2110 suo,''—Quod
773 2056 993 2110 significet
1010 2056 1166 2109 Ipsius
1182 2056 1407 2105 Amorem,
1425 2062 1468 2096 et
1486 2058 1784 2109 regeneratio-

297 2135 392 2162 nem
408 2127 492 2173 per
507 2133 613 2160 vera
630 2132 740 2172 quae
759 2118 814 2159 ab
835 2118 952 2170 Ipso,
973 2124 1152 2159 constat
1171 2132 1229 2159 ex
1252 2117 1579 2177 significatione
1599 2118 1784 2161 “lavare

296 2198 322 2224 a
348 2182 583 2237 peccatiS,''
609 2181 728 2235 quod
754 2182 810 2222 sit
833 2194 1098 2234 regenerare
1121 2190 1176 2229 (de
1187 2191 1296 2228 quain
1311 2191 1470 2220 Doctrina
1483 2192 1593 2222 Novae
1607 2192 1785 2232 Hieroso&-

295 2266 418 2292 mae,n.
435 2254 614 2296 202-209);
648 2250 694 2285 et
721 2258 779 2286 ex
806 2243 1132 2297 significatione
1159 2244 1243 2284 “in
1270 2243 1488 2296 sanguine
1519 2243 1637 2293 suo,'’
1662 2245 1783 2298 quod

295 2309 352 2349 Sit
384 2322 461 2361 per
486 2321 591 2348 vera
616 2321 730 2361 quae
761 2307 818 2348 ab
849 2307 954 2360 Ipso
986 2317 1040 2356 (de
1054 2326 1119 2355 qua
1131 2317 1164 2346 in
1178 2317 1289 2346 eadem
1305 2316 1473 2351 Doctrina,
1488 2312 1519 2346 ri.
1535 2325 1683 2354 210-213,
1699 2322 1730 2347 et
1744 2327 1783 2347 ex

293 2380 431 2409 Arcanis
445 2379 628 2409 Caelestibus
637 2379 729 2413 ibi,n.
740 2387 807 2414 217,
818 2387 885 2416 219,
895 2377 980 2417 222).
1023 2366 1156 2420 Quod
1176 2370 1200 2387 ‘⁴
1214 2367 1395 2419 Sanguis
1407 2366 1426 2381 ”
1444 2366 1625 2407 Domini
1643 2368 1780 2420 Signi·-

294 2432 397 2473 ficet
415 2446 520 2472 vera
542 2446 600 2472 ex
623 2432 757 2480 bono,
777 2432 840 2471 ita
856 2444 961 2471 vera
978 2443 1036 2471 ex
1061 2430 1270 2478 Domino,
1290 2443 1424 2482 aegre
1442 2435 1594 2482 potest
1613 2431 1779 2483 percipi

293 2502 339 2536 et
358 2495 478 2535 credi
495 2495 551 2535 ab
569 2495 749 2535 homine
767 2495 839 2547 qui
857 2493 964 2534 nihil
982 2494 1038 2534 de
1056 2506 1188 2533 sensu
1205 2491 1420 2546 spirituali
1438 2492 1577 2533 Verbi
1595 2494 1706 2548 scit¹;
1733 2500 1779 2534 et

293 2564 525 2611 praeterea
547 2564 733 2610 apparet
755 2563 978 2597 remotum
1000 2555 1254 2609 intelligere
1275 2569 1380 2596 vera
1402 2569 1426 2596 a
1454 2555 1650 2596 Domino
1676 2555 1778 2597 loco

294 2621 550 2673 “sanguinis
563 2620 581 2635 ''
594 2620 735 2673 Ipsius
753 2634 762 2670 ;
789 2620 867 2660 sed
883 2633 1020 2673 usque
1035 2633 1124 2660 non
1140 2618 1258 2660 aliud
1273 2618 1538 2671 intelligitur
1552 2632 1630 2672 per
1644 2623 1775 2659 “san-

291 2683 501 2736 guinem’'
529 2683 708 2723 Domini
740 2684 783 2723 in
815 2682 955 2731 caelo,
982 2689 1028 2723 et
1059 2682 1144 2723 hoc
1170 2695 1229 2722 ex
1256 2695 1401 2730 causa,
1429 2682 1531 2735 quia
1557 2682 1775 2722 Dominus

289 2746 348 2786 ibi
380 2752 448 2786 est
481 2745 689 2786 Divinum
717 2745 886 2786 Verum
918 2746 1089 2787 unitum
1122 2744 1285 2786 Divino
1317 2744 1470 2795 B0n0;
1507 2745 1610 2792 inde
1633 2757 1774 2794 ‚nemo

288 2809 348 2850 ibi
373 2809 429 2849 de
461 2810 676 2861 sanguine
707 2815 753 2849 et
785 2822 918 2850 carne
950 2809 1091 2869 Ipsius
1116 2809 1303 2861 cogitat.
1355 2807 1690 2860 Cogitationem
1717 2808 1773 2848 de

287 2871 373 2912 illis
394 2878 559 2912 vocant
583 2871 875 2921 materialem,
895 2885 1008 2925 quae
1029 2884 1119 2912 non
1141 2871 1272 2911 datur
1293 2871 1410 2924 apud
1431 2870 1544 2911 illos.
1605 2869 1771 2912 Dicunt

232 2923 239 2932 ’
286 2936 423 2975 etiam
441 2934 560 2988 quod
583 2948 664 2975 nec
688 2935 830 2975 sciant
849 2935 967 2988 quod
989 2948 1092 2975 caro
1114 2940 1159 2975 et
1182 2935 1364 2987 sanguis
1385 2931 1705 2978 [²]nominentur
1725 2934 1769 2975 in

286 2997 454 3045 Verbo,
482 3011 540 3038 ex
573 3010 706 3038 causa
732 2999 832 3051 quia
862 2997 938 3038 illa
963 3010 1076 3051 quae
1107 3003 1210 3038 sunt
1242 3010 1396 3037 sensus
1427 2995 1603 3037 litterae
1630 2995 1768 3037 Verbi
