2060 3476
268 323 347 376 136
676 330 1009 364 APOCALYPSIS
1040 329 1338 363 EXPLICATA.

263 445 356 486 lum
388 444 620 490 Ecclesiae
647 443 996 497 Smyrnaeorum
1007 443 1027 460 ”
1052 443 1108 485 de
1132 443 1218 485 illis
1243 444 1316 498 qui
1347 443 1391 484 in
1418 442 1752 495 cognitionibus

263 508 356 548 veri
388 514 434 549 et
466 507 571 548 boni
602 513 706 547 sunt
738 513 784 547 et
816 505 946 547 simul
977 507 1022 546 in
1053 507 1147 548 vita
1177 506 1422 547 secundum
1454 505 1568 554 illas,
1601 505 1665 546 ita
1696 504 1752 546 de

197 567 200 571 ’
264 570 351 611 illis
391 571 465 624 qui
506 571 549 610 in
590 568 826 611 affectione
857 569 948 610 veri
989 583 1048 610 ex
1080 570 1251 623 origine
1283 568 1500 622 spirituali
1531 573 1650 616 sunt,
1683 573 1753 608 est

265 646 399 674 causa
425 633 526 686 quia
557 631 667 672 illud
699 632 890 685 primum
922 631 1140 672 ecclesiae
1171 638 1255 680 est,
1282 637 1328 672 et
1360 631 1445 671 hoc
1479 629 1751 670 secundum:

265 708 399 736 nemo
431 695 549 736 enim
591 700 744 747 potest
781 693 1003 734 introduci
1039 694 1083 733 in
1119 693 1356 734 ecclesiam
1392 698 1439 733 et
1475 691 1654 732 formari
1697 690 1755 732 ad

266 757 455 805 caelum,
484 757 565 797 nisi
597 770 675 810 per
702 756 984 808 cognitiones
1010 769 1069 796 ex
1096 755 1277 805 Verbo;
1311 755 1480 808 absque
1505 753 1591 794 illis
1617 746 1754 794 homo

266 833 356 860 non
382 820 465 860 scit
489 820 605 860 viam
628 819 684 859 ad
708 817 895 867 caelum,
919 824 965 859 et
987 818 1155 871 absque
1181 817 1267 858 illis
1291 817 1510 858 Dominus
1535 829 1626 857 non
1650 822 1754 869 pot-

266 889 335 923 est
361 883 563 923 habitare
589 882 707 935 apud
739 881 876 922 illum.
939 879 1072 934 Quod
1098 881 1266 934 absque
1298 879 1636 938 cognitionibus
1662 879 1754 920 veri

266 952 312 986 et
338 945 443 985 boni
469 958 526 985 ex
559 944 714 985 Verbo
740 956 873 984 nemo
898 944 1011 984 sciat
1036 943 1200 997 aliquid
1227 943 1282 984 de
1309 943 1520 991 Domino,
1547 942 1603 982 de
1628 940 1755 982 caelo

266 1007 488 1060 angelico,
513 1007 568 1048 de
594 1007 816 1047 charitate
842 1012 888 1047 et
914 1005 1014 1054 fide,
1042 1012 1198 1047 notum
1225 1019 1322 1046 esse
1349 1011 1530 1058 potest3
1563 1010 1609 1045 et
1633 1003 1754 1057 quod

266 1071 404 1111 homo
430 1083 520 1110 non
546 1071 644 1118 scit,
668 1069 752 1110 hoc
781 1082 870 1110 non
894 1070 1094 1122 cogitare
1116 1075 1283 1122 potest,
1307 1069 1370 1109 ita
1393 1081 1474 1109 nec
1497 1067 1627 1116 velle,
1652 1081 1754 1121 pro-

267 1134 370 1174 inde
402 1146 484 1174 nec
517 1133 699 1174 credere
731 1139 778 1174 et
809 1146 986 1182 amare;
1034 1133 1137 1173 inde
1178 1138 1306 1186 patet
1348 1132 1466 1185 quod
1508 1131 1646 1172 homo
1678 1144 1756 1183 per

269 1196 552 1249 cognitiones
579 1196 722 1236 discat
749 1195 866 1235 viam
898 1195 953 1235 ad
986 1194 1172 1235 caelum.
1234 1194 1367 1247 Quod
1399 1194 1565 1247 absque
1598 1193 1755 1245 cogni-

268 1259 463 1300 tionibus
486 1259 577 1300 veri
604 1265 649 1299 et
676 1259 781 1299 boni
806 1272 864 1299 ex
888 1258 1043 1299 Verbo
1071 1258 1290 1298 Dominus
1317 1271 1405 1297 non
1429 1257 1570 1310 possit
1596 1256 1755 1296 adesse

268 1328 314 1362 et
341 1321 503 1362 ducere
529 1321 771 1369 hominem,
799 1321 936 1361 etiam
959 1326 1116 1361 notum
1142 1326 1238 1370 est3
1271 1333 1374 1360 nam
1399 1320 1472 1373 qui
1498 1312 1606 1360 nihil
1629 1319 1755 1359 novit

268 1384 324 1424 de
351 1383 562 1432 Domino,
587 1384 642 1424 de
669 1383 809 1431 caelo,
834 1383 890 1424 de
916 1382 1136 1424 charitate
1163 1389 1208 1423 et
1233 1381 1333 1431 fide,
1357 1381 1449 1434 ejus
1476 1394 1602 1421 mens
1628 1380 1754 1434 spiri-

268 1445 415 1495 tualis,
449 1460 563 1499 quae
600 1459 727 1486 mens
758 1446 957 1499 superior
987 1451 1057 1486 est
1088 1451 1134 1486 et
1165 1445 1311 1485 visura
1342 1458 1420 1498 per
1451 1443 1595 1484 lucem
1628 1442 1753 1490 caeli,

267 1523 408 1550 vacua
439 1515 523 1558 est,
551 1515 597 1550 et
624 1508 732 1549 nihil
763 1508 901 1549 habet
933 1522 992 1549 ex
1025 1508 1189 1548 Divino
1219 1508 1264 1548 in
1295 1521 1368 1558 se;
1402 1513 1448 1548 et
1480 1513 1634 1548 tamen
1660 1506 1755 1546 Do-

269 1572 412 1612 minus
445 1585 535 1612 non
568 1578 722 1624 potest
749 1584 847 1611 esse
878 1570 996 1624 apud
1028 1570 1257 1611 hominem
1289 1582 1422 1623 quam
1454 1569 1498 1610 in
1531 1582 1611 1609 suo
1637 1567 1756 1621 apud

267 1634 406 1683 illum,
434 1635 519 1675 hoc
546 1641 630 1683 est,
656 1635 700 1675 in
732 1634 818 1675 illis
850 1647 963 1687 quae
987 1634 1044 1674 ab
1076 1633 1194 1686 Ipso.
1256 1632 1368 1673 Inde
1396 1638 1480 1681 est,
1507 1631 1627 1685 quod
1659 1630 1755 1672 dic-

268 1705 364 1739 turn
391 1698 447 1739 sit
474 1698 593 1752 quod
621 1698 841 1738 Dominus
867 1710 956 1738 non
984 1697 1126 1750 possit
1151 1696 1355 1737 habitare
1382 1695 1500 1749 apud
1526 1695 1755 1736 hominem

268 1761 350 1801 nisi
376 1761 411 1800 is
437 1761 480 1800 in
507 1760 839 1813 cognitionibus
866 1759 957 1800 veri
984 1765 1030 1800 et
1061 1759 1166 1799 boni
1199 1772 1258 1799 ex
1285 1757 1441 1798 Verbo
1472 1757 1545 1806 sit,
1572 1763 1619 1798 et
1651 1755 1755 1797 inde

266 1824 309 1863 in
336 1824 441 1864 vita.
503 1823 578 1864 Ex
603 1823 670 1864 his
696 1830 744 1864 ut
767 1823 809 1863 in
833 1835 1008 1863 summa
1030 1822 1242 1875 sequitur,
1268 1821 1388 1875 quod
1415 1821 1552 1862 homo
1574 1819 1755 1861 natura·

267 1886 320 1926 lis
347 1900 629 1940 nequaquam
661 1885 753 1927 fieri
785 1886 927 1939 possit
959 1885 1198 1939 spiritualis
1224 1885 1392 1938 absque
1423 1883 1755 1936 cognitionibus

266 1951 357 1990 veri
395 1958 440 1991 et
473 1950 577 1991 boni
614 1964 672 1991 ex
705 1949 873 1990 Verbo.
947 1948 1081 2002 Quod
1114 1962 1191 2002 per
1225 1947 1496 2001 “Angelum
1520 1946 1755 1987 Ecclesiae

267 2012 647 2066 Smyrnaeorum‘’
669 2012 981 2065 intelligantur
1006 2012 1069 2052 illi
1095 2013 1212 2052 intra
1238 2011 1474 2052 ecclesiam
1501 2010 1574 2063 qui
1596 2008 1755 2050 volunt

266 2076 520 2129 intelligere
547 2076 749 2116 Verbum
776 2082 822 2116 et
855 2075 1053 2116 nondum
1085 2074 1358 2127 intelligunt,
1387 2079 1432 2114 et
1464 2073 1568 2113 inde
1600 2085 1754 2125 parurn

266 2139 411 2180 adhuc
438 2140 481 2179 in
508 2139 842 2192 cognitionibus
868 2138 959 2179 veri
991 2144 1038 2179 et
1069 2138 1175 2178 boni
1207 2143 1324 2186 sunt,
1352 2150 1462 2190 quas
1489 2142 1642 2177 tamen
1674 2135 1754 2176 de-

267 2202 480 2250 siderant,
507 2209 576 2242 est
608 2203 709 2255 quia
740 2201 803 2242 illi
834 2202 878 2242 in
910 2199 1143 2242 affectione
1169 2201 1262 2241 veri
1293 2199 1509 2253 spirituali
1541 2204 1673 2249 sunt;
1706 2204 1753 2239 et

267 2267 340 2320 qui
364 2266 407 2305 in
430 2263 664 2306 affectione
685 2265 777 2305 veri
799 2263 1015 2318 spirituali
1037 2270 1155 2311 sunt,
1180 2264 1316 2304 etiam
1343 2263 1386 2303 in
1408 2263 1501 2302 vita
1523 2261 1755 2302 charitatis

267 2335 385 2378 sunt,
410 2342 512 2369 nam
535 2329 638 2369 inde
661 2328 746 2368 illis
768 2326 943 2368 affeotio
966 2327 1204 2380 spiritualis
1225 2341 1234 2377 ;
1267 2326 1446 2366 aliunde
1472 2325 1641 2366 homini
1664 2338 1754 2365 non

267 2399 337 2433 est
360 2391 588 2445 spirituale
611 2405 745 2444 quam
763 2405 821 2431 ex
840 2391 1075 2431 charitate.
1119 2389 1206 2442 Qui
1224 2391 1266 2430 in
1285 2386 1519 2430 affectione
1541 2388 1617 2429 illa
1635 2394 1754 2436 sunt,

267 2455 330 2496 illi
352 2455 537 2495 student
561 2454 728 2503 Verbo,
749 2461 794 2494 et
813 2454 920 2494 nihil
943 2453 1042 2506 plus
1065 2453 1323 2494 desiderant
1346 2465 1479 2505 quam
1502 2451 1756 2504 intelligere

267 2519 375 2560 illud
394 2533 403 2570 ;
436 2525 481 2559 et
504 2519 605 2571 quia
626 2517 965 2558 innumerabilia
985 2517 1091 2556 inibi
1110 2522 1213 2556 sunt
1231 2529 1344 2569 quae
1367 2528 1456 2555 non
1479 2513 1755 2567 intelligunt,

268 2582 478 2636 quoniam
506 2581 708 2637 Verbum
731 2581 774 2620 in
797 2581 894 2620 sinu
921 2594 1000 2620 suo
1026 2586 1095 2620 est
1119 2578 1362 2632 spirituale,
1386 2584 1433 2619 et
1455 2578 1540 2619 hoc
1567 2577 1755 2618 includit

267 2645 441 2686 infinita
466 2658 644 2692 arcana,
669 2644 770 2684 ideo
797 2644 934 2684 homo
956 2643 1167 2696 quamdiu
1193 2642 1338 2682 adhuc
1365 2642 1410 2682 in
1437 2640 1604 2682 mundo
1630 2641 1754 2688 vivit,

268 2715 314 2749 et
341 2715 448 2749 tunc
476 2722 534 2749 ex
557 2706 750 2748 naturali
781 2707 964 2747 homine
990 2706 1128 2754 videt,
1155 2718 1311 2758 parum
1343 2710 1496 2758 potest
1527 2705 1571 2745 in
1598 2704 1754 2757 cogni-

267 2772 462 2812 tionibus
480 2771 572 2811 veri
590 2776 635 2811 et
661 2771 766 2810 boni
788 2783 900 2816 esse,
921 2769 998 2810 sed
1021 2768 1166 2809 solum
1189 2769 1231 2808 in
1255 2768 1579 2816 communibus,
1598 2767 1756 2820 quibus

268 2848 405 2888 usque
427 2833 685 2887 implantari
706 2839 894 2886 possunt
913 2831 1252 2872 innumerabilia
1269 2831 1449 2884 quando
1471 2831 1515 2871 in
1537 2830 1754 2870 mundum

269 2896 544 2950 spiritualem
586 2910 663 2936 seu
704 2895 877 2936 caelum
909 2895 1046 2935 venit.
1124 2894 1277 2935 Homo
1317 2895 1391 2947 qui
1431 2894 1476 2934 in
1517 2890 1752 2933 affectione

268 2961 360 3002 veri
383 2974 441 3002 ex
474 2960 644 3013 origine
671 2958 887 3013 spirituali
914 2964 997 3008 est,
1021 2959 1056 2998 is
1083 2958 1166 2999 scit
1194 2957 1338 2998 multo
1360 2956 1486 3011 plura
1507 2967 1642 3010 quam
1669 2967 1752 2995 no-
