2060 3476
298 361 377 404 194
706 358 1039 392 APOCALYPSIS
1071 359 1370 392 EXPLICATA.

293 471 436 525 Ipsius
463 471 795 526 proceditshoc
824 485 915 513 non
942 471 1063 513 cadit
1089 472 1133 513 in
1160 471 1355 526 aliquam
1383 471 1711 525 cogitationem
1733 478 1780 514 et

291 532 574 575 affectionem
598 534 805 583 hominis,
831 540 876 575 et
902 534 1006 574 inde
1033 547 1115 575 nec
1139 535 1183 574 in
1210 533 1343 575 fidem
1366 540 1413 575 et
1440 547 1655 583 amorem,
1679 535 1781 588 quia

291 603 361 636 est
390 596 526 649 longe
549 596 805 649 supra2illa;
839 602 887 637 ut
910 603 1121 637 constare
1144 602 1297 650 potest
1321 609 1380 636 ex
1407 610 1475 644 eo,
1500 596 1619 649 quod
1642 596 1780 638 homo

292 672 381 698 non
405 659 546 711 possit
570 659 773 711 cogitare
800 659 856 699 de
882 659 980 712 ipso
1003 659 1169 699 Divino
1195 659 1364 711 absque
1388 658 1600 699 Humana
1621 659 1778 707 forma,

292 721 374 761 nisi
401 722 515 762 sicut
543 721 598 761 de
626 721 800 762 Natura
832 722 875 761 in
903 722 1111 762 minimis.
1173 720 1407 773 Cogitatio
1439 735 1551 774 quae
1578 734 1668 763 non
1701 721 1778 762 de-

291 784 559 824 terminatur
581 784 638 824 ad
665 783 859 837 aliquam
886 784 1099 837 speciem,
1125 790 1194 824 est
1222 783 1378 824 diffusa
1405 797 1776 837 quaquaversum,

290 851 335 886 et
368 845 571 885 diffusum
599 846 852 899 dissipatur.
916 845 1018 886 Hoc
1051 846 1263 899 apprimis
1290 846 1402 886 scire
1434 846 1591 887 datum
1618 852 1688 887 est
1719 860 1778 887 ex
1828 880 1835 886 2

290 907 375 948 illis
407 921 431 948 e
464 907 722 948 Christiano
754 908 861 948 orbe
894 908 937 948 in
969 907 1114 948 altera
1140 909 1234 949 vita
1265 908 1338 961 qui
1370 907 1516 948 solum
1543 909 1777 961 cogitave-

289 977 392 1019 runt
425 970 480 1010 de
514 969 645 1010 Patre
678 978 724 1011 et
757 983 846 1010 non
880 970 935 1010 de
969 970 1180 1018 Domino,
1215 970 1334 1024 quod
1367 971 1449 1011 sibi
1481 970 1702 1012 Naturam
1734 972 1777 1012 in

290 1032 483 1072 minimis
509 1031 676 1072 faciant
704 1032 865 1080 Deum,
894 1038 941 1072 et
974 1032 1159 1073 tandem
1192 1032 1407 1073 decidant
1434 1032 1491 1073 ab
1523 1034 1644 1073 omni
1675 1033 1777 1074 idea

290 1094 387 1141 Dei,
405 1100 734 1147 consequenter
751 1094 808 1134 ab
830 1094 931 1134 idea
954 1100 999 1134 et
1023 1093 1109 1135 fide
1132 1095 1331 1135 omnium
1358 1109 1471 1148 quae
1494 1094 1606 1135 caeli
1629 1101 1674 1136 et
1701 1109 1775 1136 ec-

289 1156 452 1197 clesiae
470 1163 586 1197 sunt.
630 1156 781 1197 Aliter
798 1156 861 1196 illi
884 1157 956 1210 qui
974 1157 1029 1197 de
1049 1156 1148 1197 Deo
1163 1157 1244 1197 sub
1264 1156 1475 1197 Humana
1492 1158 1633 1198 forma
1651 1159 1775 1211 cogi-

289 1225 500 1259 taverunt
518 1233 526 1268 ;
551 1219 613 1259 illi
632 1232 789 1259 omnes
807 1219 931 1259 ideas
946 1219 1002 1260 ad
1019 1219 1231 1260 Divinum
1247 1219 1574 1276 determinatas
1588 1219 1774 1269 habent,

288 1294 369 1321 nec
386 1287 610 1334 vagantur
625 1287 672 1321 ut
688 1282 855 1334 priores
873 1295 1229 1335 quaquaversum
1248 1296 1256 1332 ;
1284 1288 1330 1322 et
1345 1282 1447 1335 quia
1466 1282 1676 1324 Divinum
1695 1284 1776 1325 sub

289 1342 501 1383 Humana
519 1343 661 1383 forma
679 1350 748 1384 est
768 1343 981 1384 Divinum
1002 1343 1262 1384 Humanum
1282 1344 1480 1393 Domini,
1497 1345 1598 1386 ideo
1617 1345 1774 1387 Domi-

288 1419 369 1445 nus
392 1405 569 1446 illorum
588 1406 894 1458 cogitationes
913 1412 958 1446 et
977 1404 1235 1447 affectiones
1254 1407 1310 1447 ad
1330 1405 1387 1447 Se
1405 1405 1543 1448 flefflt
1562 1414 1608 1448 et
1623 1407 1774 1449 deter-

287 1468 442 1508 minat.
505 1466 621 1520 Quia
653 1467 739 1508 hoc
773 1469 1029 1521 primarium
1056 1468 1275 1509 ecclesiae
1301 1475 1385 1517 est,
1414 1469 1516 1512 ideo
1541 1470 1584 1510 id
1609 1469 1776 1523 jugiter

287 1530 427 1570 influit
454 1544 478 1571 e
501 1530 629 1571 caelo
647 1530 763 1583 apud
787 1530 1015 1571 hominem
1034 1545 1042 1581 ;
1073 1531 1189 1571 unde
1207 1532 1331 1584 quasi
1349 1532 1531 1572 insitum
1549 1539 1619 1573 est
1637 1534 1775 1575 cuivis

286 1593 490 1645 cogitare
513 1593 568 1633 de
582 1593 746 1633 Divino
769 1593 850 1634 sub
874 1593 1085 1634 Humana
1107 1593 1263 1641 forma,
1289 1599 1334 1634 et
1358 1594 1419 1634 sic
1442 1594 1563 1635 intus
1585 1595 1629 1635 in
1647 1609 1694 1636 se
1708 1597 1774 1636 vi-

286 1655 392 1695 dere
424 1668 551 1695 suurn
586 1655 813 1703 Divinum,
847 1662 1027 1709 praeter
1058 1655 1175 1709 apud
1217 1655 1319 1696 illos
1356 1657 1430 1709 qui
1470 1656 1556 1698 hoc
1589 1658 1773 1699 insitum

286 1715 403 1768 apud
420 1729 467 1756 se
485 1716 812 1756 eXStlnXCI‘unt
826 1726 1022 1763 (videaturin
1033 1735 1128 1764 opere
1140 1727 1190 1756 De
1205 1727 1332 1756 Caeloet
1343 1727 1519 1766 Insernmn.
1531 1727 1594 1766 82).
1625 1717 1774 1759 Causa

286 1778 422 1818 etiam
456 1777 558 1818 inde
590 1778 728 1818 videri
760 1784 939 1831 potest:
974 1778 1094 1831 quod
1126 1791 1298 1826 omnes,
1328 1785 1618 1833 quotcunque
1650 1787 1770 1829 sunt,

285 1840 491 1880 homines
519 1847 622 1893 post
650 1847 859 1887 mortem,
887 1840 1068 1894 quando
1100 1839 1211 1881 fiunt
1238 1841 1432 1894 spiritus,
1450 1848 1696 1884 ,vertantur
1715 1843 1772 1883 ad

285 1916 389 1942 suos
430 1916 632 1952 amores;
680 1909 726 1943 et
766 1902 886 1956 quod
927 1903 1030 1943 inde
1071 1903 1142 1956 qui
1185 1902 1395 1943 Divinum
1436 1903 1518 1943 sub
1560 1903 1772 1945 Humana

285 1964 427 2004 forma
464 1965 714 2012 coluerunt,
754 1965 810 2005 ad
849 1965 1109 2013 Dominum,
1143 1966 1216 2018 qui
1254 1971 1443 2018 apparet
1484 1965 1570 2006 illis
1607 1972 1655 2007 ut
1693 1966 1771 2007 Sol

285 2040 417 2079 supra
443 2027 619 2067 caelos:
654 2028 725 2080 qui
753 2033 905 2068 autem
930 2027 1141 2067 Divinum
1165 2041 1254 2067 non
1281 2027 1363 2067 sub
1391 2027 1603 2068 Humana
1628 2028 1772 2070 forma

285 2089 535 2137 coluerunt,
570 2089 632 2129 illi
664 2096 901 2130 vertuntur
922 2090 978 2130 ad
1005 2103 1181 2130 amores
1213 2089 1430 2130 naturalis
1462 2091 1528 2130 sui
1560 2090 1770 2141 hominis,

285 2152 357 2204 qui
384 2165 541 2192 omnes
569 2166 615 2192 se
642 2152 836 2192 referunt
863 2152 926 2195 ad,
947 2165 1123 2192 amores
1149 2153 1213 2192 sui
1240 2158 1286 2192 et
1318 2152 1485 2200 mundi,
1514 2153 1577 2193 ita
1602 2159 1723 2194 retro
1745 2168 1772 2195 a

284 2211 510 2262 Domino;
537 2217 589 2252 ‘et
614 2218 793 2253 vertere
819 2211 866 2252 se‘
897 2218 1020 2252 retro
1050 2226 1076 2252 a
1102 2212 1315 2260 Domino,
1343 2219 1413 2253 est
1445 2213 1502 2253 ad
1532 2213 1768 2256 infernum.

285 2273 396 2309 (Quod
419 2278 602 2302 convertant
617 2282 650 2302 se
665 2282 775 2302 omnes
789 2274 830 2302 ad
852 2282 925 2302 suos
946 2282 1070 2302 amores
1091 2274 1122 2301 in
1144 2274 1293 2311 spirituali
1316 2275 1446 2307 mundo,
1460 2275 1603 2303 videatur
1622 2275 1655 2303 in
1676 2285 1772 2313 opere

285 2321 335 2349 De
361 2321 452 2349 Caelo
474 2324 505 2348 et
525 2321 661 2358 Inferna,
685 2330 714 2350 n.
740 2329 786 2356 17,
812 2329 877 2358 123,
903 2328 1050 2357 142-145,
1075 2328 1141 2357 151,
1167 2321 1324 2358 153‚'255‚
1348 2330 1415 2357 272.
1432 2328 1500 2358 510,
1517 2324 1585 2358 548,
1602 2329 1670 2359 552,
1686 2323 1770 2361 561.)

285 2367 457 2409 Omnes
488 2369 562 2421 qui
594 2369 789 2421 antiquis
822 2368 1100 2421 temporibus
1122 2369 1348 2417 vixerunt,
1378 2375 1424 2409 et
1457 2369 1668 2410 Divinum
1692 2384 1769 2411 co-

284 2430 476 2478 luerunt,
503 2429 713 2470 Divinum
737 2431 818 2470 sub
843 2430 1055 2470 Humana
1076 2430 1217 2471 forma
1240 2431 1522 2483 cogitatione
1544 2432 1768 2481 viderunt,

284 2499 329 2533 et
353 2493 430 2533 vix
452 2492 609 2546 aliquis
633 2493 844 2533 Divinum
867 2492 1113 2543 invisibile;
1146 2500 1192 2533 et
1217 2493 1427 2533 Divinum
1451 2494 1532 2534 sub
1556 2493 1770 2535 Humana

282 2555 424 2595 forma
450 2555 587 2596 etiam
616 2561 722 2596 tunc
751 2562 847 2595 erat
875 2555 1086 2595 Divinum
1116 2555 1402 2595 Humanum:
1437 2556 1516 2596 sed
1549 2557 1650 2610 quia
1680 2556 1766 2598 hoc

283 2616 494 2657 Divinum
534 2617 795 2657 Humanum
838 2624 934 2658 erat
977 2617 1188 2657 Divinum
1231 2618 1413 2658 Domini
1458 2618 1502 2658 in
1543 2618 1680 2659 caelis
1721 2625 1767 2659 et

283 2680 506 2719 transiens
538 2679 703 2728 caelos,
737 2686 783 2720 et
820 2679 906 2720 hoc
940 2679 1141 2728 tandem,
1175 2693 1276 2720 cum
1310 2679 1485 2720 caelum
1522 2679 1766 2721 invalidum

281 2739 448 2781 faaum
474 2747 545 2782 est
577 2755 636 2782 ex
669 2755 737 2790 eo,
766 2742 885 2795 quod
917 2741 1137 2790 homines,
1167 2755 1225 2782 ex
1258 2742 1416 2795 quibus
1448 2742 1637 2789 caelum,
1666 2755 1766 2782 suc-

282 2803 454 2844 cessive
480 2803 537 2844 ab
563 2804 750 2843 internis
777 2802 879 2844 facti
907 2804 997 2844 sint
1029 2804 1207 2844 externi
1233 2810 1279 2844 et
1307 2804 1368 2844 sic
1397 2803 1640 2850 naturalesv
1664 2803 1766 2844 ideo

281 2864 450 2917 placuit
483 2865 574 2918 Ipsi
607 2866 770 2907 Divino
804 2866 1065 2906 Humanum
1092 2867 1289 2915 induere,
1319 2872 1365 2907 et
1397 2866 1482 2907 hoc
1515 2865 1766 2919 glorificare

282 2940 359 2967 seu
391 2927 602 2969 Divinum
628 2929 801 2979 facere;
847 2935 895 2969 ut
934 2930 994 2970 sic
1028 2943 1087 2969 ex
1120 2928 1177 2970 Se
1209 2935 1364 2983 posset
1397 2929 1575 2969 afficere
1607 2942 1764 2969 omnes

281 2997 375 3031 tam
408 2992 480 3044 qui
512 2992 554 3031 in
588 2992 755 3032 mundo
782 2992 1000 3045 spirituali
1031 3005 1163 3045 quam
1197 2982 1270 3045 qui
1301 2992 1344 3032 in
1377 2992 1545 3032 mundo
1572 2990 1763 3032 naturali
