2060 3476
667 355 773 387 CAP.
798 355 884 397 111.,
908 355 1048 389 VERs.
1077 357 1246 389 12.—N.
1270 348 1439 403 220[a].
1721 360 1801 403 323

302 468 423 522 quod
458 468 750 523 “templum'’
772 467 1005 523 ¹significet
1048 471 1262 513 Divinum
1301 472 1564 513 Humanum
1602 472 1801 522 Domini,

301 531 373 572 hic
397 538 555 585 aperte
577 533 765 584 dicitur3
791 533 1062 587 intelligitur
1083 536 1203 575 enim
1226 549 1305 589 per
1325 535 1639 577 “solutionem
1662 536 1801 578 TEM-

302 603 395 643 PLI,
420 602 467 636 et
499 595 592 649 ejus
624 597 1034 638 exsuscitationem
1067 605 1171 652 post
1205 605 1298 640 tres
1325 599 1460 648 dies,''
1487 599 1632 654 Ipsius
1663 613 1799 650 mors,

301 658 534 712 sepultura
559 665 607 701 et
632 658 911 701 resurreetio.
973 660 1112 715 Apud
1137 661 1427 712 Malachiam,

370 747 392 767 “
405 753 495 785 Ecce
521 754 598 795 Ego
622 754 725 786 mitto
749 755 917 795 angelum
935 765 1065 794 meum,
1086 756 1145 797 qui
1163 757 1301 797 parabit
1317 757 1412 788 viam
1430 764 1513 790 ante
1539 758 1611 796 Me,
1632 765 1667 791 et
1684 760 1802 792 subito

476 798 596 830 veniet
619 799 665 830 ad
690 798 880 839 Templum
905 809 1008 831 suum
1035 800 1225 839 Dominus,
1253 807 1288 833 et
1312 801 1475 842 Angelus
1499 802 1667 842 foederis,
1694 813 1799 844 quem
1836 802 1839 805 “

475 842 644 882 quaeritis
657 841 675 854 '¹
693 842 754 882 (iii.
773 843 825 883 1);

300 927 372 970 hic
400 929 538 971 etiam
565 944 644 984 per
663 930 944 985 “Templum
956 931 976 947 '‘
997 931 1267 986 intelligitur
1292 933 1507 975 Divinum
1535 934 1799 975 Humanum

301 991 485 1034 Domini
505 1007 515 1044 ;
557 995 707 1047 agitur
738 995 858 1035 enim
894 995 954 1036 ibi
990 996 1046 1036 de
1078 996 1279 1037 adventu
1316 997 1513 1047 Domini,
1547 1012 1684 1053 quare
1721 1012 1800 1052 per

299 1057 452 1098 venire
469 1057 527 1098 ad
541 1060 566 1078 ‘⁴
579 1057 822 1112 Templum
839 1058 991 1100 suurn”
1005 1059 1285 1114 significatur
1297 1060 1355 1102 ad
1374 1060 1637 1102 Humanum
1655 1075 1798 1103 suum.

301 1119 354 1160 In
378 1120 668 1174 Apocalypsi,

369 1209 594 1250 “Templum
609 1220 682 1242 non
695 1211 769 1242 vidi
780 1210 798 1223 '¹
811 1211 847 1243 in
867 1211 973 1243 Nova
991 1211 1257 1254 Hierosolyma,
1278 1215 1300 1228 ‘⁶
1312 1224 1395 1245 nam
1414 1214 1591 1247 Dominus
1610 1214 1709 1248 Deus
1725 1225 1801 1247 om-

474 1255 642 1295 nipotens
660 1254 851 1296 Templum
868 1256 963 1288 illius
980 1263 1035 1288 est
1052 1263 1088 1288 et
1104 1257 1231 1298 Agnus
1244 1257 1262 1269 ''
1278 1257 1363 1298 (xxi.
1381 1258 1454 1297 22):

301 1343 448 1396 agitur
482 1343 542 1384 ibi
578 1343 635 1385 de
672 1343 807 1385 Novo
839 1344 980 1386 Caelo
1011 1352 1058 1387 et
1090 1346 1146 1387 de
1183 1346 1317 1387 Nova
1347 1346 1502 1397 Terra,
1536 1348 1719 1401 quando
1754 1348 1799 1389 in

299 1407 487 1448 internis
513 1413 717 1449 erunt·et
743 1421 834 1449 non
861 1409 906 1449 in
932 1410 1138 1450 externis
1154 1423 1164 1460 ;
1196 1410 1301 1450 inde
1328 1410 1492 1451 dicitur
1517 1411 1638 1464 quod
1667 1415 1798 1453 “non

299 1470 522 1524 templum
540 1470 664 1520 erit,''
677 1471 758 1512 sed
779 1475 804 1492 “
821 1472 1043 1512 Dominus
1063 1472 1186 1513 Deus
1205 1473 1498 1526 omnipotens
1516 1480 1563 1515 et
1581 1473 1747 1527 Agnus
1763 1475 1798 1515 :'’

302 1533 564 1574 “Dominus
590 1534 714 1575 Deus
736 1535 1028 1589 omnipotens
1041 1535 1059 1551 ”
1081 1542 1152 1577 est
1180 1536 1333 1590 Ipsum
1357 1537 1570 1578 Divinum
1597 1538 1796 1587 Domini,

298 1602 346 1637 et
375 1596 608 1650 “Agnus’'
634 1604 704 1639 est
735 1598 947 1639 Divinum
976 1598 1239 1639 Humanum
1267 1600 1437 1653 Ipsius;
1472 1601 1591 1642 unde
1617 1615 1797 1656 quoque

264 1654 271 1660 ’
300 1665 428 1712 patet
446 1660 566 1713 quod
589 1660 801 1702 Divinum
825 1661 970 1715 Ipsius
991 1663 1036 1702 in
1054 1662 1191 1703 caelis
1213 1662 1498 1715 intelligatur
1519 1677 1599 1716 per
1619 1668 1644 1685 ‘⁸
1659 1664 1799 1706 Tem-

300 1722 460 1777 plum.”
520 1723 660 1777 Apud
685 1723 891 1774 Esaiam,

367 1818 482 1850 “Vidi
508 1818 704 1850 Dominum
722 1819 906 1851 sedentem
924 1829 1032 1860 super
1048 1820 1179 1852 throno
1199 1821 1272 1852 alto
1297 1826 1333 1853 et
1356 1821 1461 1859 elato,
1482 1827 1517 1853 et
1541 1821 1700 1854 fimbriae
1720 1823 1799 1864 ejus

472 1862 663 1903 implentes
681 1863 855 1904 templum
868 1863 886 1875 ''
903 1863 964 1904 (vi.
983 1864 1015 1904 1)
1030 1873 1037 1902 ;

298 1964 376 2005 per
395 1950 648 1992 “thronum
671 1951 815 1992 altum
838 1958 885 1993 et
908 1951 1079 1993 elatum
1092 1952 1110 1967 ’'
1128 1966 1262 2006 super
1283 1967 1372 2007 quo
1395 1953 1618 1995 Dominus
1639 1955 1798 1997 sedere

296 2015 416 2055 visus
448 2021 534 2063 est,
563 2014 844 2068 significatur
875 2015 1098 2056 Dominus
1124 2016 1273 2069 quoad
1306 2016 1520 2056 Divinum
1550 2016 1721 2058 Verum
1753 2018 1798 2059 in

297 2078 434 2119 caelis
460 2078 787 2132 superioribus;
820 2092 900 2133 per
928 2078 1193 2120 “fimbrias''
1219 2085 1373 2121 autem
1399 2079 1492 2132 ejus
1518 2080 1799 2134 significatur

297 2139 514 2180 Divinum
537 2140 685 2193 Ipsius
708 2139 881 2180 Verum
903 2140 948 2180 in
970 2140 1181 2181 ecclesia.
1241 2148 1660 2190 (Qu0d¹'fimbn·ae,’'cum
1676 2154 1717 2182 de
1732 2154 1800 2183 Do-

297 2203 394 2238 mino,
405 2204 584 2241 significent
599 2204 753 2233 Divinum
770 2205 873 2242 Ipsius
885 2205 1007 2234 Verum
1022 2205 1054 2233 in
1069 2205 1197 2240 ultimis,
1210 2205 1356 2234 videatur
1369 2214 1400 2235 n.
1411 2205 1517 2244 9917.)
1559 2195 1695 2248 Quod
1717 2210 1798 2237 ve-

297 2254 390 2296 lum
417 2254 599 2308 Templi

363 2349 572 2391 Disruptum
585 2350 631 2382 sit
644 2351 679 2382 in
694 2351 782 2383 duas
796 2358 914 2392 partes
931 2361 953 2383 a
969 2361 1110 2383 summo
1124 2343 1169 2383 ad
1183 2352 1305 2390 imum,
1322 2358 1512 2393 postquam
1527 2351 1705 2384 Dominus
1719 2363 1798 2394 pas-

470 2404 531 2426 sus
548 2400 603 2426 est
619 2394 763 2434 (Mattlz.
779 2395 888 2427 xxvii.
907 2403 944 2434 51
960 2405 967 2434 ;
992 2397 1104 2427 splarc.
1122 2406 1179 2428 xv.
1197 2394 1268 2437 34[,
1285 2394 1342 2437 38]
1359 2406 1366 2434 ;
1390 2396 1474 2428 Luc.
1491 2396 1589 2428 xxiii.
1607 2394 1706 2437 [¹145),

297 2481 619 2535 significaverit
651 2484 863 2524 unionem
899 2483 1050 2524 Divini
1088 2483 1289 2524 Humani
1326 2484 1511 2524 Domini
1548 2497 1651 2525 cum
1690 2485 1796 2538 Ipso

297 2543 466 2584 Divino
500 2543 873 2597 Ipsius,videatur
889 2544 934 2584 in
951 2544 1155 2585 Arcanis
1178 2544 1459 2586 caelestibus
1475 2545 1667 2594 (n.(²1967o).
1713 2545 1796 2586 Per

300 2605 594 2658 “templum'’
631 2605 908 2658 significatur
949 2605 1161 2645 Divinum
1210 2605 1472 2645 Humanum
1515 2605 1713 2655 Domini,
1748 2613 1795 2647 et

297 2668 429 2709 simul
471 2668 646 2709 caelum
688 2674 734 2710 et
777 2668 983 2717 ecclesia,
1026 2669 1069 2708 in
1118 2669 1411 2722 sequentibus
1453 2663 1794 2723 locis:'—Apud

299 2731 540 2781 Davidem,
1693 2723 1704 2734 ’

364 2822 386 2836 “
400 2821 600 2853 Incurvabo
626 2820 686 2852 Me
702 2830 827 2852 versus
851 2821 1024 2862 templum
1049 2819 1249 2852 sanetitatis
1270 2827 1362 2860 tuae,
1382 2827 1418 2853 et
1441 2821 1640 2853 confitebor
1656 2821 1795 2854 nomini

470 2871 532 2896 tuo
543 2864 561 2876 ’'
578 2864 725 2904 (Psalm.
742 2865 908 2897 cxxxviii.
925 2864 979 2906 2):

295 2941 414 2996 apud
441 2941 625 2990 Jonam,

363 3018 386 3033 ‘⁴
396 3018 492 3058 Dixi,
510 3018 687 3060 Expulsus
704 3028 783 3051 sum
799 3028 822 3051 a
837 3028 958 3051 coram
974 3019 1085 3052 oculis
1099 3019 1180 3058 tuis,
1197 3019 1260 3052 sed
1277 3026 1401 3052 tamen
1411 3020 1539 3053 addam
1555 3019 1731 3060 respicere
1747 3020 1793 3053 ad
