2060 3476
378 394 398 437 5
406 394 460 439 30
789 390 1121 427 APOCALYPSIS
1152 395 1452 428 EXPLICATA.

375 504 508 558 ejus,’'
533 505 811 559 significatur
836 506 1027 548 formare
1054 507 1295 549 eeclesiam
1321 514 1367 549 et
1393 508 1633 549 reformare
1658 508 1761 550 illos
1785 509 1860 563 qui

374 568 432 608 ibi
458 575 562 610 sunt
591 568 900 623 (“produ8ta''
926 576 1031 611 sunt
1057 571 1208 611 omnia
1233 569 1503 624 ecclesiae);
1536 584 1673 624 quare
1697 571 1861 612 dicitur

376 632 527 673 “dans
553 633 748 673 animam
781 633 949 687 populo
975 647 1107 687 super
1131 647 1185 674 ea
1216 639 1262 675 et
1294 634 1499 687 spiritum
1524 633 1859 677 ambulantibus

372 694 417 734 in
444 708 497 735 ea
513 694 547 745 ;''
569 695 689 748 quod
709 698 734 716 “
747 695 929 737 creare’'
943 696 1001 736 sit
1016 696 1271 745 reformare,
1287 696 1494 737 videatur
1510 709 1644 750 supra
1663 694 1725 750 (n.
1741 695 1858 750 294).

373 756 511 810 Apud
537 758 745 808 eundem,

442 845 612 878 “Stillate
630 847 718 878 caeli
735 847 898 887 desuper,
919 852 954 879 et
978 848 1091 878 nubes
1114 847 1272 879 defluant
1294 846 1451 888 justitia:
1475 847 1611 888 aperiat
1635 857 1673 879 se
1698 853 1802 885 terra,
1823 853 1860 879 et

545 888 731 922 fructificet
748 891 910 923 salutem.
973 915 980 922 .
995 915 1003 922 .
1017 915 1024 922 .
1039 889 1132 930 ‚Ego
1157 890 1225 922 feci
1249 896 1392 928 terram,
1419 897 1455 922 et
1477 891 1660 922 hom‘inem
1684 889 1793 931 ‘super
1815 900 1859 922 ea

545 934 673 966 creavi.
714 958 722 966 .
736 959 744 966 .
758 959 766 966 .
780 934 852 966 ,Sic
876 934 964 965 dixit
986 933 1160 975 Jehovah,
1180 943 1305 966 creans
1330 934 1458 972 caelos,
1481 933 1545 966 Ille
1570 934 1678 972 Deus,
1698 934 1858 965 formans

545 983 675 1008 terram
690 983 724 1009 et
741 977 874 1008 faciens
892 977 1000 1014 illam,
1016 983 1052 1008 et
1068 987 1284 1018 praeparans
1302 977 1399 1009 illam
1411 988 1418 1010 :
1429 1002 1436 1009 .
1451 1002 1459 1010 .
1472 1002 1480 1010 .
1494 987 1583 1010 ‚non
1600 978 1635 1009 in
1653 978 1791 1010 occulto
1808 978 1859 1009 lo-

546 1027 646 1052 cutus
663 1030 753 1059 sum,
771 1021 806 1052 in
825 1021 903 1052 loco
920 1027 1034 1052 terrae
1052 1022 1278 1052 tenebrarum
1291 1020 1309 1033 ''
1326 1021 1411 1061 (xlv,
1428 1021 1458 1059 8,
1478 1029 1527 1059 12,
1547 1021 1597 1059 18,
1616 1021 1689 1062 19);

371 1107 490 1160 quod
513 1107 583 1148 hie
607 1122 685 1161 per
705 1108 895 1149 “caelos
913 1114 959 1149 et
979 1114 1145 1149 terram
1157 1108 1177 1123 ”
1199 1108 1514 1162 intelligantur
1536 1109 1687 1149 omnia
1709 1108 1857 1149 eccle-

371 1172 475 1219 siae,
505 1177 600 1212 tam
631 1172 808 1213 interna
838 1185 972 1225 quam
1005 1178 1199 1213 externa
1230 1171 1337 1224 ejus,
1371 1177 1515 1225 patet,
1544 1185 1648 1212 narn
1680 1171 1855 1221 dicitur,

373 1233 593 1276 “Stillate
615 1235 742 1283 caeli,
766 1241 812 1276 et
835 1235 975 1276 nubes
998 1235 1196 1276 defluant
1207 1235 1394 1289 justitia
1404 1249 1424 1282 ,·
1455 1235 1628 1288 aperiat
1651 1247 1699 1275 se
1721 1240 1854 1283 terra,

370 1303 416 1338 et
422 1297 670 1351 fruc‘lz'ficet
681 1297 868 1338 salutem
878 1297 921 1346 ‚·’‘
943 1297 1063 1352 quod
1079 1311 1156 1351 per
1173 1301 1197 1318 “
1209 1297 1361 1338 caelos
1372 1297 1391 1312 ’‘
1409 1297 1622 1338 interiora
1636 1296 1856 1338 ecclesiae

371 1359 693 1412 significentur,
719 1366 788 1401 est
819 1361 921 1414 quia
946 1361 1172 1407 interiora,
1201 1374 1314 1414 quae
1341 1366 1446 1401 sunt
1478 1360 1644 1400 mentis
1676 1359 1856 1413 spiritu-

369 1421 453 1462 alis
483 1421 695 1470 hominis,
727 1427 832 1462 sunt
864 1421 979 1462 caeli
1010 1421 1130 1475 apud
1159 1421 1315 1471 illum;
1347 1432 1450 1470 (quod
1468 1432 1556 1469 apud
1574 1431 1748 1466 hominem,
1770 1432 1858 1469 apud
1898 1460 1904 1467 ,

368 1491 462 1519 quem
486 1486 531 1511 est
553 1483 693 1516 ecclesia,
709 1482 748 1511 sit
769 1482 902 1516 caelum,
918 1482 1063 1511 videatur
1083 1482 1115 1510 in
1136 1491 1232 1520 opere
1248 1482 1300 1511 De
1325 1482 1416 1511 Caelo
1438 1485 1469 1511 et
1488 1482 1626 1521 Inferna,
1642 1491 1673 1512 n.
1686 1491 1726 1520 30
1740 1486 1771 1511 et
1785 1483 1856 1520 57;)

370 1541 448 1580 per
465 1531 489 1548 “
501 1540 652 1568 creare
671 1527 822 1568 caelos
837 1533 883 1568 et
900 1527 1091 1568 formare
1109 1533 1275 1568 terram
1294 1540 1344 1568 ac
1363 1527 1509 1568 facere
1527 1533 1572 1568 et
1590 1541 1856 1581 praeparare

369 1603 469 1631 eam
480 1589 499 1605 ”
514 1589 792 1643 significatur
807 1589 939 1644 plene
954 1590 1189 1631 instituere
1204 1589 1456 1631 ecclesiam.
1490 1589 1628 1644 Apud
1646 1589 1854 1640 eundem,

437 1681 458 1693 ‘¹
471 1678 560 1710 Ecce
579 1679 654 1719 Ego
668 1688 792 1710 creans
810 1679 927 1710 caelos
946 1688 1061 1710 novos
1075 1684 1110 1710 et
1134 1684 1263 1710 terram
1282 1688 1425 1717 novam,
1442 1688 1507 1710 nec
1526 1679 1857 1711 commemorabun-

542 1729 599 1754 tur
615 1722 762 1763 priora”
779 1722 864 1762 (lxv.
884 1722 937 1762 17)
953 1732 960 1761 ;

368 1825 445 1865 per
479 1816 667 1853 “creare
699 1811 851 1853 caelos
882 1825 1025 1853 novos
1063 1818 1109 1853 et
1147 1818 1314 1852 terram
1351 1811 1546 1852 novam”
1578 1811 1856 1865 significatur

368 1876 616 1915 instaurare
648 1887 813 1915 novam
844 1874 1083 1915 ecclesiam
1120 1875 1269 1928 quoad
1299 1875 1514 1916 interiora
1546 1880 1591 1915 et
1629 1875 1854 1916 exteriora

368 1936 473 1990 ejus,
494 1943 588 1978 tam
606 1937 650 1978 in
669 1936 805 1978 caelis
822 1950 957 1990 quam
974 1937 1018 1978 in
1037 1938 1167 1978 terris
1193 1935 1260 1991 (ut
1280 1935 1446 1991 supra).
1489 1936 1627 1991 Apud
1645 1937 1851 1986 eundem,

436 2025 557 2068 “Quis
574 2026 708 2058 audivit
724 2027 814 2058 sicut
829 2027 920 2059 hoe?
956 2051 963 2058 .
978 2051 986 2059 .
1000 2051 1006 2058 .
1022 2026 1132 2058 .Num
1150 2026 1320 2067 parturiet
1340 2033 1433 2058 terra
1449 2027 1506 2058 die
1525 2028 1621 2059 uno?
1643 2036 1728 2058 num
1747 2036 1855 2067 gene-

541 2070 675 2102 rabitur
685 2080 774 2110 gens
785 2070 861 2101 vice
873 2071 966 2103 una?
995 2095 1003 2102 .
1017 2094 1025 2102 .
1039 2095 1046 2102 .
1061 2094 1068 2102 .
1078 2070 1388 2111 Quemadmodum
1401 2070 1488 2102 caeli
1500 2070 1584 2101 novi
1596 2075 1630 2101 et
1641 2076 1735 2102 terra
1745 2080 1851 2108 nova,

540 2123 629 2154 quae
645 2113 720 2153 Ego
737 2112 905 2151 faeturus,
920 2114 1065 2145 stabunt
1078 2123 1196 2145 coram
1212 2113 1271 2145 Me
1276 2138 1367 2151 .....
1375 2114 1425 2145 sic
1439 2114 1546 2145 stabit
1559 2123 1682 2145 semen
1697 2119 1854 2146 vestrum

539 2162 574 2188 et
591 2166 723 2188 nomen
742 2162 898 2188 vestrum
912 2156 929 2168 ”
947 2157 1045 2196 (lxvi.
1063 2158 1092 2195 8,
1111 2158 1164 2197 22)
1179 2166 1186 2196 ;

365 2245 467 2298 quia
493 2258 570 2298 per
594 2248 800 2285 “terram
813 2244 832 2260 '’
855 2243 1135 2297 significatur
1158 2244 1363 2291 ecclesia,
1388 2244 1489 2285 ideo
1511 2245 1672 2285 dicitur
1697 2244 1853 2286 “Num

340 2308 583 2362 ·parturiet
610 2314 731 2348 terra
756 2308 829 2349 die
856 2307 974 2348 uno?
1007 2320 1112 2348 num
1139 2308 1429 2361 generabitur
1453 2321 1566 2361 gens
1591 2309 1689 2348 vice
1714 2321 1802 2349 una
1814 2307 1854 2348 ?''

365 2385 442 2425 per
462 2374 486 2390 “
498 2370 745 2424 parturire'’
764 2377 810 2412 et
833 2374 857 2390 “
870 2370 1079 2424 partum’'
1097 2383 1148 2411 ac
1168 2384 1246 2423 per
1259 2373 1283 2390 “
1296 2384 1513 2423 generare
1524 2371 1543 2386 ''
1562 2376 1608 2411 et
1626 2374 1650 2390 “
1661 2384 1853 2424 genera-

366 2433 568 2474 tionem'’
590 2434 632 2473 in
656 2433 813 2474 Verbo
836 2432 1145 2486 significantur
1167 2439 1323 2486 partus
1346 2439 1391 2474 et
1408 2434 1650 2486 ‘generatio
1672 2433 1853 2487 spiritu-

364 2496 461 2546 alis,
478 2510 591 2550 quae
611 2503 714 2537 sunt
733 2496 835 2537 fidei
853 2502 899 2537 et
918 2496 1096 2544 amoris,
1113 2497 1177 2536 ita
1194 2496 1453 2537 reformatio
1471 2509 1522 2537 ac
1541 2496 1826 2549 regeneratio
1842 2509 1851 2546 ;

364 2559 469 2613 quid
489 2558 639 2600 “caeli
656 2559 793 2600 novi'’
812 2565 858 2600 et
880 2562 1039 2599 “terra
1061 2558 1217 2609 nova,”
1235 2572 1368 2612 supra
1389 2557 1557 2600 dietum
1580 2565 1663 2600 est.
1714 2558 1852 2613 Apud

365 2621 626 2671 Jeremz‘am,

431 2711 453 2725 “
467 2710 543 2751 Ego
559 2710 627 2742 feci
643 2697 785 2748 terram,
804 2710 988 2742 hominem
1005 2716 1041 2742 et
1056 2710 1208 2742 bestiam
1222 2720 1311 2751 quae
1328 2720 1435 2751 super
1450 2709 1609 2742 faciebus
1628 2716 1741 2742 terrae
1756 2720 1780 2750 ;.
1795 2735 1802 2743 .
1816 2735 1823 2743 .
1838 2734 1846 2744 .

537 2760 571 2785 et
588 2754 634 2785 do
651 2764 730 2785 eam
748 2754 807 2795 qui
824 2752 941 2785 rectus
959 2754 994 2784 in
1012 2754 1124 2785 oculis
1141 2753 1260 2785 meis⁸
1278 2753 1400 2794 (xxvii.
1418 2753 1470 2794 5);

362 2858 441 2897 per
469 2842 736 2884 “hominem
771 2849 817 2883 et
849 2842 1074 2884 bestiam’'
1100 2856 1213 2896 quae
1241 2845 1411 2895 “super
1441 2842 1638 2883 faciebus
1669 2848 1816 2882 terrae
1831 2839 1851 2856 ’⁹

362 2905 672 2959 significantur
690 2904 949 2946 affeffiones
967 2906 1059 2946 veri
1081 2912 1128 2946 et
1150 2905 1256 2945 boni
1278 2905 1322 2944 in
1345 2904 1564 2958 spirituali
1586 2910 1633 2945 et
1656 2903 1850 2945 naturali

362 2967 546 3007 homine
569 2977 727 3015 (videatur
745 2986 776 3006 n.
798 2967 949 3015 280[b]:
977 2981 1008 3006 et
1027 2977 1059 3005 in
1078 2976 1216 3006 Arcanis
1238 2976 1431 3010 Caelestibus,
1446 2985 1477 3006 n.
1492 2973 1614 3013 [¹17424,
1629 2982 1718 3012 7523,
1734 2975 1847 3014 7872);

362 3035 408 3069 et
425 3029 528 3082 quia
545 3028 648 3069 illae
665 3026 923 3069 affecffiones
937 3027 1054 3081 apud
1072 3027 1278 3068 homines
1294 3026 1461 3068 faciunt
1477 3026 1714 3068 ecclesiam
1729 3025 1847 3080 apud

2051 2401 2060 2458 ἐ

2050 2469 2060 2523 ξ

2052 2535 2060 2559 1
