2060 3476
674 389 782 423 CAP.
803 389 864 431 v.,
886 389 1026 423 VERs.
1048 390 1196 435 9.-Ν.
1222 358 1389 436 33“ι[α].
1695 381 1778 435 623

352 507 376 522 ‘⁸
387 505 681 548 Appropinquate
693 510 820 546 gentes
832 504 878 537 ad
890 504 1118 543 audiendum,
1132 510 1167 537 et
1182 505 1304 547 populi
1318 504 1514 537 auscultate
1526 513 1534 544 ;
1554 504 1674 537 audiat
1687 511 1781 537 terra

457 555 494 582 et
509 549 693 590 plenitudo
709 548 788 589 ejus
798 548 816 561 ”
832 548 966 589 (xxxiv,
982 548 1032 589 1):

283 639 386 693 quia
410 642 611 691 “gentes
623 637 643 654 ‘’
666 636 922 691 significant
948 637 1051 679 illos
1076 638 1150 692 qui
1175 638 1220 678 in
1246 637 1368 678 bono
1394 638 1559 678 amoris
1586 644 1706 686 sunt,
1732 644 1778 679 et

286 701 477 756 “populi
489 701 509 716 ’'
530 700 632 742 illos
649 702 724 756 qui
745 702 790 742 in
811 700 934 742 bono
951 700 1188 742 charitatis
1211 706 1258 742 et
1276 700 1381 742 inde
1399 702 1516 742 veris
1539 700 1656 750 fidei,
1673 701 1778 742 ideo

283 765 447 806 dicitur
467 764 524 805 de
546 764 759 818 gentibus
781 763 902 817 quod
928 763 1423 817 “appropinquarent,”
1446 770 1492 805 et
1520 764 1576 804 de
1602 764 1780 817 populis

283 827 403 881 quod
421 830 446 847 “
459 827 768 868 auscultarent
786 826 821 878 ;”
838 830 862 847 “
879 827 1240 881 appropinquare
1255 826 1275 842 ”
1290 826 1515 879 significat
1534 826 1717 868 obedire
1733 833 1780 868 et

283 891 467 932 instrui:
501 904 552 932 ac
579 890 682 931 ideo
707 890 884 939 dicitur,
911 889 1124 931 “Audiat
1152 896 1274 930 terra
1296 896 1342 930 et
1370 889 1609 943 plenitudo
1635 889 1728 943 ejus
1746 889 1781 940 ;”

283 968 362 1008 per
395 953 632 995 “terram'’
665 953 945 1007 significatur
978 953 1172 995 ecclesia
1205 953 1356 1007 quoad
1398 953 1583 1002 bonum,
1617 959 1663 994 et
1702 957 1802 1006 per'

286 1017 652 1072 “plenitudinem
674 1016 767 1070 ejus
780 1016 799 1032 ”
821 1016 1133 1070 significantur
1153 1030 1274 1058 vera.
1337 1015 1476 1070 Apud
1498 1016 1708 1065 eundem,

352 1109 375 1123 “
387 1107 464 1148 Ego
475 1106 639 1149 Jehovah
652 1107 777 1139 vocavi
794 1106 846 1138 Te
863 1107 899 1138 in
916 1106 1064 1147 justitia,
1080 1113 1116 1138 et
1131 1106 1398 1147 apprehendam
1416 1116 1562 1138 manum
1580 1112 1676 1138 tuam
1682 1130 1776 1144 .....

456 1157 492 1183 et
508 1151 600 1183 dabo
618 1151 669 1183 Te
685 1151 722 1182 in
739 1151 866 1183 foedus
883 1151 1026 1195 populo,
1046 1151 1082 1182 in
1100 1151 1213 1182 lucem
1230 1151 1392 1191 gentium
1404 1149 1422 1162 ’'
1439 1150 1525 1190 (xlii.
1540 1150 1574 1191 6)
1588 1159 1595 1189 ς

284 1227 403 1282 apud
429 1227 638 1276 eundem,

353 1297 376 1311 ‘⁴
388 1295 485 1327 Educ
504 1295 673 1336 populum
691 1276 911 1327 caecum·cui
931 1295 1023 1326 oculi
1043 1300 1137 1332 sunt,
1157 1301 1192 1326 et
1212 1294 1338 1326 surdos
1359 1295 1484 1335 quibus
1504 1303 1630 1331 aures:
1655 1302 1782 1326 omnes

457 1346 584 1380 gentes
601 1345 864 1380 congregentur
879 1349 961 1376 una,
981 1344 1017 1370 et
1033 1340 1250 1370 conveniant
1266 1338 1389 1379 populi
1399 1337 1416 1350 ’‘
1433 1338 1533 1379 (xliii.
1548 1338 1579 1376 8,
1593 1338 1627 1379 9)
1643 1347 1650 1376 ;

286 1415 405 1470 apud
431 1415 640 1464 eundem,

354 1483 431 1516 “In
451 1489 579 1567 t(elstem
598 1483 739 1568 populis
759 1482 840 1515 dedi
862 1482 999 1524 Ipsum,
1020 1482 1216 1524 principem
1236 1487 1271 1514 et
1290 1481 1533 1523 legislatorem
1551 1479 1782 1522 [¹]gentibus'’

487 1538 520 1559 V·
534 1535 566 1566 4,
582 1535 598 1566 5
627 1537 636 1566 ἰ

286 1605 406 1659 apud
432 1604 641 1653 eundern,

355 1676 443 1708 “Sic
460 1676 550 1707 dixit
567 1675 744 1706 Dominus
760 1674 924 1716 Jehovih‚
947 1674 1037 1706 Ecce
1054 1674 1177 1706 tollam
1195 1684 1281 1714 erga
1296 1679 1422 1714 gentes
1440 1683 1586 1705 manum
1602 1683 1731 1711 meam,
1746 1678 1782 1706 et

460 1729 545 1760 erga
560 1719 711 1760 populos
727 1719 888 1750 attollam
905 1719 1046 1759 signum
1063 1728 1182 1750 meum
1192 1717 1210 1729 '’
1227 1717 1325 1758 (xlix.
1341 1717 1416 1758 22);

285 1795 405 1850 apud
431 1795 639 1845 eundem,

353 1867 376 1880 ‘⁴
389 1865 515 1906 Populi
534 1866 757 1897 ambulantes
776 1865 813 1896 in
833 1865 989 1897 tenebris
1008 1849 1174 1896 viderunt
1197 1864 1311 1896 lucem
1331 1873 1499 1904 magnam
1514 1874 1538 1896 :.
1553 1888 1561 1896 .
1574 1888 1582 1895 .
1597 1863 1781 1904 .multipli-

458 1910 546 1941 casti
559 1915 715 1950 gentem,
729 1909 779 1941 illi
792 1919 962 1950 magnum
974 1909 1156 1940 reddidisti
1168 1909 1338 1949 gaudium
1350 1907 1368 1919 ’¹
1379 1908 1438 1947 (ix.
1454 1916 1483 1946 1,
1497 1916 1515 1939 2
1532 1905 1592 1949 [B.
1604 1908 1650 1940 A.
1663 1915 1694 1945 2,
1707 1904 1780 1948 3]);

284 1994 331 2029 et
357 1987 476 2041 apud
502 1987 710 2036 eundern,

352 2060 464 2092 “Fiet
487 2060 523 2091 in
548 2061 604 2092 die
629 2060 702 2099 illo,
724 2060 879 2092 radicem
903 2059 1061 2102 Jischaji,
1085 2070 1175 2101 quae
1199 2065 1298 2092 stans
1323 2061 1359 2091 in
1385 2060 1528 2101 signum
1552 2059 1776 2100 populorum.

456 2110 582 2145 gentes
602 2110 801 2145 quaerent„
817 2129 824 2136 .
838 2129 845 2136 .
860 2110 911 2136 ‚et
929 2103 1032 2135 tollet
1051 2104 1194 2144 signum
1216 2104 1394 2144 gentibus,
1417 2110 1453 2136 et
1471 2104 1702 2144 congregabit
1721 2114 1781 2135 ex-

457 2148 578 2189 pulsos
598 2147 770 2179 Israelis”
787 2147 846 2188 (xi.
866 2156 916 2185 10,
934 2147 1006 2188 12);

283 2236 395 2277 haec
419 2250 532 2290 quae
554 2236 599 2277 in
621 2236 690 2277 his
713 2236 822 2277 locis
841 2236 896 2277 de
920 2236 1118 2277 Domino
1140 2234 1261 2277 dieta
1283 2242 1402 2285 sunt,
1422 2249 1473 2277 ac
1497 2250 1576 2290 per
1596 2239 1778 2290 “popu-

285 2299 352 2340 los
377 2306 424 2340 et
453 2298 647 2353 gentes”
674 2299 991 2352 intelliguntur
1017 2312 1175 2340 omnes
1201 2299 1275 2353 qui
1301 2299 1359 2340 ab
1385 2299 1577 2340 ecclesia
1604 2299 1776 2353 Ipsius;

284 2375 388 2402 nam
415 2375 572 2402 omnes
598 2363 672 2415 qui
703 2362 760 2402 ab
786 2361 978 2403 ecclesia
1010 2361 1193 2402 Domini
1225 2368 1344 2411 sunt,
1371 2361 1444 2403 vel
1476 2376 1500 2403 e
1526 2375 1669 2415 regno
1703 2362 1777 2415 Ip-

283 2426 372 2466 sius
391 2425 578 2466 caelesti
601 2431 705 2466 sunt
723 2425 795 2466 vel
818 2439 842 2466 e
864 2439 1006 2478 regno
1030 2425 1174 2478 Ipsius
1197 2425 1445 2479 spirituali;
1473 2432 1654 2479 praeter
1675 2425 1778 2466 illos

282 2489 355 2542 qui
391 2489 436 2529 in
472 2488 645 2529 duobus
681 2489 780 2529 istis
815 2489 981 2541 regnis,
1017 2488 1127 2528 nulli
1165 2488 1331 2529 dantur
1367 2489 1440 2542 qui
1476 2489 1534 2529 ab
1570 2488 1775 2529 ecclesia.

282 2551 397 2592 Sunt
424 2552 563 2592 etiam
588 2551 678 2591 duo
703 2565 818 2604 quae
849 2551 1018 2592 faciunt
1049 2550 1302 2600 ecclesiam,
1331 2551 1499 2592 bonum
1531 2557 1578 2592 et
1604 2564 1774 2600 verum,

282 2621 520 2667 utrumque
542 2627 568 2654 a
594 2613 817 2664 Domino;
851 2627 930 2667 per
954 2614 1186 2667 “gentes’'
1208 2613 1527 2667 intelliguntur
1548 2614 1611 2654 illi
1634 2615 1706 2668 qui
1731 2615 1776 2654 in

281 2677 402 2718 bono
427 2683 547 2726 sunt,
575 2683 621 2718 et
648 2691 727 2730 per
754 2676 1015 2730 “populos''
1040 2676 1103 2717 illi
1129 2678 1203 2730 qui
1235 2678 1279 2717 in
1305 2692 1439 2728 vero;
1473 2684 1520 2718 et
1547 2675 1776 2718 abstracste

281 2754 306 2780 a
337 2741 553 2793 personis,
588 2753 666 2793 per
699 2743 903 2793 “gentes
917 2739 937 2755 ''
969 2740 1278 2793 significantur
1308 2741 1429 2781 bona
1460 2740 1693 2789 ecclesiae,
1727 2748 1775 2782 et

281 2817 359 2856 per
378 2802 608 2856 “populos
618 2802 638 2818 ”
654 2817 760 2844 vera
782 2802 900 2856 ejus:
933 2803 1054 2857 quod
1076 2817 1155 2857 per
1179 2803 1409 2857 “populos
1421 2803 1441 2818 ''
1463 2802 1775 2856 significentur

279 2880 386 2907 vera
407 2866 639 2914 ecclesiae,
657 2872 726 2907 est
750 2867 853 2919 quia
874 2866 1043 2907 bonum
1066 2866 1312 2919 spirituale,
1333 2880 1411 2907 seu
1433 2866 1602 2907 bonum
1626 2866 1776 2907 chari·-

279 2930 390 2970 tatis
421 2942 530 2981 erga
561 2929 832 2982 proximum,
865 2929 909 2970 in
941 2943 1030 2983 quo
1061 2935 1167 2970 sunt
1198 2929 1262 2970 illi
1294 2930 1368 2983 qui
1400 2943 1479 2983 per
1504 2929 1740 2982 “populos
1756 2929 1776 2944 ''

278 2990 615 3043 intelliguntur,
641 2991 685 3030 in
721 3004 801 3030 sua
830 2990 1034 3031 essentia
1063 2996 1134 3031 est
1164 3004 1336 3031 verum.
1395 3001 1564 3039 (videatur
1582 3001 1615 3030 in
1634 2989 1787 3031 Arcanis'

283 3049 479 3084 Caelestibus,
491 3058 522 3079 n.
536 3051 624 3087 8042,
639 3049 753 3087 10296;
776 3058 872 3079 causa
886 3049 975 3087 quod
989 3049 1033 3079 ita
1046 3049 1095 3084 sit.
1107 3058 1138 3080 n.
1153 3050 1222 3087 863,
1235 3051 1304 3087 875,
1318 3051 1386 3087 895,
1397 3058 1466 3087 927,
1482 3057 1569 3087 1023,
1584 3057 1671 3087 1043,
1685 3058 1772 3087 1044,
