2060 3476
287 359 374 412 164-
699 367 1032 401 APOCALYPSIS
1064 368 1363 401 EXPLICATA.

282 483 448 523 nemini
493 483 551 523 sit
598 479 811 523 Divinum
849 481 1020 523 Verum
1066 495 1126 522 ex
1172 495 1248 523 se:
1303 481 1491 522 “labia''
1536 482 1674 523 etiam
1713 482 1773 524 ibi

281 545 537 598 significant
561 543 813 585 doctrinam
830 545 937 593 veri,
957 550 1003 585 et
1025 543 1172 585 “lex‘’
1188 546 1334 598 ipsum
1357 544 1569 585 Divinum
1587 544 1771 587 Verum.

282 608 395 646 (Quod
410 610 426 622 ‘⁴
438 607 548 637 labia''
563 607 740 645 significent
754 606 932 636 doctrinam
943 606 1017 642 veri,
1032 606 1176 636 videatur
1190 616 1220 636 n.
1239 607 1325 641 1286,
1343 608 1436 642 1288:
1460 611 1491 636 et
1505 608 1593 644 quod
1607 610 1624 621 “
1635 607 1712 636 lex''
1728 607 1775 646 ip-

279 666 351 686 sum
367 658 518 686 Divinum
534 658 665 691 Verum,
681 666 711 686 n.
728 659 817 694 3382,
833 656 970 694 [117463.)
1028 645 1141 686 Inde
1163 659 1342 700 quoque
1364 651 1435 686 est
1457 645 1579 699 quod
1598 645 1771 698 Johan—

281 723 360 750 nes
388 708 597 762 Baptista
623 708 798 748 dicatur
827 706 1107 760 “angelus:”

349 809 485 850 “Jesus
502 808 601 845 dixit,
624 806 692 838 Hic
716 812 770 838 est
787 807 830 838 de
847 816 916 848 quo
940 807 1109 847 scriptum
1133 812 1198 844 est,
1221 806 1310 838 Ecce
1334 806 1437 838 mitto
1461 806 1628 847 angelum
1653 816 1772 838 meum
1793 812 1795 815 “

454 858 536 883 ante
549 852 674 883 faciem
686 857 794 888 tuam,
807 851 866 892 qui
877 850 1102 891 praeparabit
1111 850 1206 881 viam
1220 856 1315 881 tuam
1327 856 1409 881 ante
1421 850 1473 881 Te
1485 849 1503 862 ”
1515 849 1612 890 (Luc.
1625 850 1684 883 vii.
1697 850 1751 891 27)
1765 859 1773 889 ;

280 955 415 983 causa
446 939 566 994 quod
598 940 634 980 is
666 937 811 979 dictus
842 939 900 979 sit
936 937 1163 990 “angelus
1176 937 1195 953 '’
1227 943 1297 978 est
1329 938 1431 991 quia
1462 951 1541 992 per
1571 938 1696 979 illum
1727 939 1772 980 in

280 1018 414 1045 sensu
454 1002 674 1056 spirituali
714 1000 992 1054 significatur
1032 1000 1248 1049 Verbum,
1288 1001 1407 1054 quod
1448 1007 1519 1042 est
1560 1001 1772 1043 Divinum
1812 1036 1814 1039 .

280 1065 468 1113 Verum,
488 1063 697 1103 Similiter
714 1075 765 1103 aC
790 1062 931 1102 EllaS.
973 1072 1141 1110 (Videatur
1155 1081 1186 1102 n.
1200 1072 1324 1110 [²17643,
1340 1082 1430 1110 9372.
1461 1074 1501 1102 Et
1515 1074 1605 1111 quod
1618 1074 1774 1112 significa-

278 1131 338 1160 tur,
354 1127 415 1155 hoc
436 1135 493 1164 per
513 1133 682 1163 personam
698 1124 728 1152 in
743 1124 851 1152 Verbo
874 1123 1063 1161 intelligitur,
1078 1123 1221 1153 videatur
1236 1133 1266 1153 n.
1282 1125 1351 1160 665,
1370 1133 1456 1161 1097,
1475 1125 1562 1161 1361,
1578 1133 1668 1162 3147,
1683 1126 1773 1162 3670,

279 1176 368 1210 3881,
383 1175 472 1210 4208,
488 1174 577 1210 4281,
593 1173 682 1209 4288,
698 1180 787 1208 4292,
803 1179 892 1208 4307,
909 1177 998 1207 4500,
1013 1171 1102 1208 6304,
1118 1173 1206 1208 7048.
1223 1180 1312 1208 7439,
1335 1173 1423 1208 8588,
1447 1173 1534 1208 8788,
1558 1172 1646 1206 8806,
1668 1172 1772 1211 9229.)

281 1221 456 1262 Dicitur
481 1219 600 1273 quod
633 1232 711 1272 per
740 1222 764 1238 ‘⁴
777 1217 998 1270 angelos”
1025 1218 1068 1258 in
1101 1217 1255 1259 Verbo
1286 1219 1330 1259 in
1362 1232 1495 1260 sensu
1525 1219 1617 1272 ejus
1644 1221 1771 1273 spiri-

280 1283 391 1324 tuali
436 1282 752 1335 intelligantur
793 1280 956 1321 Divina
995 1294 1101 1321 vera
1146 1294 1172 1321 a
1218 1281 1416 1322 Domino
1461 1282 1768 1335 procedentia,

280 1347 491 1400 quoniam
518 1345 629 1386 haec
656 1344 823 1385 faciunt
846 1343 1061 1396 angelos;
1094 1349 1140 1385 et
1167 1344 1273 1384 dum
1300 1343 1543 1397 loquuntur
1564 1344 1654 1394 illa,
1680 1359 1771 1386 non

280 1424 339 1450 ex
366 1423 414 1450 se
446 1408 688 1462 loquuntur
714 1407 793 1448 sed
825 1421 884 1448 ex
918 1406 1140 1447 Domino:
1174 1407 1293 1461 quod
1325 1408 1389 1448 ita
1421 1408 1479 1448 sit
1512 1421 1602 1448 non
1635 1408 1772 1449 modo

279 1473 427 1513 sciunt
454 1471 533 1512 sed
560 1472 698 1512 etiam
730 1471 980 1524 percipiunt
1007 1469 1184 1523 angeli;
1219 1470 1356 1511 horno
1382 1471 1455 1524 qui
1482 1470 1625 1511 credit
1651 1471 1772 1524 quod

281 1534 389 1575 nihil
416 1534 517 1575 fidei
544 1534 601 1574 sit
629 1547 654 1574 a
680 1547 727 1574 se
754 1533 832 1574 sed
859 1547 884 1573 a
911 1533 1024 1581 Deo,
1049 1533 1091 1573 id
1119 1547 1295 1587 quoque
1322 1534 1421 1582 scit,
1446 1533 1526 1573 sed
1553 1547 1643 1574 non
1670 1547 1771 1587 per-

280 1599 402 1652 cipit.
466 1597 599 1650 Quod
632 1596 741 1637 nihil
778 1596 880 1637 fidei
912 1597 970 1637 sit
1003 1596 1060 1636 ab
1091 1595 1288 1645 homine,
1322 1596 1401 1636 sed
1433 1609 1567 1637 omne
1599 1611 1625 1637 a
1657 1596 1771 1646 Deo,

280 1667 350 1701 est
377 1661 497 1714 quod
529 1659 638 1700 nihil
670 1660 776 1708 veri,
805 1659 924 1712 quod
950 1659 1091 1700 vitam
1124 1658 1278 1708 habet,
1306 1660 1364 1699 sit
1397 1659 1454 1700 ab
1485 1658 1667 1700 homine
1693 1659 1773 1700 sed

280 1738 306 1764 a
333 1724 458 1774 De0;
492 1735 596 1764 nam
622 1735 777 1763 verum
803 1728 873 1763 est
900 1721 1016 1771 fidei,
1045 1729 1092 1763 et
1118 1721 1229 1762 fides
1256 1728 1325 1763 est
1353 1723 1457 1763 veri.

355 1783 559 1838 131[a].
581 1784 722 1824 “Haec
734 1783 834 1824 dicit
845 1783 999 1824 habens
1015 1784 1274 1836 romphaeam
1289 1783 1502 1836 ancipitem
1516 1783 1775 1824 acutam?-

282 1846 415 1900 Quod
443 1845 666 1899 significet
688 1846 923 1886 Dominum
944 1845 1023 1899 qui
1043 1845 1162 1886 solus
1184 1845 1230 1886 in
1252 1845 1563 1886 tentationibus
1582 1852 1770 1898 pugnat,

281 1916 463 1951 constat
491 1924 549 1950 ex
577 1909 906 1962 significatione
935 1909 1247 1962 “romphaeae
1260 1908 1279 1923 ”
1305 1922 1382 1949 seu
1411 1907 1629 1961 “gladii,”
1651 1908 1771 1962 quod

281 1975 338 2014 sit
375 1987 529 2014 verum
567 1985 774 2026 pugnans
811 1978 971 2013 contra
1011 1971 1185 2020 falsum,
1225 1978 1271 2012 et
1309 1972 1353 2011 in
1391 1972 1603 2024 opposito
1639 1984 1772 2012 sensu

279 2037 440 2078 falsum
464 2049 670 2090 pugnans
693 2042 852 2076 contra
869 2048 1023 2076 verum
1041 2049 1050 2086 ;
1086 2039 1291 2088 “anceps
1309 2034 1475 2074 acuta’'
1492 2034 1654 2074 dicitur
1671 2035 1774 2088 quia

280 2106 491 2154 penetrat
511 2100 718 2152 utrinque
735 2112 744 2139 τ
773 2098 858 2139 hoc
877 2099 980 2152 quia
1002 2112 1080 2151 per
1100 2096 1462 2150 “romphaeam”
1480 2096 1770 2150 significatur,
1830 2100 1834 2103 ’

279 2164 383 2204 ideo
423 2177 501 2216 per
540 2161 664 2202 illam
705 2162 842 2202 etiam
884 2160 1161 2214 significatur
1201 2161 1419 2213 dispersio
1458 2159 1686 2209 falsorum,
1725 2166 1772 2201 et

281 2239 458 2280 quoque
481 2225 693 2266 tentatio.
757 2223 891 2276 Quod
917 2223 1135 2277 dispersio
1161 2222 1388 2272 falsorum,
1412 2223 1619 2263 videatur
1640 2236 1773 2276 supra

284 2289 346 2343 (n.
365 2287 503 2342 [³173);
548 2287 668 2341 quod
700 2287 914 2335 tentatio,
939 2293 1008 2327 est
1042 2287 1144 2340 quia
1175 2287 1218 2326 in
1251 2286 1429 2339 scriptis
1456 2286 1513 2326 ad
1540 2285 1772 2339 Angelum

280 2351 409 2404 hujus
432 2350 666 2391 Ecclesiae
688 2351 837 2402 agitur
859 2349 915 2390 de
937 2349 1268 2390 tentationibus
1287 2363 1296 2399 ;
1329 2348 1449 2402 quod
1473 2349 1610 2389 etiam
1634 2350 1772 2402 signi-

280 2414 439 2455 ficetur
475 2414 674 2454 tentatio
711 2426 789 2465 per
822 2411 1192 2465 “romphaeam‚''
1225 2418 1294 2452 est
1328 2412 1430 2465 quia
1467 2411 1666 2451 tentatio
1702 2417 1772 2452 est

281 2488 435 2528 pugna
451 2475 546 2514 veri
567 2480 729 2514 contra
750 2473 913 2513 falsum
931 2479 977 2514 et
998 2472 1099 2513 falsi
1121 2478 1283 2513 contra
1298 2485 1467 2512 verum.
1516 2482 1628 2520 (Quod
1643 2483 1775 2512 tentatio

280 2539 450 2576 spiritualis
470 2538 510 2567 sit'
532 2538 601 2566 talis
623 2547 740 2575 pugna,
763 2538 908 2566 videatur
929 2537 961 2566 in
985 2537 1144 2566 Doltrina
1158 2538 1268 2566 Novae
1283 2537 1530 2578 HierosolJJmae,
1554 2545 1586 2566 n.
1611 2536 1773 2572 187—201.)

282 2588 416 2642 Quod
443 2602 521 2642 per
550 2588 717 2628 “Haec
744 2588 854 2628 dicit
881 2587 1054 2628 habens
1076 2587 1370 2640 romphaeam
1396 2587 1640 2639 ancipitem
1667 2599 1772 2627 acu-

281 2651 411 2693 tam’'
451 2651 734 2704 intelligatur
774 2651 994 2691 Dominus
1035 2651 1155 2703 quod
1195 2650 1318 2691 solus
1357 2651 1402 2691 in
1442 2649 1773 2690 tentationibus

281 2721 470 2768 pugnet,
498 2721 568 2755 est
601 2715 704 2767 quia
735 2714 778 2754 in
811 2714 960 2767 capite
997 2713 1299 2766 praecedente
1334 2712 1468 2767 (vers.
1501 2711 1569 2766 16)
1603 2709 1772 2752 dietum

282 2775 355 2820 est
380 2777 501 2832 quod

346 2873 471 2905 Visum
489 2873 583 2914 quod
607 2883 651 2904 ex
674 2883 735 2904 ore
761 2872 838 2904 Filii
862 2873 1019 2904 hominis
1043 2872 1260 2904 ambulantis
1285 2872 1377 2903 inter
1399 2877 1537 2913 septem
1561 2870 1775 2903 candelabra

455 2917 650 2957 romphaea
666 2926 797 2957 anceps
813 2922 916 2948 acuta
932 2917 1043 2948 exiret
1060 2914 1166 2958 ([cap.
1183 2916 1205 2948 i.
1222 2926 1314 2947 vers.
1334 2913 1404 2957 16])
1418 2925 1426 2954 ς

282 3011 328 3046 et
355 3019 432 3059 per
457 3004 658 3045 “Filium
684 3004 909 3046 hominis’'
932 3003 1201 3057 intelligitur
1227 3003 1448 3045 Dominus
1469 3001 1617 3057 quoad
1645 3001 1772 3043 Divi-
