2060 3476
300 370 376 411 128
709 378 1044 413 APOCALYPSIS
1075 380 1376 414 EXPLICATA.

295 490 520 545 significat
547 491 653 546 quid
685 491 898 533 Divinum
924 491 1096 534 Verum
1125 492 1262 535 docet
1293 499 1340 534 et
1372 493 1481 535 dicit
1513 493 1600 535 illis
1626 494 1700 548 qui
1730 494 1788 536 ab

295 554 488 595 ecclesia
518 560 650 606 sunt3
688 568 767 595 seu
798 554 917 608 quod
949 555 1084 605 idem,
1112 556 1218 610 quid
1250 556 1486 606 Dominus,
1518 569 1623 597 nam
1654 570 1788 599 omne

296 615 512 656 Divinum
539 615 712 656 Verum
741 616 950 669 procedit
976 616 1034 657 ab
1059 616 1167 670 Ipso
1192 627 1351 666 (videatur
1365 628 1397 656 in
1412 636 1508 665 opere
1525 628 1574 657 De
1592 628 1682 658 Caelo
1695 631 1726 658 et
1738 629 1791 658 lu-

293 684 816 725 fernam.13,133,[·]137,139):
849 676 954 716 ideo
978 676 1119 717 etiam
1150 676 1255 730 Ipse
1286 676 1509 717 Dominus
1535 690 1627 717 non
1653 677 1788 726 dixit,

299 737 442 791 “quid
475 736 666 790 Spiritus
697 737 847 791 dicjts’
874 738 978 792 quia
1009 737 1112 792 Ipse
1143 745 1241 779 erat
1274 738 1487 779 Divinum
1513 738 1684 780 Verum
1715 740 1789 793 qui

296 800 427 840 dixit.
503 799 638 853 Quod
674 813 765 840 non
797 801 910 842 scire
941 806 988 842 et
1025 800 1280 854 intelligere
1311 815 1418 842 vera
1454 801 1619 842 Divina
1655 801 1790 844 faciat

296 862 535 904 ecclesiam
561 869 608 904 et
638 862 800 904 formet
828 863 1003 904 caelum
1029 864 1148 918 apud
1179 863 1425 914 hominem,
1453 864 1533 905 sed
1565 865 1693 913 scire,
1720 865 1788 905 in-

295 925 504 978 telligere
518 931 564 966 et
579 925 738 975 facere,
756 926 892 966 docet
908 925 1128 967 Dominus
1142 933 1299 980 aperte
1318 926 1543 980 plurimis
1532 940 1577 968 1n
1596 926 1731 968 locis:
1735 949 1792 956 ——-

296 988 363 1030 Ut
389 988 508 1042 apud
532 988 827 1038 Matthaeum,

365 1071 467 1113 “Qui
491 1071 591 1102 audit
614 1072 724 1102 verba
747 1081 828 1103 mea
851 1077 887 1103 et
914 1071 999 1103 facit
1026 1081 1079 1110 ea,
1107 1077 1334 1112 comparatur
1357 1071 1434 1103 viro
1463 1072 1627 1113 prudenti
1631 1097 1724 1111 .....
1731 1073 1791 1114 qui

471 1121 590 1146 autem
607 1115 706 1146 audit
723 1121 758 1147 et
775 1124 848 1146 non
866 1115 951 1147 facit
967 1122 1194 1156 comparatur
1210 1116 1288 1147 viro
1305 1115 1414 1147 stulto
1426 1115 1444 1127 '’
1461 1116 1534 1156 (vii.
1550 1124 1602 1155 24,
1619 1114 1709 1157 [²126)
1723 1126 1730 1155 ;

298 1191 417 1244 apud
443 1191 651 1240 eundem,

367 1277 388 1291 ‘¹
400 1275 469 1318 Qui
487 1276 522 1307 in
541 1282 671 1308 terram
689 1277 821 1308 bonam
842 1277 1037 1309 seminatus
1054 1282 1120 1315 est,
1141 1277 1171 1309 is
1187 1283 1242 1309 est
1259 1277 1317 1319 qui
1335 1279 1483 1309 verbum
1500 1278 1610 1317 audit,
1626 1284 1661 1310 et
1677 1283 1793 1311 atten-

472 1320 523 1352 dit
539 1326 575 1352 et
591 1320 674 1352 inde
691 1319 845 1352 studium
862 1320 958 1353 fert''
975 1321 1062 1362 (xiii.
1078 1319 1167 1362 [³123)
1181 1330 1189 1359 ;

289 1406 407 1460 apud
432 1406 612 1456 Lucam,

359 1486 380 1501 '⁴
393 1485 521 1518 Omnis
538 1486 687 1518 veniens
704 1486 749 1518 ad
768 1486 838 1524 Me,
859 1491 894 1518 et
910 1486 1059 1518 audiens
1076 1486 1186 1518 verba
1201 1495 1291 1524 mea,
1311 1491 1347 1518 et
1370 1485 1505 1517 faciens
1522 1495 1574 1524 ea,
1595 1486 1782 1518 ostendam

463 1529 518 1561 cui
545 1530 672 1562 similis
687 1540 694 1569 ;
728 1530 855 1562 similis
884 1535 938 1562 est
965 1529 1102 1561 homini
1129 1529 1328 1561 aedificanti
1354 1529 1499 1561 domum
1505 1554 1596 1567 .....
1605 1535 1639 1561 et
1665 1529 1784 1570 posuit

463 1573 734 1605 fundamentum
749 1583 856 1614 super
869 1579 970 1614 petra
983 1585 1007 1606 ε.
1022 1598 1030 1605 .
1044 1598 1050 1605 .
1066 1579 1117 1605 ,at
1130 1573 1279 1604 audiens
1293 1579 1328 1604 et
1342 1583 1414 1604 non
1426 1572 1572 1610 faciens,
1589 1578 1644 1604 est
1656 1573 1783 1605 similis

463 1617 599 1648 homini
614 1617 816 1649 aedificanti
829 1618 974 1649 domum
986 1627 1092 1658 super
1103 1622 1196 1649 terra
1209 1617 1285 1648 sine
1296 1616 1532 1648 fundamento
1543 1615 1562 1628 ”
1573 1616 1633 1656 (vi.
1645 1616 1783 1658 47-49);

289 1694 407 1748 apud
433 1693 641 1743 eundern,

357 1773 379 1787 ‘⁴
393 1772 657 1857 Maieiiwffafit
681 1773 808 1858 fratre?
832 1772 901 1805 mei
919 1778 1012 1812 sunt,
1032 1772 1091 1815 qui
1107 1772 1264 1805 Verbum
1284 1772 1350 1804 Dei
1367 1771 1516 1804 audiunt
1531 1777 1567 1804 et
1590 1771 1725 1804 faciunt
1743 1771 1783 1804 il-

476 1827 498 1848 u
583 1827 655 1849 νιιι.
675 1825 778 1858 19-—21
809 1826 816 1855 ;

288 1911 466 1958 praeter
489 1905 642 1946 multis
665 1905 761 1946 aliis
783 1906 827 1946 in
851 1905 974 1946 locis.
1036 1905 1086 1946 In
1110 1905 1178 1946 his
1201 1904 1311 1946 locis
1330 1904 1519 1945 “audire
1531 1903 1551 1920 '’
1568 1903 1780 1958 simplici-

288 1975 358 2009 ter
376 1968 601 2021 significat
621 1969 787 2017 audire,
809 1969 927 2022 quod
951 1975 1019 2010 est
1039 1969 1150 2009 scire
1173 1975 1218 2009 et
1240 1967 1506 2020 intelligere.
1550 1966 1782 2008 “Audire'’

287 2031 426 2072 etiam
449 2032 492 2072 in
513 2033 738 2072 communi
756 2046 963 2073 sermone
984 2032 1027 2072 id
1051 2031 1273 2085 significat
1293 2030 1471 2084 quando
1489 2030 1650 2071 dicitur
1666 2033 1780 2071 “au-

286 2095 379 2135 dire
411 2095 454 2135 id
474 2094 506 2145 ;'’
538 2101 585 2135 at
617 2095 840 2148 significat
872 2102 918 2136 et
950 2095 1204 2148 intelligere
1235 2101 1281 2135 et
1312 2094 1457 2134 facere
1483 2106 1583 2133 cum
1616 2092 1778 2133 dicitur

288 2157 478 2197 “audire
497 2157 535 2197 ei
549 2156 568 2172 ”
583 2171 660 2197 seu
677 2162 701 2177 ⁴⁴
715 2158 898 2198 audiens
917 2157 1054 2206 esse,''
1069 2157 1271 2197 similiter
1288 2153 1312 2177 “
1325 2154 1615 2196 auscultare.”
1647 2155 1779 2195 Prae-

285 2226 418 2272 terea·
437 2218 500 2259 illi
527 2219 599 2272 qui
625 2226 946 2273 separaverunt
969 2220 1109 2260 vitam
1136 2233 1162 2259 a
1186 2218 1272 2259 fide
1298 2224 1402 2259 sunt
1425 2217 1590 2258 similes
1616 2216 1702 2258 illis
1724 2217 1781 2258 de

285 2282 443 2336 quibus
472 2281 691 2322 Dominus
719 2281 915 2335 loquitur
940 2281 1058 2335 apud
1082 2281 1376 2330 Matthaeum,

353 2382 376 2396 ‘⁴
387 2380 559 2412 Videntes
552 2390 650 2462 ‘¹302‘
659 2380 801 2456 vidzenth
809 2385 844 2411 et
852 2380 1042 2463 >audientes
1057 2389 1130 2411 non
1143 2380 1301 2418 audiunt,
1318 2389 1432 2420 neque
1446 2378 1649 2420 intelligunt
1660 2377 1678 2391 ”
1691 2377 1777 2420 (xiii.

463 2433 525 2463 13—
529 2432 566 2463 15
652 2435 702 2455 zec
755 2423 814 2456 xii.
832 2432 850 2455 2

364 2527 499 2585 1093
538 2515 751 2556 “Vincenti
769 2516 872 2557 dabo
892 2516 1017 2556 edet-e
1037 2515 1086 2555 de
1107 2515 1256 2556 arbore
1280 2514 1617 2584 m'taez''—Quod
1639 2514 1778 2567 signi-

288 2577 392 2619 ficet
418 2592 493 2631 quz
517 2592 590 2618 cor
591 2578 644 2618 de
667 2578 823 2630 recipzt
841 2577 1096 2630 zwrnplebztur
1119 2577 1225 2617 bono
1250 2591 1416 2618 amorzs
1437 2583 1479 2617 et
1498 2576 1600 2617 znde
1613 2576 1780 2630 gaudzo

283 2640 471 2689 caelestz,
496 2647 678 2681 constat
701 2655 760 2681 ex
783 2639 1113 2693 significatione
1137 2639 1391 2689 “vincere,”
1413 2639 1532 2694 quod
1559 2640 1616 2680 sit
1644 2639 1778 2680 corde

286 2704 482 2756 recipere
508 2702 589 2772 (de.
605 2717 692 2756 qua
714 2702 960 2756 sequitur&
993 2716 1051 2742 ex
1076 2701 1403 2755 significatione
1427 2701 1636 2750 “edere‚”
1658 2701 1777 2755 quod

285 2765 344 2806 sit
376 2765 659 2817 appropriari
690 2770 736 2804 et
768 2763 983 2817 conjungi
1010 2774 1064 2813 (de
1083 2784 1197 2812 quan.
1218 2777 1307 2811 2187,
1328 2783 1416 2812 2343,
1436 2775 1525 2812 3168,
1545 2776 1634 2812 3813·
1654 2774 1775 2813 5643);

287 2833 333 2867 et
359 2840 417 2867 ex
445 2825 774 2878 significatione
803 2826 1009 2866 “arboris
1033 2825 1193 2874 vitae,”
1219 2826 1339 2879 quod
1370 2826 1427 2866 sit
1458 2825 1626 2865 bonum
1652 2838 1774 2865 amo-

284 2889 342 2928 ris
365 2894 411 2928 et
434 2888 537 2928 inde
555 2888 766 2940 gaudium
791 2887 987 2928 caeleste
1008 2886 1084 2941 (de
1107 2901 1193 2941 qua
1210 2888 1345 2928 etiam
1364 2886 1596 2940 sequitur).
1641 2885 1775 2939 Quod

287 2951 503 2990 “vincere
517 2949 535 2964 '’
561 2950 618 2990 sit
646 2950 780 2990 corde
806 2950 1016 3003 recipere,
1045 2956 1114 2990 est
1145 2951 1247 3003 quia
1273 2950 1432 2998 omnis,
1460 2950 1532 3002 qui
1563 2955 1772 3001 receptu-

285 3026 357 3053 rus
393 3019 463 3053 est
495 3013 635 3053 vitam
668 3012 959 3065 spiritualem,
993 3013 1213 3065 pugnabit
1245 3018 1403 3053 contra
1435 3011 1553 3052 mala
1585 3017 1631 3052 et
1662 3011 1775 3051 falsa
