<?xml version="1.0" encoding="UTF-8"?>
<!DOCTYPE html PUBLIC "-//W3C//DTD XHTML 1.0 Transitional//EN"
    "http://www.w3.org/TR/xhtml1/DTD/xhtml1-transitional.dtd">
<html xmlns="http://www.w3.org/1999/xhtml" xml:lang="en" lang="en">
 <head>
  <title>
</title>
<meta http-equiv="Content-Type" content="text/html;charset=utf-8" />
  <meta name='ocr-system' content='tesseract 3.04.00' />
  <meta name='ocr-capabilities' content='ocr_page ocr_carea ocr_par ocr_line ocrx_word'/>
</head>
<body>
  <div class='ocr_page' id='page_1' title='image "apocalypsisexpli01sweduoft_0478.png"; bbox 0 0 2060 3476; ppageno 0'>
   <div class='ocr_carea' id='block_1_1' title="bbox 306 327 1391 374">
    <p class='ocr_par' dir='ltr' id='par_1_1' title="bbox 306 327 1391 374">
     <span class='ocr_line' id='line_1_1' title="bbox 306 327 1391 374; baseline -0.003 -12"><span class='ocrx_word' id='word_1_1' title='bbox 306 330 390 374; x_wconf 87' lang='lat'>472</span> <span class='ocrx_word' id='word_1_2' title='bbox 723 327 1058 373; x_wconf 81' lang='lat' dir='ltr'>APOCALYPSIS</span> <span class='ocrx_word' id='word_1_3' title='bbox 1090 327 1391 361; x_wconf 83' lang='lat' dir='ltr'><strong>EXPLICATA.</strong></span> 
     </span>
    </p>
   </div>
   <div class='ocr_carea' id='block_1_2' title="bbox 308 430 1802 496">
    <p class='ocr_par' dir='ltr' id='par_1_2' title="bbox 308 430 1802 496">
     <span class='ocr_line' id='line_1_2' title="bbox 308 430 1802 496; baseline -0.002 -13"><span class='ocrx_word' id='word_1_4' title='bbox 308 443 409 496; x_wconf 88' lang='lat' dir='ltr'>quia</span> <span class='ocrx_word' id='word_1_5' title='bbox 440 456 518 496; x_wconf 90' lang='lat' dir='ltr'>per</span> <span class='ocrx_word' id='word_1_6' title='bbox 547 445 715 483; x_wconf 86' lang='lat' dir='ltr'>“avem</span> <span class='ocrx_word' id='word_1_7' title='bbox 742 440 942 483; x_wconf 89' lang='lat' dir='ltr'>alatam”</span> <span class='ocrx_word' id='word_1_8' title='bbox 965 439 1243 493; x_wconf 88' lang='lat' dir='ltr'>significatur</span> <span class='ocrx_word' id='word_1_9' title='bbox 1267 437 1527 481; x_wconf 68' lang='lat' dir='ltr'>intellectus</span> <span class='ocrx_word' id='word_1_10' title='bbox 1552 439 1645 480; x_wconf 89' lang='lat' dir='ltr'>veri</span> <span class='ocrx_word' id='word_1_11' title='bbox 1675 430 1802 493; x_wconf 79' lang='lat' dir='ltr'>spiri·</span> 
     </span>
    </p>
   </div>
   <div class='ocr_carea' id='block_1_3' title="bbox 309 497 1822 558">
    <p class='ocr_par' dir='ltr' id='par_1_3' title="bbox 309 497 1822 558">
     <span class='ocr_line' id='line_1_3' title="bbox 309 497 1822 558; baseline -0.003 -11"><span class='ocrx_word' id='word_1_12' title='bbox 309 505 458 554; x_wconf 89' lang='lat' dir='ltr'>tualis,</span> <span class='ocrx_word' id='word_1_13' title='bbox 485 511 531 546; x_wconf 89' lang='lat' dir='ltr'>et</span> <span class='ocrx_word' id='word_1_14' title='bbox 564 518 642 558; x_wconf 89' lang='lat' dir='ltr'>per</span> <span class='ocrx_word' id='word_1_15' title='bbox 670 504 862 546; x_wconf 88' lang='lat' dir='ltr'>“volare</span> <span class='ocrx_word' id='word_1_16' title='bbox 893 518 1047 546; x_wconf 90' lang='lat' dir='ltr'>versus</span> <span class='ocrx_word' id='word_1_17' title='bbox 1079 502 1283 545; x_wconf 91' lang='lat' dir='ltr'>caelum’&#39;</span> <span class='ocrx_word' id='word_1_18' title='bbox 1309 501 1588 554; x_wconf 84' lang='lat' dir='ltr'>significatur</span> <span class='ocrx_word' id='word_1_19' title='bbox 1619 497 1822 543; x_wconf 47' lang='lat' dir='ltr'>circum?</span> 
     </span>
    </p>
   </div>
   <div class='ocr_carea' id='block_1_4' title="bbox 307 564 1804 810">
    <p class='ocr_par' dir='ltr' id='par_1_4' title="bbox 307 564 1804 810">
     <span class='ocr_line' id='line_1_4' title="bbox 308 564 1803 622; baseline -0.003 -14"><span class='ocrx_word' id='word_1_20' title='bbox 308 566 480 622; x_wconf 66' lang='lat' dir='ltr'>spectio</span> <span class='ocrx_word' id='word_1_21' title='bbox 516 581 630 621; x_wconf 89' lang='lat' dir='ltr'>quae</span> <span class='ocrx_word' id='word_1_22' title='bbox 661 573 731 608; x_wconf 91' lang='lat' dir='ltr'>est</span> <span class='ocrx_word' id='word_1_23' title='bbox 768 566 1100 619; x_wconf 84' lang='lat' dir='ltr'>intelligentiae</span> <span class='ocrx_word' id='word_1_24' title='bbox 1132 567 1176 607; x_wconf 91' lang='lat' dir='ltr'>in</span> <span class='ocrx_word' id='word_1_25' title='bbox 1209 566 1396 606; x_wconf 89' lang='lat' dir='ltr'><strong>Divinis.</strong></span> <span class='ocrx_word' id='word_1_26' title='bbox 1457 564 1533 605; x_wconf 89' lang='lat' dir='ltr'>Ex</span> <span class='ocrx_word' id='word_1_27' title='bbox 1573 564 1641 605; x_wconf 88' lang='lat' dir='ltr'>his</span> <span class='ocrx_word' id='word_1_28' title='bbox 1686 574 1803 605; x_wconf 86' lang='lat' dir='ltr'>nunc</span> 
     </span>
     <span class='ocr_line' id='line_1_5' title="bbox 310 627 1804 684; baseline -0.003 -12"><span class='ocrx_word' id='word_1_29' title='bbox 310 637 520 672; x_wconf 84' lang='lat' dir='ltr'>constare</span> <span class='ocrx_word' id='word_1_30' title='bbox 557 637 711 684; x_wconf 92' lang='lat' dir='ltr'>potest</span> <span class='ocrx_word' id='word_1_31' title='bbox 748 630 853 684; x_wconf 89' lang='lat' dir='ltr'>quid</span> <span class='ocrx_word' id='word_1_32' title='bbox 891 629 1171 683; x_wconf 88' lang='lat' dir='ltr'>significatur</span> <span class='ocrx_word' id='word_1_33' title='bbox 1207 642 1285 682; x_wconf 88' lang='lat' dir='ltr'>per</span> <span class='ocrx_word' id='word_1_34' title='bbox 1316 627 1436 682; x_wconf 91' lang='lat' dir='ltr'>quod</span> <span class='ocrx_word' id='word_1_35' title='bbox 1474 627 1544 668; x_wconf 90' lang='lat' dir='ltr'>hic</span> <span class='ocrx_word' id='word_1_36' title='bbox 1583 627 1804 669; x_wconf 86' lang='lat' dir='ltr'>cherubus</span> 
     </span>
     <span class='ocr_line' id='line_1_6' title="bbox 307 690 1803 747; baseline -0.002 -13"><span class='ocrx_word' id='word_1_37' title='bbox 307 694 561 747; x_wconf 88' lang='lat' dir='ltr'>apparuerit</span> <span class='ocrx_word' id='word_1_38' title='bbox 589 692 780 734; x_wconf 87' lang='lat' dir='ltr'>“similis</span> <span class='ocrx_word' id='word_1_39' title='bbox 801 692 976 747; x_wconf 89' lang='lat' dir='ltr'>aquilae</span> <span class='ocrx_word' id='word_1_40' title='bbox 993 692 1166 734; x_wconf 91' lang='lat' dir='ltr'>volanti</span> <span class='ocrx_word' id='word_1_41' title='bbox 1183 691 1215 743; x_wconf 88' lang='lat'>;”</span> <span class='ocrx_word' id='word_1_42' title='bbox 1241 692 1355 732; x_wconf 91' lang='lat' dir='ltr'>sicut</span> <span class='ocrx_word' id='word_1_43' title='bbox 1377 691 1514 732; x_wconf 89' lang='lat' dir='ltr'>etiam</span> <span class='ocrx_word' id='word_1_44' title='bbox 1537 690 1642 744; x_wconf 90' lang='lat' dir='ltr'>quid</span> <span class='ocrx_word' id='word_1_45' title='bbox 1664 690 1803 744; x_wconf 88' lang='lat' dir='ltr'>signi-</span> 
     </span>
     <span class='ocr_line' id='line_1_7' title="bbox 310 755 948 810; baseline -0.002 -12"><span class='ocrx_word' id='word_1_46' title='bbox 310 756 468 798; x_wconf 86' lang='lat' dir='ltr'>ficatur</span> <span class='ocrx_word' id='word_1_47' title='bbox 493 756 612 810; x_wconf 88' lang='lat' dir='ltr'>apud</span> <span class='ocrx_word' id='word_1_48' title='bbox 638 755 841 805; x_wconf 85' lang='lat' dir='ltr'>Esaiam,</span> <span class='ocrx_word' id='word_1_49' title='bbox 870 770 948 810; x_wconf 91' lang='lat' dir='ltr'>per</span> 
     </span>
    </p>
   </div>
   <div class='ocr_carea' id='block_1_5' title="bbox 377 850 1807 940">
    <p class='ocr_par' dir='ltr' id='par_1_5' title="bbox 377 850 1807 940">
     <span class='ocr_line' id='line_1_8' title="bbox 377 850 1807 897; baseline -0.003 -9"><span class='ocrx_word' id='word_1_50' title='bbox 377 855 563 897; x_wconf 87' lang='lat' dir='ltr'>Seraphim</span> <span class='ocrx_word' id='word_1_51' title='bbox 581 853 739 897; x_wconf 75' lang='lat' dir='ltr'>fflcuique</span> <span class='ocrx_word' id='word_1_52' title='bbox 756 861 858 886; x_wconf 86' lang='lat' dir='ltr'>erant</span> <span class='ocrx_word' id='word_1_53' title='bbox 875 864 939 886; x_wconf 88' lang='lat' dir='ltr'>sex</span> <span class='ocrx_word' id='word_1_54' title='bbox 955 854 1044 892; x_wconf 89' lang='lat' dir='ltr'>alae,</span> <span class='ocrx_word' id='word_1_55' title='bbox 1058 863 1207 895; x_wconf 89' lang='lat' dir='ltr'>quarum</span> <span class='ocrx_word' id='word_1_56' title='bbox 1224 853 1394 885; x_wconf 86' lang='lat' dir='ltr'>“duabus</span> <span class='ocrx_word' id='word_1_57' title='bbox 1411 853 1553 894; x_wconf 87' lang='lat' dir='ltr'>tegebat</span> <span class='ocrx_word' id='word_1_58' title='bbox 1569 850 1708 890; x_wconf 77' lang='lat' dir='ltr'>faciem,</span> <span class='ocrx_word' id='word_1_59' title='bbox 1722 851 1807 884; x_wconf 88' lang='lat' dir='ltr'>dua-</span> 
     </span>
     <span class='ocr_line' id='line_1_9' title="bbox 483 894 1379 940; baseline -0.003 -9"><span class='ocrx_word' id='word_1_60' title='bbox 483 901 547 932; x_wconf 88' lang='lat' dir='ltr'>bus</span> <span class='ocrx_word' id='word_1_61' title='bbox 565 900 707 940; x_wconf 83' lang='lat' dir='ltr'>tegebat</span> <span class='ocrx_word' id='word_1_62' title='bbox 724 899 844 939; x_wconf 88' lang='lat' dir='ltr'>pedes,</span> <span class='ocrx_word' id='word_1_63' title='bbox 861 905 896 930; x_wconf 89' lang='lat' dir='ltr'>et</span> <span class='ocrx_word' id='word_1_64' title='bbox 913 898 1050 930; x_wconf 84' lang='lat' dir='ltr'>duabus</span> <span class='ocrx_word' id='word_1_65' title='bbox 1068 894 1242 929; x_wconf 80' lang='lat' dir='ltr'>volabat”</span> <span class='ocrx_word' id='word_1_66' title='bbox 1259 896 1319 937; x_wconf 91' lang='lat' dir='ltr'>(vi.</span> <span class='ocrx_word' id='word_1_67' title='bbox 1335 895 1379 937; x_wconf 88' lang='lat'>2),</span> 
     </span>
    </p>
   </div>
   <div class='ocr_carea' id='block_1_6' title="bbox 310 993 1810 1874">
    <p class='ocr_par' dir='ltr' id='par_1_6' title="bbox 310 993 1810 1874">
     <span class='ocr_line' id='line_1_10' title="bbox 311 993 1807 1053; baseline -0.004 -13"><span class='ocrx_word' id='word_1_68' title='bbox 311 999 432 1053; x_wconf 91' lang='lat' dir='ltr'>quod</span> <span class='ocrx_word' id='word_1_69' title='bbox 466 1012 626 1052; x_wconf 90' lang='lat' dir='ltr'>nempe</span> <span class='ocrx_word' id='word_1_70' title='bbox 659 1011 736 1052; x_wconf 92' lang='lat' dir='ltr'>per</span> <span class='ocrx_word' id='word_1_71' title='bbox 769 997 901 1038; x_wconf 90' lang='lat' dir='ltr'>“alas</span> <span class='ocrx_word' id='word_1_72' title='bbox 942 997 1100 1050; x_wconf 85' lang='lat' dir='ltr'>quibus</span> <span class='ocrx_word' id='word_1_73' title='bbox 1142 995 1330 1047; x_wconf 87' lang='lat' dir='ltr'>tegebat</span> <span class='ocrx_word' id='word_1_74' title='bbox 1366 994 1554 1036; x_wconf 87' lang='lat' dir='ltr'>saciem’&#39;</span> <span class='ocrx_word' id='word_1_75' title='bbox 1586 993 1807 1046; x_wconf 88' lang='lat' dir='ltr'>significe-</span> 
     </span>
     <span class='ocr_line' id='line_1_11' title="bbox 311 1057 1807 1114; baseline -0.004 -11"><span class='ocrx_word' id='word_1_76' title='bbox 311 1070 383 1103; x_wconf 86' lang='lat' dir='ltr'>tur</span> <span class='ocrx_word' id='word_1_77' title='bbox 400 1060 575 1103; x_wconf 67' lang='lat' dir='ltr'>affectio</span> <span class='ocrx_word' id='word_1_78' title='bbox 594 1062 684 1102; x_wconf 91' lang='lat' dir='ltr'>veri</span> <span class='ocrx_word' id='word_1_79' title='bbox 707 1060 947 1114; x_wconf 88' lang='lat' dir='ltr'>spiritualis</span> <span class='ocrx_word' id='word_1_80' title='bbox 965 1074 973 1110; x_wconf 90' lang='lat'>;</span> <span class='ocrx_word' id='word_1_81' title='bbox 1000 1073 1079 1113; x_wconf 87' lang='lat' dir='ltr'>per</span> <span class='ocrx_word' id='word_1_82' title='bbox 1097 1062 1122 1080; x_wconf 81' lang='lat'>‘⁴</span> <span class='ocrx_word' id='word_1_83' title='bbox 1135 1059 1229 1100; x_wconf 87' lang='lat' dir='ltr'>alas</span> <span class='ocrx_word' id='word_1_84' title='bbox 1247 1058 1405 1112; x_wconf 83' lang='lat' dir='ltr'>quibus</span> <span class='ocrx_word' id='word_1_85' title='bbox 1423 1057 1611 1110; x_wconf 86' lang='lat' dir='ltr'>tegebat</span> <span class='ocrx_word' id='word_1_86' title='bbox 1630 1057 1807 1111; x_wconf 86' lang='lat' dir='ltr'>pedes,’&#39;</span> 
     </span>
     <span class='ocr_line' id='line_1_12' title="bbox 312 1119 1806 1176; baseline -0.003 -10"><span class='ocrx_word' id='word_1_87' title='bbox 312 1124 487 1166; x_wconf 60' lang='lat' dir='ltr'>affectio</span> <span class='ocrx_word' id='word_1_88' title='bbox 518 1125 609 1166; x_wconf 91' lang='lat' dir='ltr'>veri</span> <span class='ocrx_word' id='word_1_89' title='bbox 642 1123 857 1165; x_wconf 89' lang='lat' dir='ltr'>naturalis</span> <span class='ocrx_word' id='word_1_90' title='bbox 889 1123 1019 1173; x_wconf 88' lang='lat' dir='ltr'>inde;</span> <span class='ocrx_word' id='word_1_91' title='bbox 1060 1128 1106 1163; x_wconf 93' lang='lat' dir='ltr'>et</span> <span class='ocrx_word' id='word_1_92' title='bbox 1138 1135 1215 1176; x_wconf 90' lang='lat' dir='ltr'>per</span> <span class='ocrx_word' id='word_1_93' title='bbox 1240 1121 1371 1162; x_wconf 88' lang='lat' dir='ltr'>“alas</span> <span class='ocrx_word' id='word_1_94' title='bbox 1402 1121 1559 1175; x_wconf 89' lang='lat' dir='ltr'>quibus</span> <span class='ocrx_word' id='word_1_95' title='bbox 1591 1120 1776 1164; x_wconf 88' lang='lat' dir='ltr'>volabat</span> <span class='ocrx_word' id='word_1_96' title='bbox 1788 1119 1806 1135; x_wconf 91' lang='lat'><strong>”</strong></span> 
     </span>
     <span class='ocr_line' id='line_1_13' title="bbox 313 1183 1808 1241; baseline -0.003 -12"><span class='ocrx_word' id='word_1_97' title='bbox 313 1185 653 1241; x_wconf 63' lang='lat' dir='ltr'>circumspectio</span> <span class='ocrx_word' id='word_1_98' title='bbox 685 1193 731 1228; x_wconf 91' lang='lat' dir='ltr'>et</span> <span class='ocrx_word' id='word_1_99' title='bbox 764 1186 1032 1240; x_wconf 89' lang='lat' dir='ltr'>praesentia,</span> <span class='ocrx_word' id='word_1_100' title='bbox 1066 1185 1135 1226; x_wconf 90' lang='lat' dir='ltr'>hic</span> <span class='ocrx_word' id='word_1_101' title='bbox 1169 1183 1561 1238; x_wconf 87' lang='lat' dir='ltr'>omnipraesentia,</span> <span class='ocrx_word' id='word_1_102' title='bbox 1588 1184 1691 1236; x_wconf 88' lang='lat' dir='ltr'>quia</span> <span class='ocrx_word' id='word_1_103' title='bbox 1729 1197 1808 1238; x_wconf 88' lang='lat' dir='ltr'>per</span> 
     </span>
     <span class='ocr_line' id='line_1_14' title="bbox 313 1245 1805 1305; baseline -0.003 -12"><span class='ocrx_word' id='word_1_104' title='bbox 313 1257 336 1271; x_wconf 77' lang='lat'>‘⁶</span> <span class='ocrx_word' id='word_1_105' title='bbox 350 1250 606 1305; x_wconf 88' lang='lat' dir='ltr'>seraphim&#39;’</span> <span class='ocrx_word' id='word_1_106' title='bbox 624 1249 767 1291; x_wconf 89' lang='lat' dir='ltr'>simile</span> <span class='ocrx_word' id='word_1_107' title='bbox 787 1247 1065 1302; x_wconf 88' lang='lat' dir='ltr'>significatur</span> <span class='ocrx_word' id='word_1_108' title='bbox 1082 1246 1201 1302; x_wconf 92' lang='lat' dir='ltr'>quod</span> <span class='ocrx_word' id='word_1_109' title='bbox 1220 1261 1298 1301; x_wconf 91' lang='lat' dir='ltr'>per</span> <span class='ocrx_word' id='word_1_110' title='bbox 1317 1250 1341 1267; x_wconf 86' lang='lat'>“</span> <span class='ocrx_word' id='word_1_111' title='bbox 1355 1245 1623 1294; x_wconf 86' lang='lat' dir='ltr'>cherubim,&#39;&#39;</span> <span class='ocrx_word' id='word_1_112' title='bbox 1642 1259 1805 1302; x_wconf 84' lang='lat' dir='ltr'>nempe</span> 
     </span>
     <span class='ocr_line' id='line_1_15' title="bbox 314 1308 1808 1368; baseline -0.003 -13"><span class='ocrx_word' id='word_1_113' title='bbox 314 1315 477 1356; x_wconf 89' lang='lat' dir='ltr'>Divina</span> <span class='ocrx_word' id='word_1_114' title='bbox 503 1313 787 1368; x_wconf 90' lang='lat' dir='ltr'>providentia</span> <span class='ocrx_word' id='word_1_115' title='bbox 812 1311 960 1366; x_wconf 91' lang='lat' dir='ltr'>quoad</span> <span class='ocrx_word' id='word_1_116' title='bbox 988 1310 1254 1353; x_wconf 87' lang='lat' dir='ltr'><strong>custodiam.</strong></span> <span class='ocrx_word' id='word_1_117' title='bbox 1317 1308 1450 1363; x_wconf 83' lang='lat' dir='ltr'>Quod</span> <span class='ocrx_word' id='word_1_118' title='bbox 1476 1323 1555 1363; x_wconf 88' lang='lat' dir='ltr'>per</span> <span class='ocrx_word' id='word_1_119' title='bbox 1579 1308 1808 1358; x_wconf 84' lang='lat' dir='ltr'>“volare,”</span> 
     </span>
     <span class='ocr_line' id='line_1_16' title="bbox 314 1370 1807 1428; baseline -0.003 -9"><span class='ocrx_word' id='word_1_120' title='bbox 314 1391 414 1419; x_wconf 90' lang='lat' dir='ltr'>cum</span> <span class='ocrx_word' id='word_1_121' title='bbox 433 1378 488 1419; x_wconf 88' lang='lat' dir='ltr'>de</span> <span class='ocrx_word' id='word_1_122' title='bbox 506 1377 772 1424; x_wconf 86' lang='lat' dir='ltr'>hominibus,</span> <span class='ocrx_word' id='word_1_123' title='bbox 797 1374 1073 1428; x_wconf 84' lang='lat' dir='ltr'>significetur</span> <span class='ocrx_word' id='word_1_124' title='bbox 1095 1370 1435 1427; x_wconf 61' lang='lat' dir='ltr'>circumspectio</span> <span class='ocrx_word' id='word_1_125' title='bbox 1458 1379 1504 1414; x_wconf 90' lang='lat' dir='ltr'>et</span> <span class='ocrx_word' id='word_1_126' title='bbox 1527 1371 1656 1412; x_wconf 87' lang='lat' dir='ltr'>simul</span> <span class='ocrx_word' id='word_1_127' title='bbox 1679 1385 1807 1426; x_wconf 87' lang='lat' dir='ltr'>prae·</span> 
     </span>
     <span class='ocr_line' id='line_1_17' title="bbox 311 1433 1807 1494; baseline -0.005 -12"><span class='ocrx_word' id='word_1_128' title='bbox 311 1441 469 1488; x_wconf 86' lang='lat' dir='ltr'>sentia,</span> <span class='ocrx_word' id='word_1_129' title='bbox 509 1447 578 1482; x_wconf 93' lang='lat' dir='ltr'>est</span> <span class='ocrx_word' id='word_1_130' title='bbox 615 1439 718 1494; x_wconf 89' lang='lat' dir='ltr'>quia</span> <span class='ocrx_word' id='word_1_131' title='bbox 754 1439 872 1479; x_wconf 89' lang='lat' dir='ltr'>visus</span> <span class='ocrx_word' id='word_1_132' title='bbox 910 1444 979 1479; x_wconf 89' lang='lat' dir='ltr'>est</span> <span class='ocrx_word' id='word_1_133' title='bbox 1017 1450 1230 1492; x_wconf 82' lang='lat' dir='ltr'>praesens</span> <span class='ocrx_word' id='word_1_134' title='bbox 1268 1435 1385 1489; x_wconf 89' lang='lat' dir='ltr'>apud</span> <span class='ocrx_word' id='word_1_135' title='bbox 1423 1433 1648 1489; x_wconf 62' lang='lat' dir='ltr'>objectum</span> <span class='ocrx_word' id='word_1_136' title='bbox 1686 1435 1807 1490; x_wconf 85' lang='lat' dir='ltr'>quod</span> 
     </span>
     <span class='ocr_line' id='line_1_18' title="bbox 314 1498 1806 1558; baseline -0.003 -14"><span class='ocrx_word' id='word_1_137' title='bbox 314 1504 437 1544; x_wconf 87' lang='lat' dir='ltr'>videt</span> <span class='ocrx_word' id='word_1_138' title='bbox 455 1518 464 1554; x_wconf 94' lang='lat'>;</span> <span class='ocrx_word' id='word_1_139' title='bbox 498 1502 617 1558; x_wconf 92' lang='lat' dir='ltr'>quod</span> <span class='ocrx_word' id='word_1_140' title='bbox 636 1507 852 1556; x_wconf 86' lang='lat' dir='ltr'>appareat</span> <span class='ocrx_word' id='word_1_141' title='bbox 870 1501 1168 1554; x_wconf 87' lang='lat' dir='ltr'>longinquum</span> <span class='ocrx_word' id='word_1_142' title='bbox 1191 1505 1267 1540; x_wconf 92' lang='lat' dir='ltr'>aut</span> <span class='ocrx_word' id='word_1_143' title='bbox 1286 1499 1474 1548; x_wconf 83' lang='lat' dir='ltr'>distans,</span> <span class='ocrx_word' id='word_1_144' title='bbox 1493 1504 1563 1539; x_wconf 95' lang='lat' dir='ltr'>est</span> <span class='ocrx_word' id='word_1_145' title='bbox 1585 1512 1643 1539; x_wconf 87' lang='lat' dir='ltr'>ex</span> <span class='ocrx_word' id='word_1_146' title='bbox 1667 1498 1806 1540; x_wconf 89' lang='lat' dir='ltr'>inter-</span> 
     </span>
     <span class='ocr_line' id='line_1_19' title="bbox 314 1560 1807 1620; baseline -0.003 -12"><span class='ocrx_word' id='word_1_147' title='bbox 314 1566 487 1615; x_wconf 90' lang='lat' dir='ltr'>mediis,</span> <span class='ocrx_word' id='word_1_148' title='bbox 515 1579 628 1620; x_wconf 89' lang='lat' dir='ltr'>quae</span> <span class='ocrx_word' id='word_1_149' title='bbox 665 1563 795 1606; x_wconf 89' lang='lat' dir='ltr'>simul</span> <span class='ocrx_word' id='word_1_150' title='bbox 827 1570 1062 1618; x_wconf 87' lang='lat' dir='ltr'>apparent,</span> <span class='ocrx_word' id='word_1_151' title='bbox 1091 1569 1138 1604; x_wconf 92' lang='lat' dir='ltr'>et</span> <span class='ocrx_word' id='word_1_152' title='bbox 1170 1562 1414 1604; x_wconf 89' lang='lat' dir='ltr'>mensurari</span> <span class='ocrx_word' id='word_1_153' title='bbox 1442 1567 1631 1615; x_wconf 87' lang='lat' dir='ltr'>possunt</span> <span class='ocrx_word' id='word_1_154' title='bbox 1658 1560 1807 1615; x_wconf 87' lang='lat' dir='ltr'>quoad</span> 
     </span>
     <span class='ocr_line' id='line_1_20' title="bbox 310 1624 1808 1684; baseline -0.005 -13"><span class='ocrx_word' id='word_1_155' title='bbox 310 1631 467 1684; x_wconf 88' lang='lat' dir='ltr'>spatia.</span> <span class='ocrx_word' id='word_1_156' title='bbox 531 1630 632 1670; x_wconf 91' lang='lat' dir='ltr'>Hoc</span> <span class='ocrx_word' id='word_1_157' title='bbox 657 1628 790 1683; x_wconf 87' lang='lat' dir='ltr'>plene</span> <span class='ocrx_word' id='word_1_158' title='bbox 813 1626 1065 1669; x_wconf 87' lang='lat' dir='ltr'>confirmari</span> <span class='ocrx_word' id='word_1_159' title='bbox 1092 1632 1246 1680; x_wconf 88' lang='lat' dir='ltr'>potest</span> <span class='ocrx_word' id='word_1_160' title='bbox 1269 1639 1327 1666; x_wconf 87' lang='lat' dir='ltr'>ex</span> <span class='ocrx_word' id='word_1_161' title='bbox 1351 1624 1437 1666; x_wconf 93' lang='lat' dir='ltr'>illis</span> <span class='ocrx_word' id='word_1_162' title='bbox 1460 1639 1574 1678; x_wconf 91' lang='lat' dir='ltr'>quae</span> <span class='ocrx_word' id='word_1_163' title='bbox 1600 1624 1808 1665; x_wconf 88' lang='lat' dir='ltr'>existunt</span> 
     </span>
     <span class='ocr_line' id='line_1_21' title="bbox 310 1687 1810 1747; baseline -0.004 -12"><span class='ocrx_word' id='word_1_164' title='bbox 310 1695 354 1735; x_wconf 89' lang='lat' dir='ltr'>in</span> <span class='ocrx_word' id='word_1_165' title='bbox 395 1692 611 1747; x_wconf 88' lang='lat' dir='ltr'>spirituali</span> <span class='ocrx_word' id='word_1_166' title='bbox 648 1692 845 1742; x_wconf 87' lang='lat' dir='ltr'>mundo;</span> <span class='ocrx_word' id='word_1_167' title='bbox 890 1692 933 1731; x_wconf 93' lang='lat' dir='ltr'>in</span> <span class='ocrx_word' id='word_1_168' title='bbox 972 1704 1027 1731; x_wconf 93' lang='lat' dir='ltr'>eo</span> <span class='ocrx_word' id='word_1_169' title='bbox 1063 1690 1159 1744; x_wconf 90' lang='lat' dir='ltr'>ipsa</span> <span class='ocrx_word' id='word_1_170' title='bbox 1195 1689 1341 1743; x_wconf 87' lang='lat' dir='ltr'>spatia</span> <span class='ocrx_word' id='word_1_171' title='bbox 1377 1694 1481 1729; x_wconf 89' lang='lat' dir='ltr'>sunt</span> <span class='ocrx_word' id='word_1_172' title='bbox 1518 1687 1810 1742; x_wconf 88' lang='lat' dir='ltr'>apparentiae</span> 
     </span>
     <span class='ocr_line' id='line_1_22' title="bbox 314 1751 1808 1804; baseline -0.005 -6"><span class='ocrx_word' id='word_1_173' title='bbox 314 1757 528 1798; x_wconf 87' lang='lat' dir='ltr'>oriundae</span> <span class='ocrx_word' id='word_1_174' title='bbox 555 1770 613 1797; x_wconf 86' lang='lat' dir='ltr'>ex</span> <span class='ocrx_word' id='word_1_175' title='bbox 641 1755 904 1796; x_wconf 87' lang='lat' dir='ltr'>diversitate</span> <span class='ocrx_word' id='word_1_176' title='bbox 933 1751 1218 1794; x_wconf 62' lang='lat' dir='ltr'>affectionum</span> <span class='ocrx_word' id='word_1_177' title='bbox 1245 1758 1291 1793; x_wconf 89' lang='lat' dir='ltr'>et</span> <span class='ocrx_word' id='word_1_178' title='bbox 1323 1752 1426 1792; x_wconf 90' lang='lat' dir='ltr'>inde</span> <span class='ocrx_word' id='word_1_179' title='bbox 1453 1751 1808 1804; x_wconf 87' lang='lat' dir='ltr'>cogitationum;</span> 
     </span>
     <span class='ocr_line' id='line_1_23' title="bbox 313 1808 1810 1874; baseline -0.005 -13"><span class='ocrx_word' id='word_1_180' title='bbox 313 1826 587 1874; x_wconf 86' lang='lat' dir='ltr'>quapropter</span> <span class='ocrx_word' id='word_1_181' title='bbox 618 1832 718 1860; x_wconf 90' lang='lat' dir='ltr'>cum</span> <span class='ocrx_word' id='word_1_182' title='bbox 755 1823 975 1872; x_wconf 90' lang='lat' dir='ltr'>apparent</span> <span class='ocrx_word' id='word_1_183' title='bbox 1007 1816 1142 1870; x_wconf 91' lang='lat' dir='ltr'>aliqui</span> <span class='ocrx_word' id='word_1_184' title='bbox 1173 1822 1250 1857; x_wconf 88' lang='lat' dir='ltr'>aut</span> <span class='ocrx_word' id='word_1_185' title='bbox 1287 1814 1436 1868; x_wconf 86' lang='lat' dir='ltr'>aliqua</span> <span class='ocrx_word' id='word_1_186' title='bbox 1471 1808 1730 1868; x_wconf 87' lang='lat' dir='ltr'>longinque,</span> <span class='ocrx_word' id='word_1_187' title='bbox 1763 1817 1810 1855; x_wconf 86' lang='lat' dir='ltr'>et</span> 
     </span>
    </p>
   </div>
   <div class='ocr_carea' id='block_1_7' title="bbox 311 1876 1838 1936">
    <p class='ocr_par' dir='ltr' id='par_1_7' title="bbox 311 1876 1838 1936">
     <span class='ocr_line' id='line_1_24' title="bbox 311 1876 1838 1936; baseline -0.005 -13"><span class='ocrx_word' id='word_1_188' title='bbox 311 1882 501 1933; x_wconf 87' lang='lat' dir='ltr'>angelus</span> <span class='ocrx_word' id='word_1_189' title='bbox 526 1895 604 1923; x_wconf 91' lang='lat' dir='ltr'>seu</span> <span class='ocrx_word' id='word_1_190' title='bbox 631 1882 809 1936; x_wconf 87' lang='lat' dir='ltr'>spiritus</span> <span class='ocrx_word' id='word_1_191' title='bbox 840 1895 899 1922; x_wconf 87' lang='lat' dir='ltr'>ex</span> <span class='ocrx_word' id='word_1_192' title='bbox 926 1881 1105 1921; x_wconf 88' lang='lat' dir='ltr'>intensa</span> <span class='ocrx_word' id='word_1_193' title='bbox 1132 1876 1367 1920; x_wconf 63' lang='lat' dir='ltr'>affectione</span> <span class='ocrx_word' id='word_1_194' title='bbox 1394 1877 1490 1918; x_wconf 90' lang='lat' dir='ltr'>vult</span> <span class='ocrx_word' id='word_1_195' title='bbox 1521 1876 1621 1918; x_wconf 89' lang='lat' dir='ltr'>illos</span> <span class='ocrx_word' id='word_1_196' title='bbox 1648 1877 1721 1930; x_wconf 89' lang='lat' dir='ltr'>qui</span> <span class='ocrx_word' id='word_1_197' title='bbox 1751 1876 1810 1917; x_wconf 86' lang='lat' dir='ltr'>ibi</span> <span class='ocrx_word' id='word_1_198' title='bbox 1834 1879 1838 1883; x_wconf 87' lang='grc'><strong>’</strong></span> 
     </span>
    </p>
   </div>
   <div class='ocr_carea' id='block_1_8' title="bbox 311 1939 1812 2188">
    <p class='ocr_par' dir='ltr' id='par_1_8' title="bbox 311 1939 1812 2188">
     <span class='ocr_line' id='line_1_25' title="bbox 312 1939 1809 1997; baseline -0.004 -12"><span class='ocrx_word' id='word_1_199' title='bbox 312 1951 416 1987; x_wconf 89' lang='lat' dir='ltr'>sunt</span> <span class='ocrx_word' id='word_1_200' title='bbox 448 1946 702 1994; x_wconf 84' lang='lat' dir='ltr'>convenire,</span> <span class='ocrx_word' id='word_1_201' title='bbox 736 1951 813 1985; x_wconf 91' lang='lat' dir='ltr'>aut</span> <span class='ocrx_word' id='word_1_202' title='bbox 845 1943 921 1984; x_wconf 89' lang='lat' dir='ltr'>illa</span> <span class='ocrx_word' id='word_1_203' title='bbox 951 1957 1066 1997; x_wconf 88' lang='lat' dir='ltr'>quae</span> <span class='ocrx_word' id='word_1_204' title='bbox 1098 1943 1156 1983; x_wconf 93' lang='lat' dir='ltr'>ibi</span> <span class='ocrx_word' id='word_1_205' title='bbox 1188 1947 1292 1983; x_wconf 88' lang='lat' dir='ltr'>sunt</span> <span class='ocrx_word' id='word_1_206' title='bbox 1325 1941 1528 1988; x_wconf 83' lang='lat' dir='ltr'>lustrare,</span> <span class='ocrx_word' id='word_1_207' title='bbox 1562 1940 1717 1980; x_wconf 88' lang='lat' dir='ltr'>statim</span> <span class='ocrx_word' id='word_1_208' title='bbox 1749 1939 1809 1980; x_wconf 87' lang='lat' dir='ltr'>ibi</span> 
     </span>
     <span class='ocr_line' id='line_1_26' title="bbox 312 2002 1810 2062; baseline -0.005 -13"><span class='ocrx_word' id='word_1_209' title='bbox 312 2022 524 2062; x_wconf 86' lang='lat' dir='ltr'>praesens</span> <span class='ocrx_word' id='word_1_210' title='bbox 556 2014 639 2049; x_wconf 89' lang='lat' dir='ltr'>est.</span> <span class='ocrx_word' id='word_1_211' title='bbox 701 2007 854 2048; x_wconf 86' lang='lat' dir='ltr'>Simile</span> <span class='ocrx_word' id='word_1_212' title='bbox 885 2006 934 2048; x_wconf 84' lang='lat' dir='ltr'>fit</span> <span class='ocrx_word' id='word_1_213' title='bbox 973 2019 1073 2047; x_wconf 90' lang='lat' dir='ltr'>cum</span> <span class='ocrx_word' id='word_1_214' title='bbox 1111 2005 1406 2057; x_wconf 87' lang='lat' dir='ltr'>cogitatione,</span> <span class='ocrx_word' id='word_1_215' title='bbox 1439 2016 1553 2058; x_wconf 87' lang='lat' dir='ltr'>quae</span> <span class='ocrx_word' id='word_1_216' title='bbox 1589 2009 1659 2043; x_wconf 87' lang='lat' dir='ltr'>est</span> <span class='ocrx_word' id='word_1_217' title='bbox 1690 2002 1810 2043; x_wconf 83' lang='lat' dir='ltr'>visus</span> 
     </span>
     <span class='ocr_line' id='line_1_27' title="bbox 311 2064 1811 2123; baseline -0.003 -11"><span class='ocrx_word' id='word_1_218' title='bbox 311 2072 505 2112; x_wconf 88' lang='lat' dir='ltr'>hominis</span> <span class='ocrx_word' id='word_1_219' title='bbox 524 2072 724 2112; x_wconf 86' lang='lat' dir='ltr'>internus</span> <span class='ocrx_word' id='word_1_220' title='bbox 743 2084 820 2111; x_wconf 92' lang='lat' dir='ltr'>seu</span> <span class='ocrx_word' id='word_1_221' title='bbox 838 2069 1079 2123; x_wconf 91' lang='lat' dir='ltr'>spiritualis</span> <span class='ocrx_word' id='word_1_222' title='bbox 1098 2083 1107 2120; x_wconf 93' lang='lat'>;</span> <span class='ocrx_word' id='word_1_223' title='bbox 1135 2068 1210 2109; x_wconf 90' lang='lat' dir='ltr'>illa</span> <span class='ocrx_word' id='word_1_224' title='bbox 1226 2067 1350 2108; x_wconf 92' lang='lat' dir='ltr'>videt</span> <span class='ocrx_word' id='word_1_225' title='bbox 1368 2080 1482 2120; x_wconf 88' lang='lat' dir='ltr'>quae</span> <span class='ocrx_word' id='word_1_226' title='bbox 1499 2066 1618 2119; x_wconf 88' lang='lat' dir='ltr'>prius</span> <span class='ocrx_word' id='word_1_227' title='bbox 1635 2064 1811 2107; x_wconf 77' lang='lat' dir='ltr'>viderat</span> 
     </span>
     <span class='ocr_line' id='line_1_28' title="bbox 315 2128 1812 2188; baseline -0.003 -13"><span class='ocrx_word' id='word_1_228' title='bbox 315 2135 358 2175; x_wconf 91' lang='lat' dir='ltr'>in</span> <span class='ocrx_word' id='word_1_229' title='bbox 391 2147 439 2175; x_wconf 90' lang='lat' dir='ltr'>se</span> <span class='ocrx_word' id='word_1_230' title='bbox 469 2134 639 2188; x_wconf 89' lang='lat' dir='ltr'>absque</span> <span class='ocrx_word' id='word_1_231' title='bbox 670 2134 832 2187; x_wconf 88' lang='lat' dir='ltr'>spatio,</span> <span class='ocrx_word' id='word_1_232' title='bbox 865 2134 928 2174; x_wconf 90' lang='lat' dir='ltr'>ita</span> <span class='ocrx_word' id='word_1_233' title='bbox 959 2145 1138 2186; x_wconf 89' lang='lat' dir='ltr'>prorsus</span> <span class='ocrx_word' id='word_1_234' title='bbox 1171 2137 1219 2172; x_wconf 90' lang='lat' dir='ltr'>ut</span> <span class='ocrx_word' id='word_1_235' title='bbox 1250 2129 1516 2184; x_wconf 84' lang='lat' dir='ltr'>praesentia.</span> <span class='ocrx_word' id='word_1_236' title='bbox 1592 2128 1704 2169; x_wconf 92' lang='lat' dir='ltr'>Inde</span> <span class='ocrx_word' id='word_1_237' title='bbox 1741 2134 1812 2170; x_wconf 89' lang='lat' dir='ltr'>est</span> 
     </span>
    </p>
   </div>
   <div class='ocr_carea' id='block_1_9' title="bbox 315 2192 1847 2251">
    <p class='ocr_par' dir='ltr' id='par_1_9' title="bbox 315 2192 1847 2251">
     <span class='ocr_line' id='line_1_29' title="bbox 315 2192 1847 2251; baseline -0.003 -13"><span class='ocrx_word' id='word_1_238' title='bbox 315 2198 435 2251; x_wconf 90' lang='lat' dir='ltr'>quod</span> <span class='ocrx_word' id='word_1_239' title='bbox 459 2197 650 2238; x_wconf 90' lang='lat' dir='ltr'>“volare</span> <span class='ocrx_word' id='word_1_240' title='bbox 662 2196 681 2212; x_wconf 89' lang='lat'>’‘</span> <span class='ocrx_word' id='word_1_241' title='bbox 703 2197 877 2237; x_wconf 85' lang='lat' dir='ltr'>dicatur</span> <span class='ocrx_word' id='word_1_242' title='bbox 899 2196 955 2236; x_wconf 91' lang='lat' dir='ltr'>de</span> <span class='ocrx_word' id='word_1_243' title='bbox 978 2193 1211 2236; x_wconf 61' lang='lat' dir='ltr'>intellectu</span> <span class='ocrx_word' id='word_1_244' title='bbox 1233 2200 1278 2235; x_wconf 91' lang='lat' dir='ltr'>et</span> <span class='ocrx_word' id='word_1_245' title='bbox 1302 2194 1357 2234; x_wconf 92' lang='lat' dir='ltr'>de</span> <span class='ocrx_word' id='word_1_246' title='bbox 1379 2192 1471 2246; x_wconf 88' lang='lat' dir='ltr'>ejus</span> <span class='ocrx_word' id='word_1_247' title='bbox 1493 2192 1811 2247; x_wconf 87' lang='lat' dir='ltr'>intelligentia,</span> <span class='ocrx_word' id='word_1_248' title='bbox 1842 2229 1847 2233; x_wconf 93' lang='lat'>.</span> 
     </span>
    </p>
   </div>
   <div class='ocr_carea' id='block_1_10' title="bbox 312 2255 1712 2314">
    <p class='ocr_par' dir='ltr' id='par_1_10' title="bbox 312 2255 1712 2314">
     <span class='ocr_line' id='line_1_30' title="bbox 312 2255 1712 2314; baseline -0.005 -12"><span class='ocrx_word' id='word_1_249' title='bbox 312 2267 357 2302; x_wconf 93' lang='lat' dir='ltr'>et</span> <span class='ocrx_word' id='word_1_250' title='bbox 380 2260 500 2314; x_wconf 91' lang='lat' dir='ltr'>quod</span> <span class='ocrx_word' id='word_1_251' title='bbox 527 2273 605 2313; x_wconf 92' lang='lat' dir='ltr'>per</span> <span class='ocrx_word' id='word_1_252' title='bbox 626 2259 670 2300; x_wconf 90' lang='lat' dir='ltr'>id</span> <span class='ocrx_word' id='word_1_253' title='bbox 698 2258 975 2312; x_wconf 84' lang='lat' dir='ltr'>significetur</span> <span class='ocrx_word' id='word_1_254' title='bbox 1001 2255 1344 2311; x_wconf 60' lang='lat' dir='ltr'>circumspectio</span> <span class='ocrx_word' id='word_1_255' title='bbox 1370 2262 1417 2297; x_wconf 92' lang='lat' dir='ltr'>et</span> <span class='ocrx_word' id='word_1_256' title='bbox 1444 2256 1712 2309; x_wconf 87' lang='lat' dir='ltr'>praesentia.</span> 
     </span>
    </p>
   </div>
   <div class='ocr_carea' id='block_1_11' title="bbox 311 2326 1814 3017">
    <p class='ocr_par' dir='ltr' id='par_1_11' title="bbox 311 2326 1814 3017">
     <span class='ocr_line' id='line_1_31' title="bbox 391 2326 1814 2385; baseline -0.005 -12"><span class='ocrx_word' id='word_1_257' title='bbox 391 2329 604 2385; x_wconf 78' lang='lat' dir='ltr'>283[a].</span> <span class='ocrx_word' id='word_1_258' title='bbox 645 2341 751 2379; x_wconf 77' lang='lat' dir='ltr'>[Vm.</span> <span class='ocrx_word' id='word_1_259' title='bbox 768 2341 811 2379; x_wconf 80' lang='grc'>8.]</span> <span class='ocrx_word' id='word_1_260' title='bbox 843 2334 866 2352; x_wconf 79' lang='lat'>⁴¹</span> <span class='ocrx_word' id='word_1_261' title='bbox 879 2330 930 2370; x_wconf 73' lang='lat' dir='ltr'>Et</span> <span class='ocrx_word' id='word_1_262' title='bbox 947 2332 1126 2383; x_wconf 74' lang='lat' dir='ltr'>quatum·</span> <span class='ocrx_word' id='word_1_263' title='bbox 1143 2328 1354 2374; x_wconf 73' lang='lat' dir='ltr'>Animalia,</span> <span class='ocrx_word' id='word_1_264' title='bbox 1378 2327 1541 2380; x_wconf 66' lang='lat' dir='ltr'>singula</span> <span class='ocrx_word' id='word_1_265' title='bbox 1559 2339 1639 2380; x_wconf 73' lang='lat' dir='ltr'>per</span> <span class='ocrx_word' id='word_1_266' title='bbox 1656 2339 1719 2374; x_wconf 73' lang='lat' dir='ltr'>se,</span> <span class='ocrx_word' id='word_1_267' title='bbox 1740 2326 1814 2366; x_wconf 71' lang='lat' dir='ltr'>ha·</span> 
     </span>
     <span class='ocr_line' id='line_1_32' title="bbox 314 2390 1812 2445; baseline -0.003 -10"><span class='ocrx_word' id='word_1_268' title='bbox 314 2394 463 2436; x_wconf 71' lang='lat' dir='ltr'>habant</span> <span class='ocrx_word' id='word_1_269' title='bbox 491 2394 583 2434; x_wconf 80' lang='lat' dir='ltr'>alas</span> <span class='ocrx_word' id='word_1_270' title='bbox 611 2406 691 2434; x_wconf 71' lang='lat'>³01</span> <span class='ocrx_word' id='word_1_271' title='bbox 716 2393 756 2433; x_wconf 85' lang='lat' dir='ltr'>in</span> <span class='ocrx_word' id='word_1_272' title='bbox 786 2392 1198 2445; x_wconf 70' lang='lat' dir='ltr'>circm&#39;tu.&#39;&#39;—-Quod</span> <span class='ocrx_word' id='word_1_273' title='bbox 1234 2390 1458 2444; x_wconf 88' lang='lat' dir='ltr'>significet</span> <span class='ocrx_word' id='word_1_274' title='bbox 1494 2390 1812 2442; x_wconf 82' lang='lat' dir='ltr'>apparentiam</span> 
     </span>
     <span class='ocr_line' id='line_1_33' title="bbox 311 2451 1811 2508; baseline -0.004 -11"><span class='ocrx_word' id='word_1_275' title='bbox 311 2455 473 2497; x_wconf 79' lang='lat' dir='ltr'>Dz‘vz&#39;m‘</span> <span class='ocrx_word' id='word_1_276' title='bbox 485 2455 741 2508; x_wconf 78' lang='lat' dir='ltr'>spiritualis</span> <span class='ocrx_word' id='word_1_277' title='bbox 764 2454 1050 2508; x_wconf 85' lang='lat' dir='ltr'>undequaque</span> <span class='ocrx_word' id='word_1_278' title='bbox 1067 2453 1228 2494; x_wconf 83' lang='lat' dir='ltr'><em>circum</em></span> <span class='ocrx_word' id='word_1_279' title='bbox 1249 2452 1465 2493; x_wconf 81' lang='lat' dir='ltr'>Divinum</span> <span class='ocrx_word' id='word_1_280' title='bbox 1486 2451 1682 2500; x_wconf 82' lang='lat' dir='ltr'>caeleste,</span> <span class='ocrx_word' id='word_1_281' title='bbox 1703 2464 1811 2492; x_wconf 89' lang='lat' dir='ltr'>con-</span> 
     </span>
     <span class='ocr_line' id='line_1_34' title="bbox 312 2517 1812 2574; baseline -0.003 -10"><span class='ocrx_word' id='word_1_282' title='bbox 312 2529 405 2564; x_wconf 89' lang='lat' dir='ltr'>stat</span> <span class='ocrx_word' id='word_1_283' title='bbox 443 2536 501 2562; x_wconf 90' lang='lat' dir='ltr'>ex</span> <span class='ocrx_word' id='word_1_284' title='bbox 540 2521 871 2574; x_wconf 84' lang='lat' dir='ltr'>significatione</span> <span class='ocrx_word' id='word_1_285' title='bbox 911 2524 1142 2574; x_wconf 87' lang='lat' dir='ltr'>“quatuor</span> <span class='ocrx_word' id='word_1_286' title='bbox 1183 2517 1502 2566; x_wconf 89' lang='lat' dir='ltr'>Animalium,&#39;&#39;</span> <span class='ocrx_word' id='word_1_287' title='bbox 1533 2531 1647 2570; x_wconf 84' lang='lat' dir='ltr'>quae</span> <span class='ocrx_word' id='word_1_288' title='bbox 1683 2524 1812 2559; x_wconf 81' lang='lat' dir='ltr'>erant</span> 
     </span>
     <span class='ocr_line' id='line_1_35' title="bbox 312 2580 1812 2638; baseline -0.003 -12"><span class='ocrx_word' id='word_1_289' title='bbox 312 2585 508 2633; x_wconf 90' lang='lat' dir='ltr'>cherubi,</span> <span class='ocrx_word' id='word_1_290' title='bbox 538 2584 658 2638; x_wconf 91' lang='lat' dir='ltr'>quod</span> <span class='ocrx_word' id='word_1_291' title='bbox 685 2585 776 2625; x_wconf 91' lang='lat' dir='ltr'>sint</span> <span class='ocrx_word' id='word_1_292' title='bbox 802 2584 1008 2625; x_wconf 87' lang='lat' dir='ltr'>custodia</span> <span class='ocrx_word' id='word_1_293' title='bbox 1035 2589 1081 2624; x_wconf 92' lang='lat' dir='ltr'>et</span> <span class='ocrx_word' id='word_1_294' title='bbox 1114 2582 1400 2636; x_wconf 82' lang='lat' dir='ltr'>providentia</span> <span class='ocrx_word' id='word_1_295' title='bbox 1430 2580 1594 2632; x_wconf 82' lang='lat' dir='ltr'>Divina</span> <span class='ocrx_word' id='word_1_296' title='bbox 1626 2580 1812 2623; x_wconf 87' lang='lat' dir='ltr'>Domini</span> 
     </span>
     <span class='ocr_line' id='line_1_36' title="bbox 314 2643 1810 2700; baseline -0.002 -12"><span class='ocrx_word' id='word_1_297' title='bbox 314 2662 371 2689; x_wconf 89' lang='lat' dir='ltr'>ne</span> <span class='ocrx_word' id='word_1_298' title='bbox 403 2648 624 2689; x_wconf 88' lang='lat' dir='ltr'>adeantur</span> <span class='ocrx_word' id='word_1_299' title='bbox 650 2647 763 2688; x_wconf 87' lang='lat' dir='ltr'>caeli</span> <span class='ocrx_word' id='word_1_300' title='bbox 795 2648 1048 2700; x_wconf 87' lang='lat' dir='ltr'>superiores</span> <span class='ocrx_word' id='word_1_301' title='bbox 1075 2647 1158 2686; x_wconf 89' lang='lat' dir='ltr'>nisi</span> <span class='ocrx_word' id='word_1_302' title='bbox 1188 2658 1215 2686; x_wconf 89' lang='lat' dir='ltr'>a</span> <span class='ocrx_word' id='word_1_303' title='bbox 1246 2646 1367 2686; x_wconf 93' lang='lat' dir='ltr'>bono</span> <span class='ocrx_word' id='word_1_304' title='bbox 1393 2644 1555 2685; x_wconf 87' lang='lat' dir='ltr'>amoris</span> <span class='ocrx_word' id='word_1_305' title='bbox 1587 2650 1633 2684; x_wconf 92' lang='lat' dir='ltr'>et</span> <span class='ocrx_word' id='word_1_306' title='bbox 1665 2643 1810 2685; x_wconf 86' lang='lat' dir='ltr'>chari-</span> 
     </span>
     <span class='ocr_line' id='line_1_37' title="bbox 314 2706 1810 2764; baseline -0.003 -12"><span class='ocrx_word' id='word_1_307' title='bbox 314 2712 450 2762; x_wconf 88' lang='lat' dir='ltr'>tatis;</span> <span class='ocrx_word' id='word_1_308' title='bbox 482 2717 528 2752; x_wconf 90' lang='lat' dir='ltr'>et</span> <span class='ocrx_word' id='word_1_309' title='bbox 561 2711 662 2764; x_wconf 88' lang='lat' dir='ltr'>quia</span> <span class='ocrx_word' id='word_1_310' title='bbox 685 2724 762 2764; x_wconf 92' lang='lat' dir='ltr'>per</span> <span class='ocrx_word' id='word_1_311' title='bbox 790 2714 814 2730; x_wconf 85' lang='lat'>‘⁴</span> <span class='ocrx_word' id='word_1_312' title='bbox 831 2716 1023 2764; x_wconf 88' lang='lat' dir='ltr'>quatuor</span> <span class='ocrx_word' id='word_1_313' title='bbox 1049 2707 1309 2750; x_wconf 89' lang='lat' dir='ltr'>Animalia”</span> <span class='ocrx_word' id='word_1_314' title='bbox 1331 2706 1480 2761; x_wconf 90' lang='lat' dir='ltr'>quoad</span> <span class='ocrx_word' id='word_1_315' title='bbox 1513 2718 1702 2759; x_wconf 85' lang='lat' dir='ltr'>corpora</span> <span class='ocrx_word' id='word_1_316' title='bbox 1724 2706 1810 2748; x_wconf 93' lang='lat' dir='ltr'>hoc</span> 
     </span>
     <span class='ocr_line' id='line_1_38' title="bbox 313 2767 1812 2826; baseline -0.004 -11"><span class='ocrx_word' id='word_1_317' title='bbox 313 2773 603 2826; x_wconf 87' lang='lat' dir='ltr'>significatur,</span> <span class='ocrx_word' id='word_1_318' title='bbox 631 2773 768 2814; x_wconf 91' lang='lat' dir='ltr'>etiam</span> <span class='ocrx_word' id='word_1_319' title='bbox 807 2772 1083 2825; x_wconf 87' lang='lat' dir='ltr'>significatur</span> <span class='ocrx_word' id='word_1_320' title='bbox 1114 2771 1325 2812; x_wconf 91' lang='lat' dir='ltr'>Divinum</span> <span class='ocrx_word' id='word_1_321' title='bbox 1357 2769 1555 2811; x_wconf 88' lang='lat' dir='ltr'>caeleste</span> <span class='ocrx_word' id='word_1_322' title='bbox 1584 2768 1661 2822; x_wconf 93' lang='lat' dir='ltr'>(de</span> <span class='ocrx_word' id='word_1_323' title='bbox 1688 2767 1812 2822; x_wconf 75' lang='lat' dir='ltr'>[²]quo</span> 
     </span>
     <span class='ocr_line' id='line_1_39' title="bbox 315 2831 1811 2891; baseline -0.004 -13"><span class='ocrx_word' id='word_1_324' title='bbox 315 2835 563 2891; x_wconf 84' lang='lat' dir='ltr'>sequitur):</span> <span class='ocrx_word' id='word_1_325' title='bbox 607 2842 653 2877; x_wconf 91' lang='lat' dir='ltr'>et</span> <span class='ocrx_word' id='word_1_326' title='bbox 691 2850 749 2877; x_wconf 87' lang='lat' dir='ltr'>ex</span> <span class='ocrx_word' id='word_1_327' title='bbox 782 2835 1110 2890; x_wconf 85' lang='lat' dir='ltr'>significatione</span> <span class='ocrx_word' id='word_1_328' title='bbox 1144 2838 1264 2875; x_wconf 87' lang='lat' dir='ltr'>“sex</span> <span class='ocrx_word' id='word_1_329' title='bbox 1297 2833 1467 2875; x_wconf 84' lang='lat' dir='ltr'>alarum</span> <span class='ocrx_word' id='word_1_330' title='bbox 1503 2833 1547 2873; x_wconf 89' lang='lat' dir='ltr'>in</span> <span class='ocrx_word' id='word_1_331' title='bbox 1586 2831 1811 2881; x_wconf 87' lang='lat' dir='ltr'>circuitu,”</span> 
     </span>
     <span class='ocr_line' id='line_1_40' title="bbox 314 2894 1806 2953; baseline -0.003 -13"><span class='ocrx_word' id='word_1_332' title='bbox 314 2900 434 2953; x_wconf 90' lang='lat' dir='ltr'>quod</span> <span class='ocrx_word' id='word_1_333' title='bbox 476 2900 534 2940; x_wconf 91' lang='lat' dir='ltr'>sit</span> <span class='ocrx_word' id='word_1_334' title='bbox 575 2898 789 2940; x_wconf 90' lang='lat' dir='ltr'>Divinum</span> <span class='ocrx_word' id='word_1_335' title='bbox 820 2898 1051 2952; x_wconf 87' lang='lat' dir='ltr'>spirituale</span> <span class='ocrx_word' id='word_1_336' title='bbox 1087 2898 1254 2939; x_wconf 90' lang='lat' dir='ltr'>circum</span> <span class='ocrx_word' id='word_1_337' title='bbox 1290 2896 1399 2937; x_wconf 89' lang='lat' dir='ltr'>illud</span> <span class='ocrx_word' id='word_1_338' title='bbox 1442 2894 1520 2949; x_wconf 90' lang='lat' dir='ltr'>(de</span> <span class='ocrx_word' id='word_1_339' title='bbox 1550 2907 1637 2949; x_wconf 89' lang='lat' dir='ltr'>qua</span> <span class='ocrx_word' id='word_1_340' title='bbox 1669 2895 1806 2936; x_wconf 89' lang='lat' dir='ltr'>etiam</span> 
     </span>
     <span class='ocr_line' id='line_1_41' title="bbox 314 2957 1806 3017; baseline -0.001 -15"><span class='ocrx_word' id='word_1_341' title='bbox 314 2961 547 3017; x_wconf 86' lang='lat' dir='ltr'>sequitur).</span> <span class='ocrx_word' id='word_1_342' title='bbox 610 2960 743 3014; x_wconf 80' lang='lat' dir='ltr'>Quod</span> <span class='ocrx_word' id='word_1_343' title='bbox 778 2960 1029 3003; x_wconf 90' lang='lat' dir='ltr'>“cherubi”</span> <span class='ocrx_word' id='word_1_344' title='bbox 1055 2960 1202 3015; x_wconf 87' lang='lat' dir='ltr'>quoad</span> <span class='ocrx_word' id='word_1_345' title='bbox 1235 2972 1423 3014; x_wconf 84' lang='lat' dir='ltr'>corpora</span> <span class='ocrx_word' id='word_1_346' title='bbox 1454 2957 1806 3010; x_wconf 80' lang='lat' dir='ltr'>significaverint</span> 
     </span>
    </p>
   </div>
   <div class='ocr_carea' id='block_1_12' title="bbox 2018 0 2060 1201">
    <p class='ocr_par' dir='ltr' id='par_1_12' title="bbox 2018 0 2060 1201">
     <span class='ocr_line' id='line_1_42' title="bbox 2018 0 2060 1201; baseline 0 0"><span class='ocrx_word' id='word_1_347' title='bbox 2018 0 2060 1201; x_wconf 95' lang='lat' dir='ltr'> </span> 
     </span>
    </p>
   </div>
   <div class='ocr_carea' id='block_1_13' title="bbox 2052 3299 2060 3318">
    <p class='ocr_par' dir='ltr' id='par_1_13' title="bbox 2052 3299 2060 3318">
     <span class='ocr_line' id='line_1_43' title="bbox 2052 3299 2060 3318; baseline 0 0"><span class='ocrx_word' id='word_1_348' title='bbox 2052 3299 2060 3318; x_wconf 65' lang='grc' dir='ltr'>»ὲ</span> 
     </span>
    </p>
   </div>
  </div>
 </body>
</html>
