2060 3476
303 344 382 396 176
711 353 1043 386 APOCALYPSIS
1074 353 1372 386 EXPLICATA.

469 467 680 499 tradendum
713 466 793 498 illos
825 466 1121 507 praevaricationi
1152 472 1278 499 contra
1307 466 1482 509 Jehovam
1511 475 1573 507 per
1600 466 1782 507 negotium

472 510 595 542 Peoris
606 510 624 522 ''
642 510 767 551 (Num.
782 510 876 542 xxxi.
894 508 941 552 [8,
956 508 1006 552 9,]
1022 510 1085 550 16).

298 603 431 656 Quod
455 619 533 658 per
557 603 877 645 “Bileamum''
899 604 1215 658 intelligantur
1231 605 1304 658 qui
1327 604 1475 658 quoad
1501 601 1783 644 intellectum

297 667 509 708 illustrati
541 674 645 708 sunt
678 673 724 708 et
756 668 924 708 docent
950 682 1070 717 vera,
1095 668 1295 721 sequitur
1320 681 1379 708 ex
1411 680 1527 707 nunc
1560 667 1781 717 ostensis;

298 744 401 771 nam
429 731 605 772 locutus
632 736 701 771 est
734 730 998 783 prophetice
1024 745 1129 771 vera
1161 731 1216 771 de
1249 729 1415 771 Israele
1442 736 1488 770 et
1520 743 1696 783 quoque
1727 729 1783 770 de

299 792 518 833 Domino:
553 793 672 846 quod
705 807 881 847 quoque
912 794 968 835 de
1001 794 1211 843 Domino,
1239 793 1445 834 videatur
1470 794 1514 833 in
1545 792 1784 846 prophetia

296 854 402 905 ejus,
430 855 562 896 Num.
590 856 716 896 xxiv.
751 865 824 908 17;
868 855 988 909 loqui
1014 856 1279 910 prophetice
1305 856 1361 896 de
1387 854 1567 904 Jsraek,
1596 868 1686 896 non
1712 861 1782 896 est

297 917 351 957 de
389 917 555 970 populo
593 918 857 967 Israelitico,
897 919 975 959 sed
1012 919 1068 959 de
1105 918 1298 959 ecclesia
1333 918 1515 958 Domini
1551 932 1665 971 quae
1705 931 1784 971 per

299 979 552 1021 “Israelem
565 980 583 996 ’'
633 981 922 1034 significatur.
1004 981 1361 1022 Illustrationem
1411 979 1669 1022 intellectus
1718 981 1783 1021 sui

296 1044 435 1084 etiam
461 1045 555 1097 ipse
582 1044 796 1085 describit
823 1044 891 1085 his
918 1045 1078 1094 verbis,

364 1141 386 1153 ¹·
400 1138 541 1170 Dic'tum
562 1139 711 1171 Bileami
729 1140 790 1172 filii
809 1141 945 1179 Beoris,
965 1139 1099 1173 dietum
1117 1141 1182 1173 viri
1200 1142 1313 1182 aperti
1331 1141 1466 1179 oculos,
1487 1139 1619 1173 dictum
1638 1142 1784 1173 audien-

469 1183 514 1214 tis
533 1185 642 1215 verba
661 1184 738 1222 Dei,
749 1209 756 1216 .
772 1209 779 1217 .
793 1209 800 1216 .
815 1185 889 1226 ,qui
909 1185 1060 1225 procidit
1083 1190 1118 1217 et
1135 1186 1312 1217 revelatus
1329 1186 1452 1217 oculos
1463 1185 1482 1197 ”
1499 1185 1623 1225 (Num.
1638 1186 1732 1218 xxiv.
1749 1194 1780 1225 3.

468 1228 658 1268 4.15‚16);

299 1319 518 1369 “apertus
537 1315 677 1356 oculis
690 1315 708 1331 ''
727 1322 773 1357 et
795 1316 1059 1358 “revelatus
1077 1317 1232 1358 oculos
1245 1317 1264 1333 ’‘
1279 1324 1348 1359 est
1365 1317 1616 1358 illustratus
1633 1317 1781 1371 quoad

295 1377 604 1430 intellectum;
636 1379 819 1420 “oculi”
842 1381 960 1420 enim
983 1381 1027 1421 in
1045 1380 1199 1421 Verbo
1222 1380 1477 1434 significant
1500 1378 1782 1421 intellectum

295 1450 454 1487 (videatur
468 1460 498 1480 n.
515 1451 841 1490 2701,441o[-]4421,
856 1459 1046 1489 4523-4534‚
1062 1459 1151 1490 9051,
1169 1453 1291 1491 10569).
1349 1441 1484 1494 Quod
1515 1455 1594 1494 per
1621 1441 1780 1482 “Bile-

293 1502 476 1542 amum”
509 1502 639 1542 simul
677 1502 992 1556 intelligantur
1023 1502 1096 1557 Qui
1127 1509 1283 1544 amant
1320 1503 1427 1543 dolo
1459 1503 1644 1556 perdere
1680 1502 1781 1544 illos

293 1566 367 1618 qui
398 1565 455 1605 ab
487 1565 692 1615 ecclesia,
726 1567 864 1606 etiam
897 1572 1026 1619 patet
1059 1581 1118 1607 ex
1150 1580 1283 1619 supra
1315 1566 1535 1616 ostensis;
1573 1572 1620 1606 et
1652 1579 1780 1619 prae·
1822 1564 1825 1569 ’

294 1634 418 1669 terea
450 1629 678 1678 continue,
713 1642 814 1670 cum
846 1630 1066 1683 equitavit
1099 1643 1231 1682 super
1262 1630 1401 1678 asina,
1432 1629 1678 1670 meditatus
1710 1636 1780 1671 est

293 1693 550 1745 praestigiis
584 1693 648 1733 uti
685 1693 742 1733 ad
778 1693 1056 1746 perdendum
1094 1693 1208 1734 filios
1240 1693 1444 1743 Israelis;
1482 1699 1528 1734 et
1563 1706 1663 1733 cum
1694 1692 1780 1734 hoc

293 1767 382 1794 non
420 1756 568 1808 potuit
610 1756 799 1808 aggredi
840 1769 918 1809 per
955 1754 1309 1805 maledictiones,
1349 1755 1574 1797 consuluit
1613 1755 1781 1798 Balaco

291 1818 478 1870 perdere
515 1817 616 1858 illos
648 1818 856 1859 vocando
887 1818 944 1859 ad
977 1818 1191 1859 sacrificia
1223 1819 1407 1860 deorum
1439 1818 1545 1872 ejus,
1579 1825 1625 1860 et
1657 1833 1779 1860 scor-

290 1881 433 1922 tando
460 1894 560 1922 cum
587 1880 761 1922 filiabus
795 1881 974 1933 Moabi;
1008 1895 1086 1935 per
1115 1882 1265 1923 “filios
1293 1882 1510 1931 Israelis,’'
1536 1896 1647 1936 quos
1679 1897 1779 1936 per-

290 1945 396 1989 dere
448 1945 605 1993 voluit,
660 1945 939 1998 significatur
989 1945 1194 1995 ecclesia,
1247 1947 1457 2000 quoniam
1511 1943 1647 1999 apud*
1678 1946 1780 1987 illos

290 2005 486 2046 ecclesia
517 2007 731 2046 instituta
760 2006 841 2047 fuit
868 2017 1025 2055 (videatur
1039 2027 1069 2047 n.
1085 2019 1174 2055 6426,
1190 2020 1278 2055 8805,
1294 2018 1399 2056 9340).
1455 2007 1691 2047 Arcanum
1722 2007 1778 2048 de

290 2068 415 2108 asina
451 2081 583 2120 super
619 2082 706 2121 qua
744 2068 970 2109 Bileamus
1007 2070 1241 2122 equitavit,
1275 2083 1389 2122 quae
1426 2075 1495 2109 ter
1531 2069 1718 2110 deflexit
1755 2084 1779 2111 e

289 2131 360 2171 via
392 2145 450 2171 ex
483 2132 579 2171 viso
611 2130 777 2183 angelo
809 2145 910 2172 cum
943 2146 1050 2172 ense
1084 2133 1342 2189 evaginato,
1377 2138 1422 2172 et
1464 2132 1584 2186 quod
1626 2131 1780 2174 locuta

289 2194 347 2234 sit
379 2193 436 2234 ad
474 2193 738 2242 Bileamum,
773 2194 908 2235 velim
945 2194 1016 2235 hic
1049 2196 1201 2248 paucis
1233 2194 1475 2248 explicare.
1552 2195 1779 2248 Bileamus
1833 2228 1837 2232 .

288 2269 390 2297 cum
421 2257 641 2310 equitavit
674 2270 806 2310 super
838 2258 978 2306 asina,
1013 2259 1230 2298 continuo
1267 2258 1515 2299 meditatus
1547 2265 1616 2299 est
1650 2272 1777 2312 prae-

289 2320 449 2372 stigias
483 2325 643 2360 contra
680 2319 793 2360 filios
828 2320 1033 2370 Israelis;
1082 2320 1251 2361 lucrum
1284 2334 1371 2375 quo
1408 2321 1704 2363 honoraretur
1734 2323 1777 2363 in

289 2384 439 2423 animo
465 2382 557 2435 ejus
584 2389 707 2433 e1·at;
741 2383 860 2437 quod
886 2385 1025 2424 etiam
1051 2390 1180 2437 patet
1208 2398 1267 2428 ex,
1293 2384 1362 2425 his
1387 2384 1479 2437 ejus
1505 2385 1667 2434 verbis,

357 2487 379 2500 ‘⁴
393 2485 473 2517 Non
496 2486 559 2518 ivit
582 2486 671 2518 sicut
694 2487 869 2527 prioribus
893 2487 1029 2518 vicibus
1052 2487 1194 2518 obviam
1217 2486 1526 2519 divinationibus''
1543 2486 1776 2528 (Num.xxiv.

467 2530 517 2570 1):

287 2618 422 2659 corde
444 2619 582 2659 etiam
606 2619 926 2672 praestigiator
943 2625 1039 2659 erat
1058 2633 1067 2670 ;
1100 2633 1236 2673 quare
1259 2632 1359 2660 cum
1382 2633 1440 2660 ex
1464 2633 1525 2668 se,
1546 2633 1635 2660 non
1658 2619 1777 2660 aliud

289 2682 525 2734 cogitavit.
602 2682 684 2722 Per
723 2682 965 2722 “asinam’'
1002 2696 1134 2735 super
1167 2696 1254 2735 qua
1290 2683 1531 2735 equitatur,
1564 2683 1608 2722 in
1644 2695 1777 2722 sensu

287 2745 506 2799 spirituali
533 2744 674 2785 Verbi
700 2745 978 2798 significatur
1000 2744 1309 2786 intellectuale
1331 2745 1633 2795 illustratum;
1667 2759 1775 2798 qua-

287 2814 473 2862 propter
498 2809 701 2861 equitare
728 2810 860 2861 super
887 2809 1012 2848 asina
1038 2815 1116 2849 seu
1143 2808 1266 2849 mula
1292 2815 1388 2849 erat
1415 2809 1590 2861 insigne
1616 2809 1775 2847 summi

284 2869 448 2922 judicis
491 2875 538 2910 et
582 2870 702 2922 regis
744 2880 902 2918 (videatur
940 2888 1046 2917 supra,
1069 2887 1099 2908 n.
1126 2878 1240 2919 3I[b],
1263 2882 1295 2907 et
1316 2878 1349 2907 in
1370 2878 1510 2908 Arcani-i·
1531 2877 1723 2911 Caelestibus.
1742 2886 1775 2906 n.

287 2941 375 2975 2781,
392 2940 600 2977 5741,9212).
657 2928 870 2981 Angelus
896 2941 998 2969 cum
1024 2941 1132 2968 ense
1159 2927 1408 2979 evaginato
1435 2927 1662 2980 significat
1693 2928 1775 2968 Di-

287 2990 438 3030 vinum
456 2989 624 3031 Verum
661 2990 891 3031 illustrans
923 2997 969 3032 et
1008 3002 1215 3043 pugnans
1247 2994 1406 3029 contra
1436 2988 1596 3029 falsum
1631 2988 1773 3044 (vide-
