<?xml version="1.0" encoding="UTF-8"?>
<!DOCTYPE html PUBLIC "-//W3C//DTD XHTML 1.0 Transitional//EN"
    "http://www.w3.org/TR/xhtml1/DTD/xhtml1-transitional.dtd">
<html xmlns="http://www.w3.org/1999/xhtml" xml:lang="en" lang="en">
 <head>
  <title>
</title>
<meta http-equiv="Content-Type" content="text/html;charset=utf-8" />
  <meta name='ocr-system' content='tesseract 3.04.00' />
  <meta name='ocr-capabilities' content='ocr_page ocr_carea ocr_par ocr_line ocrx_word'/>
</head>
<body>
  <div class='ocr_page' id='page_1' title='image "apocalypsisexpli01sweduoft_0265.png"; bbox 0 0 2060 3476; ppageno 0'>
   <div class='ocr_carea' id='block_1_1' title="bbox 630 362 1731 417">
    <p class='ocr_par' dir='ltr' id='par_1_1' title="bbox 630 362 1731 417">
     <span class='ocr_line' id='line_1_1' title="bbox 630 362 1731 417; baseline -0.007 -8"><span class='ocrx_word' id='word_1_1' title='bbox 630 377 736 410; x_wconf 79' lang='lat' dir='ltr'><strong>CAP.</strong></span> <span class='ocrx_word' id='word_1_2' title='bbox 760 376 845 417; x_wconf 71' lang='lat'>111„</span> <span class='ocrx_word' id='word_1_3' title='bbox 869 374 1008 407; x_wconf 81' lang='lat' dir='ltr'><strong>VERS.</strong></span> <span class='ocrx_word' id='word_1_4' title='bbox 1036 373 1178 406; x_wconf 86' lang='lat' dir='ltr'>1.—-N.</span> <span class='ocrx_word' id='word_1_5' title='bbox 1207 362 1369 417; x_wconf 79' lang='lat' dir='ltr'><em>186[b].</em></span> <span class='ocrx_word' id='word_1_6' title='bbox 1646 370 1731 415; x_wconf 84' lang='lat'>259</span> 
     </span>
    </p>
   </div>
   <div class='ocr_carea' id='block_1_2' title="bbox 303 474 1733 576">
    <p class='ocr_par' dir='ltr' id='par_1_2' title="bbox 303 474 1733 576">
     <span class='ocr_line' id='line_1_2' title="bbox 303 474 1733 529; baseline -0.009 -3"><span class='ocrx_word' id='word_1_7' title='bbox 303 492 548 529; x_wconf 75' lang='lat' dir='ltr'>&#39;‘Absorbebit</span> <span class='ocrx_word' id='word_1_8' title='bbox 564 495 716 523; x_wconf 83' lang='lat' dir='ltr'>mortem</span> <span class='ocrx_word' id='word_1_9' title='bbox 733 489 770 521; x_wconf 86' lang='lat' dir='ltr'>in</span> <span class='ocrx_word' id='word_1_10' title='bbox 787 493 987 525; x_wconf 87' lang='lat' dir='ltr'>aeternum,</span> <span class='ocrx_word' id='word_1_11' title='bbox 999 492 1035 519; x_wconf 87' lang='lat' dir='ltr'>et</span> <span class='ocrx_word' id='word_1_12' title='bbox 1051 487 1234 526; x_wconf 85' lang='lat' dir='ltr'>absterget</span> <span class='ocrx_word' id='word_1_13' title='bbox 1251 474 1429 516; x_wconf 86' lang='lat' dir='ltr'>Dominus</span> <span class='ocrx_word' id='word_1_14' title='bbox 1446 482 1600 525; x_wconf 88' lang='lat' dir='ltr'>Jehovih</span> <span class='ocrx_word' id='word_1_15' title='bbox 1617 482 1733 524; x_wconf 87' lang='lat' dir='ltr'>lacry-</span> 
     </span>
     <span class='ocr_line' id='line_1_3' title="bbox 410 529 1251 576; baseline -0.011 -7"><span class='ocrx_word' id='word_1_16' title='bbox 410 546 506 569; x_wconf 85' lang='lat' dir='ltr'>mam</span> <span class='ocrx_word' id='word_1_17' title='bbox 523 536 676 576; x_wconf 84' lang='lat' dir='ltr'>desuper</span> <span class='ocrx_word' id='word_1_18' title='bbox 692 533 859 566; x_wconf 87' lang='lat' dir='ltr'>omnibus</span> <span class='ocrx_word' id='word_1_19' title='bbox 875 531 1035 564; x_wconf 79' lang='lat' dir='ltr'>faciebus</span> <span class='ocrx_word' id='word_1_20' title='bbox 1047 530 1065 542; x_wconf 86' lang='lat'>&#39;&#39;</span> <span class='ocrx_word' id='word_1_21' title='bbox 1082 530 1179 570; x_wconf 86' lang='lat' dir='ltr'>(xxv.</span> <span class='ocrx_word' id='word_1_22' title='bbox 1196 529 1229 569; x_wconf 88' lang='lat'>8)</span> <span class='ocrx_word' id='word_1_23' title='bbox 1243 538 1251 564; x_wconf 84' lang='lat'><em>;</em></span> 
     </span>
    </p>
   </div>
   <div class='ocr_carea' id='block_1_3' title="bbox 237 613 1714 726">
    <p class='ocr_par' dir='ltr' id='par_1_3' title="bbox 237 613 1714 726">
     <span class='ocr_line' id='line_1_4' title="bbox 237 613 592 668; baseline -0.008 -13"><span class='ocrx_word' id='word_1_24' title='bbox 237 614 356 668; x_wconf 89' lang='lat' dir='ltr'>apud</span> <span class='ocrx_word' id='word_1_25' title='bbox 383 613 592 661; x_wconf 88' lang='lat' dir='ltr'>eundem,</span> 
     </span>
     <span class='ocr_line' id='line_1_5' title="bbox 306 675 1714 726; baseline -0.009 -7"><span class='ocrx_word' id='word_1_26' title='bbox 306 688 328 702; x_wconf 83' lang='lat'>¹¹</span> <span class='ocrx_word' id='word_1_27' title='bbox 341 687 391 719; x_wconf 94' lang='lat' dir='ltr'>Ut</span> <span class='ocrx_word' id='word_1_28' title='bbox 406 687 507 718; x_wconf 90' lang='lat' dir='ltr'>daret</span> <span class='ocrx_word' id='word_1_29' title='bbox 523 684 653 726; x_wconf 89' lang='lat' dir='ltr'>impios</span> <span class='ocrx_word' id='word_1_30' title='bbox 670 683 707 715; x_wconf 89' lang='lat' dir='ltr'>in</span> <span class='ocrx_word' id='word_1_31' title='bbox 724 682 887 724; x_wconf 88' lang='lat' dir='ltr'>sepulcro</span> <span class='ocrx_word' id='word_1_32' title='bbox 904 691 982 719; x_wconf 92' lang='lat' dir='ltr'>suo,</span> <span class='ocrx_word' id='word_1_33' title='bbox 1002 686 1038 712; x_wconf 91' lang='lat' dir='ltr'>et</span> <span class='ocrx_word' id='word_1_34' title='bbox 1053 680 1182 712; x_wconf 89' lang='lat' dir='ltr'>divites</span> <span class='ocrx_word' id='word_1_35' title='bbox 1199 679 1235 710; x_wconf 93' lang='lat' dir='ltr'>in</span> <span class='ocrx_word' id='word_1_36' title='bbox 1254 678 1429 710; x_wconf 88' lang='lat' dir='ltr'>mortibus</span> <span class='ocrx_word' id='word_1_37' title='bbox 1446 677 1520 708; x_wconf 90' lang='lat' dir='ltr'>suis</span> <span class='ocrx_word' id='word_1_38' title='bbox 1531 675 1550 688; x_wconf 92' lang='lat'>’&#39;</span> <span class='ocrx_word' id='word_1_39' title='bbox 1568 675 1644 716; x_wconf 87' lang='lat' dir='ltr'>(liii.</span> <span class='ocrx_word' id='word_1_40' title='bbox 1658 675 1714 716; x_wconf 81' lang='lat'>9);</span> 
     </span>
    </p>
   </div>
   <div class='ocr_carea' id='block_1_4' title="bbox 239 762 622 818">
    <p class='ocr_par' dir='ltr' id='par_1_4' title="bbox 239 762 622 818">
     <span class='ocr_line' id='line_1_6' title="bbox 239 762 622 818; baseline -0.008 -13"><span class='ocrx_word' id='word_1_41' title='bbox 239 764 357 818; x_wconf 88' lang='lat' dir='ltr'>apud</span> <span class='ocrx_word' id='word_1_42' title='bbox 385 762 622 811; x_wconf 86' lang='lat' dir='ltr'>Davidem,</span> 
     </span>
    </p>
   </div>
   <div class='ocr_carea' id='block_1_5' title="bbox 309 825 1693 882">
    <p class='ocr_par' dir='ltr' id='par_1_5' title="bbox 309 825 1693 882">
     <span class='ocr_line' id='line_1_7' title="bbox 309 825 1693 882; baseline -0.009 -10"><span class='ocrx_word' id='word_1_43' title='bbox 309 839 534 882; x_wconf 85' lang='lat' dir='ltr'>“Jehovah,.</span> <span class='ocrx_word' id='word_1_44' title='bbox 549 863 557 871; x_wconf 89' lang='lat'>.</span> <span class='ocrx_word' id='word_1_45' title='bbox 570 862 578 870; x_wconf 92' lang='lat'><strong><em>.</em></strong></span> <span class='ocrx_word' id='word_1_46' title='bbox 592 836 749 870; x_wconf 85' lang='lat' dir='ltr'>.extollis</span> <span class='ocrx_word' id='word_1_47' title='bbox 766 845 823 868; x_wconf 86' lang='lat' dir='ltr'>me</span> <span class='ocrx_word' id='word_1_48' title='bbox 839 845 862 867; x_wconf 90' lang='lat' dir='ltr'>a</span> <span class='ocrx_word' id='word_1_49' title='bbox 877 834 988 876; x_wconf 86' lang='lat' dir='ltr'>portis</span> <span class='ocrx_word' id='word_1_50' title='bbox 1006 833 1132 865; x_wconf 88' lang='lat' dir='ltr'>mortis</span> <span class='ocrx_word' id='word_1_51' title='bbox 1143 831 1162 844; x_wconf 90' lang='lat'>”</span> <span class='ocrx_word' id='word_1_52' title='bbox 1179 831 1325 871; x_wconf 85' lang='lat' dir='ltr'>(Psalm.</span> <span class='ocrx_word' id='word_1_53' title='bbox 1341 831 1388 863; x_wconf 82' lang='lat' dir='ltr'>ix.</span> <span class='ocrx_word' id='word_1_54' title='bbox 1405 838 1446 869; x_wconf 89' lang='lat'>14</span> <span class='ocrx_word' id='word_1_55' title='bbox 1458 827 1519 872; x_wconf 89' lang='lat' dir='ltr'>[B.</span> <span class='ocrx_word' id='word_1_56' title='bbox 1536 829 1582 861; x_wconf 84' lang='lat' dir='ltr'>A.</span> <span class='ocrx_word' id='word_1_57' title='bbox 1599 825 1671 870; x_wconf 86' lang='lat'>13])</span> <span class='ocrx_word' id='word_1_58' title='bbox 1685 837 1693 867; x_wconf 90' lang='lat'>;</span> 
     </span>
    </p>
   </div>
   <div class='ocr_carea' id='block_1_6' title="bbox 243 916 1740 1027">
    <p class='ocr_par' dir='ltr' id='par_1_6' title="bbox 243 916 1740 1027">
     <span class='ocr_line' id='line_1_8' title="bbox 243 916 597 970; baseline -0.008 -12"><span class='ocrx_word' id='word_1_59' title='bbox 243 916 363 970; x_wconf 87' lang='lat' dir='ltr'>apud</span> <span class='ocrx_word' id='word_1_60' title='bbox 390 916 597 964; x_wconf 88' lang='lat' dir='ltr'>eundem,</span> 
     </span>
     <span class='ocr_line' id='line_1_9' title="bbox 311 983 1740 1027; baseline -0.008 -6"><span class='ocrx_word' id='word_1_61' title='bbox 311 989 428 1021; x_wconf 83' lang='lat' dir='ltr'>“Non</span> <span class='ocrx_word' id='word_1_62' title='bbox 453 988 595 1020; x_wconf 85' lang='lat' dir='ltr'>timebis</span> <span class='ocrx_word' id='word_1_63' title='bbox 620 987 698 1019; x_wconf 87' lang='lat' dir='ltr'>tibi.</span> <span class='ocrx_word' id='word_1_64' title='bbox 713 1011 721 1019; x_wconf 88' lang='lat'><strong>.</strong></span> <span class='ocrx_word' id='word_1_65' title='bbox 735 1011 742 1019; x_wconf 90' lang='lat'><strong>.</strong></span> <span class='ocrx_word' id='word_1_66' title='bbox 757 996 794 1019; x_wconf 92' lang='lat' dir='ltr'>.a</span> <span class='ocrx_word' id='word_1_67' title='bbox 819 986 890 1018; x_wconf 90' lang='lat' dir='ltr'>telo</span> <span class='ocrx_word' id='word_1_68' title='bbox 914 985 1009 1027; x_wconf 90' lang='lat' dir='ltr'>quod</span> <span class='ocrx_word' id='word_1_69' title='bbox 1025 985 1124 1016; x_wconf 89' lang='lat' dir='ltr'>volat</span> <span class='ocrx_word' id='word_1_70' title='bbox 1147 983 1302 1015; x_wconf 87' lang='lat' dir='ltr'>interdiu</span> <span class='ocrx_word' id='word_1_71' title='bbox 1306 1006 1399 1021; x_wconf 86' lang='lat'><strong>.....</strong></span> <span class='ocrx_word' id='word_1_72' title='bbox 1407 987 1442 1013; x_wconf 93' lang='lat' dir='ltr'>et</span> <span class='ocrx_word' id='word_1_73' title='bbox 1465 990 1488 1012; x_wconf 84' lang='lat' dir='ltr'>a</span> <span class='ocrx_word' id='word_1_74' title='bbox 1511 986 1625 1012; x_wconf 86' lang='lat' dir='ltr'>morte</span> <span class='ocrx_word' id='word_1_75' title='bbox 1650 988 1740 1020; x_wconf 90' lang='lat' dir='ltr'>quae</span> 
     </span>
    </p>
   </div>
   <div class='ocr_carea' id='block_1_7' title="bbox 245 1028 1742 1690">
    <p class='ocr_par' dir='ltr' id='par_1_7' title="bbox 245 1028 1742 1690">
     <span class='ocr_line' id='line_1_10' title="bbox 417 1028 1147 1071; baseline -0.007 -7"><span class='ocrx_word' id='word_1_76' title='bbox 417 1038 535 1064; x_wconf 88' lang='lat' dir='ltr'>vastat</span> <span class='ocrx_word' id='word_1_77' title='bbox 551 1032 588 1063; x_wconf 91' lang='lat' dir='ltr'>in</span> <span class='ocrx_word' id='word_1_78' title='bbox 606 1031 753 1063; x_wconf 83' lang='lat' dir='ltr'>meridie</span> <span class='ocrx_word' id='word_1_79' title='bbox 764 1030 782 1042; x_wconf 88' lang='lat'>&#39;&#39;</span> <span class='ocrx_word' id='word_1_80' title='bbox 799 1029 947 1071; x_wconf 87' lang='lat' dir='ltr'>(Psalm.</span> <span class='ocrx_word' id='word_1_81' title='bbox 962 1029 1029 1061; x_wconf 90' lang='lat' dir='ltr'>xci.</span> <span class='ocrx_word' id='word_1_82' title='bbox 1046 1036 1075 1068; x_wconf 89' lang='lat'>5,</span> <span class='ocrx_word' id='word_1_83' title='bbox 1091 1028 1124 1069; x_wconf 88' lang='lat'>6)</span> <span class='ocrx_word' id='word_1_84' title='bbox 1140 1037 1147 1066; x_wconf 88' lang='lat'>;</span> 
     </span>
     <span class='ocr_line' id='line_1_11' title="bbox 245 1108 658 1164; baseline -0.005 -13"><span class='ocrx_word' id='word_1_85' title='bbox 245 1110 364 1164; x_wconf 90' lang='lat' dir='ltr'>apud</span> <span class='ocrx_word' id='word_1_86' title='bbox 389 1108 658 1163; x_wconf 76' lang='lat' dir='ltr'>Johannem,</span> 
     </span>
     <span class='ocr_line' id='line_1_12' title="bbox 314 1170 1742 1267; baseline -0.007 -52"><span class='ocrx_word' id='word_1_87' title='bbox 314 1183 382 1215; x_wconf 83' lang='lat' dir='ltr'>“Si</span> <span class='ocrx_word' id='word_1_88' title='bbox 407 1183 650 1267; x_wconf 46' lang='lat' dir='ltr'>q(ui.suv[e]rbt;m</span> <span class='ocrx_word' id='word_1_89' title='bbox 674 1190 793 1213; x_wconf 90' lang='lat' dir='ltr'>meum</span> <span class='ocrx_word' id='word_1_90' title='bbox 811 1180 1018 1218; x_wconf 87' lang='lat' dir='ltr'>servaverit,</span> <span class='ocrx_word' id='word_1_91' title='bbox 1039 1185 1191 1211; x_wconf 84' lang='lat' dir='ltr'>mortem</span> <span class='ocrx_word' id='word_1_92' title='bbox 1217 1188 1290 1210; x_wconf 90' lang='lat' dir='ltr'>non</span> <span class='ocrx_word' id='word_1_93' title='bbox 1308 1177 1442 1209; x_wconf 89' lang='lat' dir='ltr'>videbit</span> <span class='ocrx_word' id='word_1_94' title='bbox 1465 1175 1502 1207; x_wconf 90' lang='lat' dir='ltr'>in</span> <span class='ocrx_word' id='word_1_95' title='bbox 1527 1170 1742 1207; x_wconf 85' lang='lat' dir='ltr'>aeternum”</span> 
     </span>
     <span class='ocr_line' id='line_1_13' title="bbox 435 1233 634 1265; baseline -0.005 -7"><span class='ocrx_word' id='word_1_96' title='bbox 435 1237 508 1259; x_wconf 86' lang='lat' dir='ltr'>vm.</span> <span class='ocrx_word' id='word_1_97' title='bbox 559 1233 603 1265; x_wconf 86' lang='lat'>51-</span> <span class='ocrx_word' id='word_1_98' title='bbox 626 1235 634 1265; x_wconf 85' lang='lat'>;</span> 
     </span>
     <span class='ocr_line' id='line_1_14' title="bbox 248 1303 605 1358; baseline -0.006 -12"><span class='ocrx_word' id='word_1_99' title='bbox 248 1306 292 1346; x_wconf 90' lang='lat' dir='ltr'>in</span> <span class='ocrx_word' id='word_1_100' title='bbox 317 1303 605 1358; x_wconf 81' lang='lat' dir='ltr'><em>Apocalypsi,</em></span> 
     </span>
     <span class='ocr_line' id='line_1_15' title="bbox 403 1370 1582 1421; baseline -0.008 -10"><span class='ocrx_word' id='word_1_101' title='bbox 403 1379 426 1393; x_wconf 80' lang='lat'>‘⁴</span> <span class='ocrx_word' id='word_1_102' title='bbox 438 1378 508 1421; x_wconf 77' lang='lat' dir='ltr'>Qui</span> <span class='ocrx_word' id='word_1_103' title='bbox 524 1377 660 1416; x_wconf 87' lang='lat' dir='ltr'>vicerit,</span> <span class='ocrx_word' id='word_1_104' title='bbox 681 1387 754 1409; x_wconf 91' lang='lat' dir='ltr'>non</span> <span class='ocrx_word' id='word_1_105' title='bbox 772 1376 919 1409; x_wconf 89' lang='lat' dir='ltr'>exitium</span> <span class='ocrx_word' id='word_1_106' title='bbox 936 1375 1081 1407; x_wconf 86' lang='lat' dir='ltr'>habebit</span> <span class='ocrx_word' id='word_1_107' title='bbox 1098 1374 1134 1406; x_wconf 92' lang='lat' dir='ltr'>in</span> <span class='ocrx_word' id='word_1_108' title='bbox 1152 1379 1267 1406; x_wconf 85' lang='lat' dir='ltr'>morte</span> <span class='ocrx_word' id='word_1_109' title='bbox 1284 1371 1424 1405; x_wconf 87' lang='lat' dir='ltr'>altera”</span> <span class='ocrx_word' id='word_1_110' title='bbox 1441 1371 1491 1412; x_wconf 81' lang='lat' dir='ltr'>(ii,</span> <span class='ocrx_word' id='word_1_111' title='bbox 1507 1370 1582 1412; x_wconf 85' lang='lat'>11);</span> 
     </span>
     <span class='ocr_line' id='line_1_16' title="bbox 247 1435 591 1496; baseline -0.009 -8"><span class='ocrx_word' id='word_1_112' title='bbox 247 1446 366 1496; x_wconf 89' lang='lat' dir='ltr'>alibi,</span> <span class='ocrx_word' id='word_1_113' title='bbox 584 1435 591 1441; x_wconf 39' lang='lat'><strong>⁶</strong></span> 
     </span>
     <span class='ocr_line' id='line_1_17' title="bbox 315 1510 1741 1604; baseline -0.004 -52"><span class='ocrx_word' id='word_1_114' title='bbox 315 1523 338 1536; x_wconf 76' lang='lat'>‘⁴</span> <span class='ocrx_word' id='word_1_115' title='bbox 350 1520 456 1552; x_wconf 82' lang='lat' dir='ltr'>Multi</span> <span class='ocrx_word' id='word_1_116' title='bbox 465 1519 647 1604; x_wconf 79' lang='lat' dir='ltr'>)homines</span> <span class='ocrx_word' id='word_1_117' title='bbox 663 1518 795 1550; x_wconf 87' lang='lat' dir='ltr'>mortui</span> <span class='ocrx_word' id='word_1_118' title='bbox 812 1523 896 1550; x_wconf 89' lang='lat' dir='ltr'>sunt</span> <span class='ocrx_word' id='word_1_119' title='bbox 920 1527 964 1550; x_wconf 85' lang='lat' dir='ltr'>ex</span> <span class='ocrx_word' id='word_1_120' title='bbox 980 1517 1093 1559; x_wconf 85' lang='lat' dir='ltr'>aquis,</span> <span class='ocrx_word' id='word_1_121' title='bbox 1114 1516 1198 1558; x_wconf 90' lang='lat' dir='ltr'>quia</span> <span class='ocrx_word' id='word_1_122' title='bbox 1220 1511 1370 1547; x_wconf 75' lang='lat' dir='ltr'>amarae‘</span> <span class='ocrx_word' id='word_1_123' title='bbox 1388 1511 1505 1546; x_wconf 71' lang='lat' dir='ltr'>fad&#39;tae</span> <span class='ocrx_word' id='word_1_124' title='bbox 1522 1510 1635 1545; x_wconf 86' lang='lat' dir='ltr'>sunt&#39;&#39;</span> <span class='ocrx_word' id='word_1_125' title='bbox 1652 1510 1741 1552; x_wconf 85' lang='lat' dir='ltr'>(viii.</span> 
     </span>
     <span class='ocr_line' id='line_1_18' title="bbox 425 1573 500 1603; baseline 0 -8"><span class='ocrx_word' id='word_1_126' title='bbox 425 1573 462 1595; x_wconf 93' lang='lat'>11</span> <span class='ocrx_word' id='word_1_127' title='bbox 492 1573 500 1603; x_wconf 85' lang='lat'>;</span> 
     </span>
     <span class='ocr_line' id='line_1_19' title="bbox 251 1641 443 1690; baseline -0.005 -7"><span class='ocrx_word' id='word_1_128' title='bbox 251 1648 297 1683; x_wconf 90' lang='lat' dir='ltr'>et</span> <span class='ocrx_word' id='word_1_129' title='bbox 323 1641 443 1690; x_wconf 89' lang='lat' dir='ltr'>alibi,</span> 
     </span>
    </p>
   </div>
   <div class='ocr_carea' id='block_1_8' title="bbox 315 1707 1744 1797">
    <p class='ocr_par' dir='ltr' id='par_1_8' title="bbox 315 1707 1744 1797">
     <span class='ocr_line' id='line_1_20' title="bbox 315 1707 1744 1755; baseline -0.006 -7"><span class='ocrx_word' id='word_1_130' title='bbox 315 1717 338 1731; x_wconf 76' lang='lat'>‘⁴</span> <span class='ocrx_word' id='word_1_131' title='bbox 350 1715 533 1748; x_wconf 77' lang='lat' dir='ltr'>Secundus</span> <span class='ocrx_word' id='word_1_132' title='bbox 549 1714 701 1755; x_wconf 86' lang='lat' dir='ltr'>angelus</span> <span class='ocrx_word' id='word_1_133' title='bbox 718 1713 843 1746; x_wconf 82' lang='lat' dir='ltr'>effudit</span> <span class='ocrx_word' id='word_1_134' title='bbox 860 1713 1016 1754; x_wconf 85' lang='lat' dir='ltr'>phialam</span> <span class='ocrx_word' id='word_1_135' title='bbox 1033 1712 1069 1744; x_wconf 92' lang='lat' dir='ltr'>in</span> <span class='ocrx_word' id='word_1_136' title='bbox 1086 1721 1196 1749; x_wconf 89' lang='lat' dir='ltr'>mare,</span> <span class='ocrx_word' id='word_1_137' title='bbox 1213 1717 1248 1743; x_wconf 94' lang='lat' dir='ltr'>et</span> <span class='ocrx_word' id='word_1_138' title='bbox 1264 1708 1399 1742; x_wconf 68' lang='lat' dir='ltr'>faetum</span> <span class='ocrx_word' id='word_1_139' title='bbox 1416 1714 1471 1741; x_wconf 91' lang='lat' dir='ltr'>est</span> <span class='ocrx_word' id='word_1_140' title='bbox 1488 1708 1636 1749; x_wconf 90' lang='lat' dir='ltr'>sanguis</span> <span class='ocrx_word' id='word_1_141' title='bbox 1652 1707 1744 1740; x_wconf 88' lang='lat' dir='ltr'>sicut</span> 
     </span>
     <span class='ocr_line' id='line_1_21' title="bbox 421 1752 1674 1797; baseline -0.006 -6"><span class='ocrx_word' id='word_1_142' title='bbox 421 1759 562 1797; x_wconf 90' lang='lat' dir='ltr'>mortui,</span> <span class='ocrx_word' id='word_1_143' title='bbox 582 1758 677 1790; x_wconf 93' lang='lat' dir='ltr'>unde</span> <span class='ocrx_word' id='word_1_144' title='bbox 694 1757 813 1789; x_wconf 91' lang='lat' dir='ltr'>omnis</span> <span class='ocrx_word' id='word_1_145' title='bbox 830 1757 951 1788; x_wconf 90' lang='lat' dir='ltr'>anima</span> <span class='ocrx_word' id='word_1_146' title='bbox 967 1756 1093 1788; x_wconf 87' lang='lat' dir='ltr'>vivens</span> <span class='ocrx_word' id='word_1_147' title='bbox 1111 1762 1252 1787; x_wconf 88' lang='lat' dir='ltr'>mortua</span> <span class='ocrx_word' id='word_1_148' title='bbox 1267 1760 1322 1786; x_wconf 92' lang='lat' dir='ltr'>est</span> <span class='ocrx_word' id='word_1_149' title='bbox 1339 1754 1375 1786; x_wconf 90' lang='lat' dir='ltr'>in</span> <span class='ocrx_word' id='word_1_150' title='bbox 1392 1753 1482 1785; x_wconf 88' lang='lat' dir='ltr'>mari</span> <span class='ocrx_word' id='word_1_151' title='bbox 1494 1752 1512 1765; x_wconf 88' lang='lat'>”</span> <span class='ocrx_word' id='word_1_152' title='bbox 1530 1752 1614 1793; x_wconf 89' lang='lat' dir='ltr'>(xvi.</span> <span class='ocrx_word' id='word_1_153' title='bbox 1630 1752 1674 1792; x_wconf 86' lang='lat'>3).</span> 
     </span>
    </p>
   </div>
   <div class='ocr_carea' id='block_1_9' title="bbox 245 1846 1745 1971">
    <p class='ocr_par' dir='ltr' id='par_1_9' title="bbox 245 1846 1745 1971">
     <span class='ocr_line' id='line_1_22' title="bbox 248 1846 1744 1905; baseline -0.007 -10"><span class='ocrx_word' id='word_1_154' title='bbox 248 1854 323 1895; x_wconf 85' lang='lat' dir='ltr'>Ex</span> <span class='ocrx_word' id='word_1_155' title='bbox 355 1853 424 1894; x_wconf 90' lang='lat' dir='ltr'>his</span> <span class='ocrx_word' id='word_1_156' title='bbox 455 1858 667 1894; x_wconf 83' lang='lat' dir='ltr'>constare</span> <span class='ocrx_word' id='word_1_157' title='bbox 698 1856 852 1905; x_wconf 92' lang='lat' dir='ltr'>potest</span> <span class='ocrx_word' id='word_1_158' title='bbox 883 1850 990 1904; x_wconf 88' lang='lat' dir='ltr'>quid</span> <span class='ocrx_word' id='word_1_159' title='bbox 1020 1848 1245 1903; x_wconf 88' lang='lat' dir='ltr'>significat</span> <span class='ocrx_word' id='word_1_160' title='bbox 1274 1846 1555 1895; x_wconf 86' lang='lat' dir='ltr'>“mortuus‚”</span> <span class='ocrx_word' id='word_1_161' title='bbox 1581 1858 1744 1898; x_wconf 89' lang='lat' dir='ltr'>nempe</span> 
     </span>
     <span class='ocr_line' id='line_1_23' title="bbox 245 1909 1745 1971; baseline -0.007 -12"><span class='ocrx_word' id='word_1_162' title='bbox 245 1918 365 1971; x_wconf 91' lang='lat' dir='ltr'>quod</span> <span class='ocrx_word' id='word_1_163' title='bbox 404 1917 478 1970; x_wconf 90' lang='lat' dir='ltr'>qui</span> <span class='ocrx_word' id='word_1_164' title='bbox 509 1929 600 1957; x_wconf 92' lang='lat' dir='ltr'>non</span> <span class='ocrx_word' id='word_1_165' title='bbox 626 1914 913 1956; x_wconf 72' lang='lat' dir='ltr'>vitam&#39;caeli</span> <span class='ocrx_word' id='word_1_166' title='bbox 944 1914 988 1954; x_wconf 91' lang='lat' dir='ltr'>in</span> <span class='ocrx_word' id='word_1_167' title='bbox 1021 1927 1069 1954; x_wconf 92' lang='lat' dir='ltr'>se</span> <span class='ocrx_word' id='word_1_168' title='bbox 1101 1913 1286 1960; x_wconf 88' lang='lat' dir='ltr'>habent,</span> <span class='ocrx_word' id='word_1_169' title='bbox 1315 1915 1645 1964; x_wconf 87' lang='lat' dir='ltr'>consequenter</span> <span class='ocrx_word' id='word_1_170' title='bbox 1670 1909 1745 1963; x_wconf 91' lang='lat' dir='ltr'>qui</span> 
     </span>
    </p>
   </div>
   <div class='ocr_carea' id='block_1_10' title="bbox 245 1972 1745 2097">
    <p class='ocr_par' dir='ltr' id='par_1_10' title="bbox 245 1972 1745 2097">
     <span class='ocr_line' id='line_1_24' title="bbox 245 1972 1745 2028; baseline -0.006 -7"><span class='ocrx_word' id='word_1_171' title='bbox 245 1981 290 2021; x_wconf 89' lang='lat' dir='ltr'>in</span> <span class='ocrx_word' id='word_1_172' title='bbox 313 1980 442 2020; x_wconf 86' lang='lat' dir='ltr'>malis</span> <span class='ocrx_word' id='word_1_173' title='bbox 464 1986 510 2021; x_wconf 92' lang='lat' dir='ltr'>et</span> <span class='ocrx_word' id='word_1_174' title='bbox 535 1979 641 2019; x_wconf 89' lang='lat' dir='ltr'>inde</span> <span class='ocrx_word' id='word_1_175' title='bbox 663 1978 783 2019; x_wconf 86' lang='lat' dir='ltr'>falsis</span> <span class='ocrx_word' id='word_1_176' title='bbox 810 1983 942 2028; x_wconf 89' lang='lat' dir='ltr'>sunt;</span> <span class='ocrx_word' id='word_1_177' title='bbox 975 1977 1019 2017; x_wconf 91' lang='lat' dir='ltr'>hi</span> <span class='ocrx_word' id='word_1_178' title='bbox 1045 1975 1361 2028; x_wconf 84' lang='lat' dir='ltr'>intelliguntur</span> <span class='ocrx_word' id='word_1_179' title='bbox 1386 1974 1430 2014; x_wconf 90' lang='lat' dir='ltr'>in</span> <span class='ocrx_word' id='word_1_180' title='bbox 1453 1973 1521 2014; x_wconf 90' lang='lat' dir='ltr'>his</span> <span class='ocrx_word' id='word_1_181' title='bbox 1544 1972 1655 2013; x_wconf 87' lang='lat' dir='ltr'>locis</span> <span class='ocrx_word' id='word_1_182' title='bbox 1673 1985 1745 2012; x_wconf 86' lang='lat'>:—</span> 
     </span>
     <span class='ocr_line' id='line_1_25' title="bbox 250 2043 653 2097; baseline -0.005 -13"><span class='ocrx_word' id='word_1_183' title='bbox 250 2043 388 2097; x_wconf 89' lang='lat' dir='ltr'>Apud</span> <span class='ocrx_word' id='word_1_184' title='bbox 416 2043 653 2091; x_wconf 84' lang='lat' dir='ltr'>Davidem,</span> 
     </span>
    </p>
   </div>
   <div class='ocr_carea' id='block_1_11' title="bbox 314 2125 1742 2216">
    <p class='ocr_par' dir='ltr' id='par_1_11' title="bbox 314 2125 1742 2216">
     <span class='ocr_line' id='line_1_26' title="bbox 314 2125 1742 2216; baseline -0.004 -52"><span class='ocrx_word' id='word_1_185' title='bbox 314 2134 336 2147; x_wconf 79' lang='lat'>⁸⁸</span> <span class='ocrx_word' id='word_1_186' title='bbox 347 2132 599 2216; x_wconf 71' lang='lat' dir='ltr'>Adhaeser8u)nt</span> <span class='ocrx_word' id='word_1_187' title='bbox 617 2131 818 2172; x_wconf 84' lang='lat' dir='ltr'>Baalpeori,</span> <span class='ocrx_word' id='word_1_188' title='bbox 835 2136 871 2163; x_wconf 93' lang='lat' dir='ltr'>et</span> <span class='ocrx_word' id='word_1_189' title='bbox 887 2130 1120 2162; x_wconf 89' lang='lat' dir='ltr'>comederunt</span> <span class='ocrx_word' id='word_1_190' title='bbox 1137 2128 1309 2161; x_wconf 88' lang='lat' dir='ltr'>sacrificia</span> <span class='ocrx_word' id='word_1_191' title='bbox 1325 2134 1548 2160; x_wconf 89' lang='lat' dir='ltr'>mortuorum</span> <span class='ocrx_word' id='word_1_192' title='bbox 1560 2125 1579 2138; x_wconf 81' lang='lat'>’¹</span> <span class='ocrx_word' id='word_1_193' title='bbox 1593 2125 1742 2167; x_wconf 84' lang='lat' dir='ltr'>(Psalm.</span> 
     </span>
     <span class='ocr_line' id='line_1_27' title="bbox 420 2184 582 2214; baseline -0.006 -6"><span class='ocrx_word' id='word_1_194' title='bbox 420 2186 488 2208; x_wconf 79' lang='grc' dir='ltr'>ενι.</span> <span class='ocrx_word' id='word_1_195' title='bbox 505 2184 524 2207; x_wconf 89' lang='lat'><em>2</em></span> <span class='ocrx_word' id='word_1_196' title='bbox 574 2185 582 2214; x_wconf 88' lang='grc'><strong>;</strong></span> 
     </span>
    </p>
   </div>
   <div class='ocr_carea' id='block_1_12' title="bbox 249 2253 1700 2364">
    <p class='ocr_par' dir='ltr' id='par_1_12' title="bbox 249 2253 1700 2364">
     <span class='ocr_line' id='line_1_28' title="bbox 249 2253 603 2307; baseline -0.006 -12"><span class='ocrx_word' id='word_1_197' title='bbox 249 2254 370 2307; x_wconf 91' lang='lat' dir='ltr'>apud</span> <span class='ocrx_word' id='word_1_198' title='bbox 396 2253 603 2302; x_wconf 91' lang='lat' dir='ltr'>eundem,</span> 
     </span>
     <span class='ocr_line' id='line_1_29' title="bbox 314 2322 1700 2364; baseline -0.004 -4"><span class='ocrx_word' id='word_1_199' title='bbox 314 2330 337 2342; x_wconf 77' lang='lat'>‘⁴</span> <span class='ocrx_word' id='word_1_200' title='bbox 349 2327 478 2360; x_wconf 86' lang='lat' dir='ltr'>Sedere</span> <span class='ocrx_word' id='word_1_201' title='bbox 495 2337 552 2359; x_wconf 89' lang='lat' dir='ltr'>me</span> <span class='ocrx_word' id='word_1_202' title='bbox 569 2327 652 2359; x_wconf 81' lang='lat' dir='ltr'>fecit</span> <span class='ocrx_word' id='word_1_203' title='bbox 669 2327 705 2359; x_wconf 88' lang='lat' dir='ltr'>in</span> <span class='ocrx_word' id='word_1_204' title='bbox 723 2326 882 2359; x_wconf 87' lang='lat' dir='ltr'>tenebris</span> <span class='ocrx_word' id='word_1_205' title='bbox 900 2326 991 2358; x_wconf 87' lang='lat' dir='ltr'>sicut</span> <span class='ocrx_word' id='word_1_206' title='bbox 1008 2331 1170 2358; x_wconf 89' lang='lat' dir='ltr'>mortuos</span> <span class='ocrx_word' id='word_1_207' title='bbox 1188 2325 1312 2356; x_wconf 90' lang='lat' dir='ltr'>mundi</span> <span class='ocrx_word' id='word_1_208' title='bbox 1323 2323 1342 2337; x_wconf 86' lang='lat'><strong><em>”</em></strong></span> <span class='ocrx_word' id='word_1_209' title='bbox 1359 2323 1506 2364; x_wconf 84' lang='lat' dir='ltr'>(Psalm.</span> <span class='ocrx_word' id='word_1_210' title='bbox 1521 2322 1629 2355; x_wconf 87' lang='lat' dir='ltr'>cxliii.</span> <span class='ocrx_word' id='word_1_211' title='bbox 1644 2322 1700 2364; x_wconf 88' lang='lat'>3);</span> 
     </span>
    </p>
   </div>
   <div class='ocr_carea' id='block_1_13' title="bbox 246 2403 686 2460">
    <p class='ocr_par' dir='ltr' id='par_1_13' title="bbox 246 2403 686 2460">
     <span class='ocr_line' id='line_1_30' title="bbox 246 2403 686 2460; baseline 0 -16"><span class='ocrx_word' id='word_1_212' title='bbox 246 2403 366 2460; x_wconf 85' lang='lat' dir='ltr'>apud</span> <span class='ocrx_word' id='word_1_213' title='bbox 389 2403 686 2452; x_wconf 75' lang='lat' dir='ltr'>Matthaeum,</span> 
     </span>
    </p>
   </div>
   <div class='ocr_carea' id='block_1_14' title="bbox 312 2474 1744 2605">
    <p class='ocr_par' dir='ltr' id='par_1_14' title="bbox 312 2474 1744 2605">
     <span class='ocr_line' id='line_1_31' title="bbox 312 2474 1744 2525; baseline -0.003 -15"><span class='ocrx_word' id='word_1_214' title='bbox 312 2478 415 2511; x_wconf 90' lang='lat' dir='ltr'>Unus</span> <span class='ocrx_word' id='word_1_215' title='bbox 426 2488 470 2525; x_wconf 80' lang='lat' dir='ltr'>ex</span> <span class='ocrx_word' id='word_1_216' title='bbox 479 2478 662 2518; x_wconf 83' lang='lat' dir='ltr'>discipulis</span> <span class='ocrx_word' id='word_1_217' title='bbox 671 2478 770 2514; x_wconf 79' lang='lat' dir='ltr'>dixit,</span> <span class='ocrx_word' id='word_1_218' title='bbox 787 2479 809 2492; x_wconf 83' lang='lat'>‘¹</span> <span class='ocrx_word' id='word_1_219' title='bbox 822 2477 987 2515; x_wconf 87' lang='lat' dir='ltr'>Domine,</span> <span class='ocrx_word' id='word_1_220' title='bbox 999 2476 1167 2518; x_wconf 88' lang='lat' dir='ltr'>permitte</span> <span class='ocrx_word' id='word_1_221' title='bbox 1177 2476 1264 2508; x_wconf 87' lang='lat' dir='ltr'>mihi</span> <span class='ocrx_word' id='word_1_222' title='bbox 1274 2477 1427 2517; x_wconf 88' lang='lat' dir='ltr'>primum</span> <span class='ocrx_word' id='word_1_223' title='bbox 1437 2475 1536 2507; x_wconf 89' lang='lat' dir='ltr'>abire</span> <span class='ocrx_word' id='word_1_224' title='bbox 1547 2480 1583 2507; x_wconf 91' lang='lat' dir='ltr'>et</span> <span class='ocrx_word' id='word_1_225' title='bbox 1591 2474 1744 2515; x_wconf 88' lang='lat' dir='ltr'>sepelire</span> 
     </span>
     <span class='ocr_line' id='line_1_32' title="bbox 421 2518 1743 2563; baseline -0.003 -10"><span class='ocrx_word' id='word_1_226' title='bbox 421 2528 558 2562; x_wconf 90' lang='lat' dir='ltr'>patrem</span> <span class='ocrx_word' id='word_1_227' title='bbox 587 2532 706 2553; x_wconf 90' lang='lat' dir='ltr'>meum</span> <span class='ocrx_word' id='word_1_228' title='bbox 721 2532 728 2560; x_wconf 90' lang='lat'>;</span> <span class='ocrx_word' id='word_1_229' title='bbox 760 2521 866 2563; x_wconf 89' lang='lat' dir='ltr'>Jesus</span> <span class='ocrx_word' id='word_1_230' title='bbox 890 2522 989 2559; x_wconf 88' lang='lat' dir='ltr'>dixit,</span> <span class='ocrx_word' id='word_1_231' title='bbox 1017 2521 1171 2562; x_wconf 90' lang='lat' dir='ltr'>Sequere</span> <span class='ocrx_word' id='word_1_232' title='bbox 1198 2520 1270 2558; x_wconf 90' lang='lat' dir='ltr'>Me,</span> <span class='ocrx_word' id='word_1_233' title='bbox 1297 2519 1375 2552; x_wconf 88' lang='lat' dir='ltr'>sine</span> <span class='ocrx_word' id='word_1_234' title='bbox 1405 2524 1567 2551; x_wconf 88' lang='lat' dir='ltr'>mortuos</span> <span class='ocrx_word' id='word_1_235' title='bbox 1591 2518 1743 2559; x_wconf 86' lang='lat' dir='ltr'>sepelire</span> 
     </span>
     <span class='ocr_line' id='line_1_33' title="bbox 420 2564 865 2605; baseline 0 -9"><span class='ocrx_word' id='word_1_236' title='bbox 420 2571 580 2597; x_wconf 89' lang='lat' dir='ltr'>mortuos</span> <span class='ocrx_word' id='word_1_237' title='bbox 592 2565 610 2577; x_wconf 92' lang='lat'><em>”</em></span> <span class='ocrx_word' id='word_1_238' title='bbox 628 2565 715 2605; x_wconf 86' lang='lat' dir='ltr'>(viii.</span> <span class='ocrx_word' id='word_1_239' title='bbox 732 2575 783 2603; x_wconf 87' lang='lat'>21,</span> <span class='ocrx_word' id='word_1_240' title='bbox 799 2564 865 2605; x_wconf 86' lang='lat'><strong>22).</strong></span> 
     </span>
    </p>
   </div>
   <div class='ocr_carea' id='block_1_15' title="bbox 246 2652 1395 2709">
    <p class='ocr_par' dir='ltr' id='par_1_15' title="bbox 246 2652 1395 2709">
     <span class='ocr_line' id='line_1_34' title="bbox 246 2652 1395 2709; baseline -0.002 -13"><span class='ocrx_word' id='word_1_241' title='bbox 246 2654 362 2709; x_wconf 83' lang='lat' dir='ltr'>Quia</span> <span class='ocrx_word' id='word_1_242' title='bbox 387 2668 465 2708; x_wconf 92' lang='lat' dir='ltr'>per</span> <span class='ocrx_word' id='word_1_243' title='bbox 492 2657 733 2695; x_wconf 85' lang='lat' dir='ltr'>“mortuos</span> <span class='ocrx_word' id='word_1_244' title='bbox 745 2653 764 2669; x_wconf 85' lang='lat'>’&#39;</span> <span class='ocrx_word' id='word_1_245' title='bbox 790 2653 853 2694; x_wconf 92' lang='lat' dir='ltr'>illi</span> <span class='ocrx_word' id='word_1_246' title='bbox 879 2652 1267 2707; x_wconf 85' lang='lat' dir='ltr'>significabantur,</span> <span class='ocrx_word' id='word_1_247' title='bbox 1291 2652 1395 2694; x_wconf 91' lang='lat' dir='ltr'>ideo</span> 
     </span>
    </p>
   </div>
   <div class='ocr_carea' id='block_1_16' title="bbox 312 2735 1740 2911">
    <p class='ocr_par' dir='ltr' id='par_1_16' title="bbox 312 2735 1740 2911">
     <span class='ocr_line' id='line_1_35' title="bbox 312 2735 1740 2791; baseline 0 -21"><span class='ocrx_word' id='word_1_248' title='bbox 312 2739 534 2772; x_wconf 88' lang='lat' dir='ltr'>Prohibiturn</span> <span class='ocrx_word' id='word_1_249' title='bbox 558 2738 627 2770; x_wconf 78' lang='lat' dir='ltr'>fuir:</span> <span class='ocrx_word' id='word_1_250' title='bbox 648 2744 687 2770; x_wconf 91' lang='lat' dir='ltr'>ut</span> <span class='ocrx_word' id='word_1_251' title='bbox 711 2738 772 2770; x_wconf 88' lang='lat' dir='ltr'>filii</span> <span class='ocrx_word' id='word_1_252' title='bbox 790 2738 971 2791; x_wconf 68' lang='lat' dir='ltr'>Aharonis</span> <span class='ocrx_word' id='word_1_253' title='bbox 996 2744 1186 2779; x_wconf 88' lang='lat' dir='ltr'>tangerent</span> <span class='ocrx_word' id='word_1_254' title='bbox 1201 2738 1312 2770; x_wconf 90' lang='lat' dir='ltr'>ullum</span> <span class='ocrx_word' id='word_1_255' title='bbox 1329 2743 1510 2770; x_wconf 88' lang='lat' dir='ltr'>mortuum</span> <span class='ocrx_word' id='word_1_256' title='bbox 1527 2735 1652 2778; x_wconf 83' lang='lat' dir='ltr'>(Levit.</span> <span class='ocrx_word' id='word_1_257' title='bbox 1667 2735 1740 2770; x_wconf 83' lang='lat' dir='ltr'>xxi.</span> 
     </span>
     <span class='ocr_line' id='line_1_36' title="bbox 313 2782 1121 2867; baseline -0.001 -8"><span class='ocrx_word' id='word_1_258' title='bbox 313 2826 387 2859; x_wconf 91' lang='lat' dir='ltr'>Nec</span> <span class='ocrx_word' id='word_1_259' title='bbox 404 2782 609 2858; x_wconf 45' lang='lat' dir='ltr'>ssskgicigge&#39;s</span> <span class='ocrx_word' id='word_1_260' title='bbox 628 2826 775 2858; x_wconf 84' lang='lat' dir='ltr'>Levitae</span> <span class='ocrx_word' id='word_1_261' title='bbox 791 2825 928 2866; x_wconf 78' lang='lat' dir='ltr'>(Ezech.</span> <span class='ocrx_word' id='word_1_262' title='bbox 942 2826 1027 2860; x_wconf 80' lang='lat' dir='ltr'>xliv.</span> <span class='ocrx_word' id='word_1_263' title='bbox 1043 2825 1098 2867; x_wconf 87' lang='lat'>25)</span> <span class='ocrx_word' id='word_1_264' title='bbox 1114 2835 1121 2865; x_wconf 86' lang='lat'>;</span> 
     </span>
     <span class='ocr_line' id='line_1_37' title="bbox 314 2869 926 2911; baseline -0.003 -8"><span class='ocrx_word' id='word_1_265' title='bbox 314 2871 388 2903; x_wconf 88' lang='lat' dir='ltr'>Nec</span> <span class='ocrx_word' id='word_1_266' title='bbox 403 2870 597 2902; x_wconf 87' lang='lat' dir='ltr'>Naziraeus</span> <span class='ocrx_word' id='word_1_267' title='bbox 615 2869 741 2910; x_wconf 87' lang='lat' dir='ltr'><em>(Num.</em></span> <span class='ocrx_word' id='word_1_268' title='bbox 756 2870 804 2902; x_wconf 90' lang='lat' dir='ltr'>vi.</span> <span class='ocrx_word' id='word_1_269' title='bbox 819 2870 850 2908; x_wconf 90' lang='lat'>6,</span> <span class='ocrx_word' id='word_1_270' title='bbox 872 2869 904 2911; x_wconf 95' lang='lat'>7)</span> <span class='ocrx_word' id='word_1_271' title='bbox 918 2879 926 2909; x_wconf 74' lang='lat'><em>3</em></span> 
     </span>
    </p>
   </div>
   <div class='ocr_carea' id='block_1_17' title="bbox 246 2958 1306 3014">
    <p class='ocr_par' dir='ltr' id='par_1_17' title="bbox 246 2958 1306 3014">
     <span class='ocr_line' id='line_1_38' title="bbox 246 2958 1306 3014; baseline -0.001 -13"><span class='ocrx_word' id='word_1_272' title='bbox 246 2966 293 3001; x_wconf 89' lang='lat' dir='ltr'>et</span> <span class='ocrx_word' id='word_1_273' title='bbox 318 2959 393 3014; x_wconf 91' lang='lat' dir='ltr'>qui</span> <span class='ocrx_word' id='word_1_274' title='bbox 418 2973 478 3000; x_wconf 86' lang='lat' dir='ltr'>ex</span> <span class='ocrx_word' id='word_1_275' title='bbox 504 2958 604 2999; x_wconf 90' lang='lat' dir='ltr'>filiis</span> <span class='ocrx_word' id='word_1_276' title='bbox 630 2958 808 3000; x_wconf 87' lang='lat' dir='ltr'>Israelis</span> <span class='ocrx_word' id='word_1_277' title='bbox 834 2959 1038 3013; x_wconf 88' lang='lat' dir='ltr'>tetigerit</span> <span class='ocrx_word' id='word_1_278' title='bbox 1064 2965 1306 3009; x_wconf 89' lang='lat' dir='ltr'>mortuum,</span> 
     </span>
    </p>
   </div>
   <div class='ocr_carea' id='block_1_18' title="bbox 400 3035 1571 3080">
    <p class='ocr_par' dir='ltr' id='par_1_18' title="bbox 400 3035 1571 3080">
     <span class='ocr_line' id='line_1_39' title="bbox 400 3035 1571 3080; baseline 0 -11"><span class='ocrx_word' id='word_1_279' title='bbox 400 3037 470 3070; x_wconf 91' lang='lat' dir='ltr'>Per</span> <span class='ocrx_word' id='word_1_280' title='bbox 485 3047 612 3079; x_wconf 87' lang='lat' dir='ltr'>aquam</span> <span class='ocrx_word' id='word_1_281' title='bbox 630 3037 866 3079; x_wconf 85' lang='lat' dir='ltr'>separationis</span> <span class='ocrx_word' id='word_1_282' title='bbox 884 3038 1116 3071; x_wconf 85' lang='lat' dir='ltr'>mundaretur</span> <span class='ocrx_word' id='word_1_283' title='bbox 1132 3037 1258 3080; x_wconf 83' lang='lat' dir='ltr'><em>(Num.</em></span> <span class='ocrx_word' id='word_1_284' title='bbox 1272 3038 1344 3071; x_wconf 84' lang='lat' dir='ltr'>xix.</span> <span class='ocrx_word' id='word_1_285' title='bbox 1362 3046 1399 3070; x_wconf 92' lang='lat'>11</span> <span class='ocrx_word' id='word_1_286' title='bbox 1418 3038 1464 3070; x_wconf 89' lang='lat' dir='ltr'>ad</span> <span class='ocrx_word' id='word_1_287' title='bbox 1481 3035 1571 3079; x_wconf 89' lang='lat' dir='ltr'>fin.).</span> 
     </span>
    </p>
   </div>
  </div>
 </body>
</html>
