2060 3476
446 361 524 404 572
858 361 1190 396 APOCALYPSIS
1221 364 1520 398 EXPLICATA.

441 473 559 514 unde
596 480 707 523 erat,
746 475 865 529 quod
903 475 1209 518 suffimentum
1248 476 1415 519 factum
1456 479 1513 519 sit
1554 493 1613 520 ex
1654 480 1929 521 aromatibus

439 535 754 589 fragrantibus,
777 536 936 588 stacte,
960 540 1150 593 onyche,
1178 540 1389 593 galbano,
1417 547 1463 582 et
1489 542 1632 582 thure.
1693 542 1930 584 Praeterea

439 600 838 652 correspondentia
855 602 1004 642 odoris
1021 609 1091 643 est
1109 615 1210 643 cum
1228 604 1519 657 perceptione
1535 618 1545 655 ;
1577 605 1698 658 quod
1720 611 1930 646 constare

438 667 592 713 potest
624 676 683 703 ex
715 677 782 712 eo,
816 665 937 718 quod
973 665 1017 705 in
1059 665 1227 706 mundo
1259 667 1491 719 spirituali,
1525 667 1598 708 ubi
1634 668 1785 708 omnia
1815 682 1929 721 quae

438 726 802 779 appercipiuntur
832 728 1035 768 sensibus
1071 729 1442 782 correspondent,
1476 731 1783 784 perceptivum
1823 732 1929 772 boni

437 794 484 828 et
509 789 602 830 veri
628 790 848 831 sentiatur
873 791 988 832 sicut
1019 791 1222 843 fragrans
1253 806 1312 832 ex
1338 793 1480 845 gratis
1506 793 1731 842 odoribus,
1759 799 1805 835 et
1830 794 1928 835 vice

436 862 569 890 versa
584 859 638 899 (de
651 870 716 898 qua
729 870 762 890 re
775 862 815 890 ab
828 862 1022 900 experientia
1032 862 1177 892 videatur
1187 863 1220 892 in
1232 864 1370 893 Arcanis
1386 864 1578 899 Caelestibus,
1588 874 1619 894 n.
1635 872 1723 903 1514,
1738 873 1927 903 1517—1519,

438 913 525 950 1631,
545 914 634 951 4626,
654 914 744 952 4628,
764 915 853 954 4630,
874 915 963 953 4631,
983 916 1192 954 5711—5717).
1252 906 1366 946 Inde
1401 912 1487 956 est,
1519 907 1640 960 quod
1675 907 1895 948 “odorari
1907 906 1927 922 ”

435 964 658 1018 significet
680 967 922 1019 percipere,
941 967 1078 1008 etiam
1100 967 1143 1008 in
1167 968 1390 1008 communi
1413 982 1619 1010 sermone
1641 969 1759 1022 apud
1781 969 1925 1009 homi-

436 1040 541 1079 nes;
574 1027 682 1069 talia
705 1030 823 1070 enim
846 1030 889 1069 in
912 1031 1176 1071 sermonem*
1187 1030 1430 1072 humanum
1452 1038 1672 1072 venerunt
1695 1045 1755 1072 ex
1777 1045 1925 1072 corre-

435 1091 720 1144 spondentia‚
745 1098 793 1133 ut
819 1091 963 1133 multa
987 1092 1101 1143 alia;
1133 1093 1312 1146 spiritus
1339 1094 1457 1135 enim
1489 1094 1682 1135 hominis
1708 1101 1778 1135 est
1803 1092 1927 1135 actu·
1952 1106 1956 1111 ·

435 1153 566 1195 aliter
596 1155 641 1195 in
667 1155 835 1196 mundo
867 1155 1098 1208 spirituali,
1126 1156 1309 1197 tametsi
1340 1156 1477 1198 homo
1508 1157 1552 1197 id
1584 1157 1753 1198 nescit:
1787 1158 1924 1198 etiam

435 1218 743 1271 perceptivum
785 1218 905 1272 quod
947 1225 1017 1260 est
1057 1219 1175 1272 apud
1218 1218 1446 1260 hominem
1492 1219 1699 1273 producit
1745 1233 1924 1261 sensum

434 1280 649 1321 odoratus
667 1281 711 1321 in
729 1280 820 1333 ejus
839 1294 1041 1335 corpore,
1059 1287 1105 1323 et
1123 1281 1208 1323 hoc
1227 1296 1403 1336 quoque
1421 1297 1480 1323 ex
1499 1283 1899 1336 correspondentia
1915 1297 1924 1332 ;

434 1343 513 1384 sed
550 1343 635 1384 hoc
667 1357 880 1384 arcanum
907 1350 976 1385 est
1013 1345 1132 1398 quod
1163 1359 1297 1398 aegre
1329 1345 1538 1394 creditur,
1571 1346 1672 1399 quia
1707 1343 1926 1387 hactenus

434 1407 640 1460 ignotum
667 1413 749 1448 est.
811 1406 1053 1448 Sciendum
1080 1413 1148 1448 est
1181 1408 1300 1461 quod
1326 1408 1493 1449 bonum
1520 1409 1683 1448 amoris
1710 1414 1755 1449 et
1781 1408 1925 1449 chari-

434 1471 542 1512 tatis
579 1471 799 1524 producat
836 1470 959 1512 illam
995 1470 1352 1512 suaveolentiam
1390 1485 1467 1512 seu
1506 1471 1812 1525 fragrantiam,
1846 1472 1925 1512 sed

433 1548 512 1588 per
542 1547 710 1583 verum,
745 1547 835 1575 non
868 1540 1019 1575 autem
1051 1548 1109 1575 ex
1142 1548 1190 1576 se
1221 1535 1390 1588 absque
1420 1549 1553 1586 vero;
1595 1535 1740 1575 minus
1772 1548 1924 1576 verum

433 1597 552 1651 quod
579 1603 766 1638 vocatur
795 1596 894 1637 fidei
921 1597 1089 1651 absque
1120 1597 1260 1650 bono;
1288 1611 1391 1638 nam
1423 1598 1590 1638 bonum
1622 1598 1790 1651 absque
1817 1611 1925 1638 vero

434 1674 523 1701 non
555 1660 693 1701 habet
725 1660 905 1714 aliquod
937 1661 1259 1714 perceptivum,
1292 1674 1374 1701 nec
1406 1674 1559 1701 verum
1591 1661 1759 1719 absque
1790 1660 1924 1701 bono.

434 1722 568 1777 Quod
597 1723 807 1765 “suffitus
820 1723 839 1739 ”
865 1723 1118 1777 significent
1150 1723 1226 1764 illa
1249 1724 1395 1765 cultus
1426 1738 1540 1778 quae
1571 1723 1682 1765 fiunt
1714 1738 1772 1765 ex
1804 1725 1925 1765 bono

433 1786 663 1840 spirituali,
706 1793 775 1828 est
815 1787 917 1840 quia
957 1787 1124 1828 bonum
1166 1787 1395 1840 spirituale
1436 1787 1575 1828 trahit
1616 1788 1836 1841 originem
1877 1793 1924 1828 et

433 1850 725 1891 existentiam
757 1863 817 1890 ex
853 1850 974 1890 bono
1010 1849 1210 1898 caelesti,
1243 1856 1289 1891 et
1326 1850 1411 1891 hoc
1444 1851 1610 1891 bonum
1648 1857 1718 1891 est
1756 1851 1923 1891 bonum

431 1913 596 1953 amoris
621 1913 665 1953 in
699 1912 941 1953 Dominum
968 1926 993 1953 a
1026 1912 1237 1962 Domino,
1265 1919 1310 1953 et
1342 1913 1446 1954 inde
1477 1919 1547 1954 est
1579 1914 1723 1966 ipsum
1755 1913 1923 1953 bonum

433 1975 558 2023 caeli,
587 1982 656 2017 est
693 1976 810 2016 enim
843 1976 886 2015 id
926 1976 1094 2016 bonum
1131 1975 1391 2016 immediate
1423 1989 1482 2016 ex
1526 1975 1736 2024 Domino,
1769 1981 1815 2016 et
1853 1982 1923 2016 est

434 2038 656 2079 Dominus
679 2039 722 2079 in
748 2038 825 2079 illo
850 2039 971 2079 bono
993 2045 1042 2079 ut
1066 2039 1110 2079 in
1136 2052 1215 2079 suo
1241 2038 1359 2091 apud
1385 2037 1600 2091 angelos;
1633 2051 1771 2092 usque
1792 2038 1921 2087 adeo,

432 2108 480 2142 ut
506 2102 599 2142 sive
625 2101 748 2142 dicas
776 2101 1019 2142 Dominum
1038 2115 1136 2142 esse
1162 2101 1205 2141 in
1232 2101 1318 2141 illis
1344 2108 1390 2142 et
1417 2101 1517 2142 illos
1543 2101 1586 2141 in
1610 2101 1821 2149 Domino,
1845 2107 1923 2141 aut

433 2166 468 2205 si
500 2166 622 2206 dicas
655 2164 898 2205 Dominum
930 2178 1029 2204 esse
1061 2164 1178 2217 apud
1200 2163 1310 2204 illos
1341 2164 1384 2204 in
1417 2178 1470 2204 eo
1501 2164 1636 2213 bono,
1664 2170 1710 2205 et
1746 2163 1847 2205 illos
1877 2164 1923 2204 in

435 2228 631 2268 Domino
654 2240 754 2267 cum
777 2227 820 2267 in
843 2226 920 2267 illo
941 2227 1075 2275 bono,
1093 2226 1212 2267 idem
1238 2227 1320 2267 sit:
1354 2227 1520 2267 bonum
1540 2227 1783 2280 spirituale,
1802 2227 1922 2281 quod

431 2291 569 2332 trahit
592 2281 812 2342 originem
830 2295 876 2330 et
899 2289 1192 2330 existentiam
1215 2303 1272 2329 ex
1297 2290 1417 2330 bono
1439 2289 1638 2338 caelesti,
1663 2296 1732 2330 est
1755 2290 1922 2330 bonum

434 2354 665 2395 charitatis
703 2366 811 2406 erga
846 2353 1127 2406 proximum;
1171 2352 1317 2393 cultus
1355 2366 1413 2393 ex
1455 2353 1539 2394 hoc
1577 2353 1698 2394 bono
1738 2359 1808 2394 est
1847 2353 1922 2407 qui

432 2416 707 2471 significatur
730 2430 808 2470 per
835 2415 1107 2456 “suffitum.”
1167 2414 1284 2468 Quia
1309 2416 1454 2456 omnis
1481 2415 1626 2456 cultus
1659 2416 1840 2456 Domini
1872 2415 1922 2456 fit

430 2495 489 2522 ex
521 2481 655 2529 bono,
689 2479 872 2521 tametsi
904 2493 982 2532 per
1013 2492 1131 2527 vera,
1159 2485 1205 2530 et
1243 2479 1331 2520 duo
1362 2479 1482 2520 bona
1514 2479 1784 2520 universalia
1816 2486 1921 2521 sunt

433 2557 546 2598 quae
563 2543 729 2584 faciunt
748 2542 911 2591 caelos,
931 2548 978 2583 et
1000 2542 1283 2595 distinguunt
1301 2541 1401 2582 illos
1419 2542 1462 2582 in
1480 2541 1568 2582 duo
1585 2555 1738 2594 regna,
1759 2556 1920 2596 nempe

431 2608 598 2648 bonum
630 2605 842 2653 caeleste,
869 2605 989 2658 quod
1021 2611 1091 2645 est
1122 2605 1291 2645 bonum
1317 2605 1481 2645 amoris
1512 2605 1555 2645 in
1588 2604 1847 2654 Dominu'm,
1874 2611 1921 2647 et

432 2671 599 2711 bonum
615 2668 858 2721 spirituale,
874 2668 994 2721 quod
1010 2674 1079 2708 est
1097 2667 1265 2708 bonum
1280 2667 1512 2708 charitatis
1527 2680 1635 2720 erga
1649 2668 1920 2720 proximum,

429 2733 532 2773 ideo
558 2732 647 2772 duo
673 2730 833 2772 altaria
859 2730 976 2783 apud
1002 2729 1116 2770 filios
1143 2729 1319 2771 Israelis
1345 2736 1488 2778 erant,
1517 2743 1651 2770 unum
1684 2743 1764 2782 pro
1789 2729 1920 2770 holo-

430 2795 610 2843 caustis,
629 2793 821 2835 alterum
840 2807 919 2846 pro
934 2792 1230 2833 suffitionibus
1246 2806 1255 2842 ;
1283 2798 1329 2833 et
1347 2806 1425 2845 per
1441 2792 1620 2833 “altare
1634 2791 1888 2833 holocausti
1900 2792 1920 2808 ”

429 2857 764 2911 significabatur
779 2856 925 2896 cultus
942 2869 1002 2896 ex
1020 2856 1140 2896 bono
1157 2855 1319 2895 amoris
1337 2854 1559 2903 caelestis,
1579 2861 1624 2895 et
1644 2858 1669 2875 ⁴‘
1682 2868 1760 2908 per
1777 2854 1919 2899 alta-re

429 2920 633 2961 suffitus”
656 2919 803 2961 cultus
825 2933 884 2959 ex
906 2919 1027 2959 bono
1049 2918 1213 2959 amoris
1235 2918 1488 2971 spiritualis.
1532 2918 1642 2959 Inde
1665 2923 1791 2972 patet
1814 2917 1917 2971 quid

428 2998 507 3038 per
532 2982 705 3024 suffitus
730 2982 1167 3035 repraesentabatur.
