2060 3476
690 363 795 397 CAP.
819 363 878 404 v.,
902 362 1041 396 VERS.
1066 361 1211 407 3.—N.
1236 350 1394 407 304[c].
1708 360 1789 405 519

360 477 553 520 “jehovae
570 483 664 510 terra
676 483 712 510 et
724 477 909 518 plenitudo
923 476 1013 517 ejus,
1030 475 1128 508 orbis
1142 481 1177 507 et
1193 475 1396 507 habitantes
1410 474 1447 506 in
1461 484 1504 506 eo
1519 483 1526 512 ;
1551 479 1586 505 et
1601 472 1666 505 Ille
1680 483 1791 514 super

466 522 581 553 maria
603 521 766 554 fundavit
789 531 883 560 eum,
903 530 1010 562 super
1033 520 1181 552 flumina
1204 519 1376 551 stabilivit
1399 517 1509 550 eum”
1527 517 1673 558 (Psalm.
1689 517 1785 549 xxiv.

469 566 569 606 1,2);

293 655 319 672 “
332 657 452 694 terra
462 652 482 668 ”
499 659 546 694 et
565 656 591 674 “
605 653 724 694 orbis
735 652 754 669 ’'
768 667 849 708 pro
867 651 1073 701 ecclesia,
1090 658 1137 693 et
1157 651 1462 705 “plenitudo''
1481 664 1561 704 pro
1579 650 1787 691 omnibus

291 715 385 769 ejus
403 730 412 767 ;
442 717 621 757 “maria
631 717 650 732 '’
672 730 804 770 super
825 716 984 770 quibus
1005 715 1210 757 fundavit
1232 728 1349 763 eum,
1370 721 1476 755 sunt
1499 715 1787 767 cognitiones

289 781 388 824 veri
400 781 444 820 in
463 782 690 821 communi
707 795 716 831 ;
743 784 768 801 “
781 779 992 821 flumina''
1005 785 1110 820 sunt
1129 777 1396 820 dofftrinalia
1415 792 1423 828 ;
1451 779 1554 832 quia
1568 792 1701 831 super
1718 778 1786 818 his

289 849 336 884 et
370 843 457 884 illis
489 843 700 885 fundatur
729 843 936 892 ecclesia,
968 843 1070 884 ideo
1100 842 1263 883 dicitur
1295 841 1415 895 quod
1445 839 1618 894 “super
1647 842 1787 881 maria

289 906 542 947 fundaverit
574 920 691 956 eum,
720 912 767 947 et
799 920 933 960 super
961 905 1144 946 flumina
1175 905 1446 946 stabiliverit
1479 917 1581 945 eum
1599 903 1633 955 ;‘'
1665 904 1786 957 quod

287 968 374 1010 hoc
401 982 492 1010 non
519 969 606 1010 dici
632 976 768 1024 queat
794 970 851 1010 de
883 975 1004 1010 terra
1037 975 1083 1010 et
1116 968 1238 1017 orbe,
1267 968 1407 1009 cuivis
1439 973 1583 1021 patet.
1646 966 1785 1021 Apud

287 1031 495 1081 eundem,

355 1122 378 1136 “
389 1121 471 1154 Non
488 1121 693 1154 timebimus
710 1132 791 1153 cum
809 1122 1003 1153 mutabitur
1020 1128 1124 1160 terra,
1145 1128 1180 1153 et
1204 1131 1283 1153 cum
1301 1121 1627 1152 commovebuntur
1644 1126 1785 1151 montes

460 1165 497 1197 in
515 1166 621 1198 corde
646 1166 810 1204 marium,
837 1176 916 1197 cum
941 1166 1263 1203 tumultuabuntur,
1285 1166 1523 1196 turbabuntur
1546 1174 1660 1204 aquae
1685 1163 1786 1204 ejus:

466 1234 474 1242 .
487 1235 496 1242 .
509 1234 518 1242 .
532 1209 809 1241 ,tumultuentur
817 1216 955 1250 gentes,
968 1215 1221 1241 commoveant
1231 1219 1270 1240 se
1282 1219 1404 1249 regna,
1418 1218 1497 1240 cum
1509 1208 1647 1239 dederit
1660 1217 1785 1240 vocem

459 1263 562 1285 suam
579 1254 751 1295 liquescet
769 1253 892 1285 terra''
910 1253 1057 1294 (Psalm.
1074 1254 1158 1285 xlvi.
1176 1262 1206 1292 3,
1223 1262 1255 1293 4,
1274 1261 1303 1292 7,
1318 1263 1338 1294 9
1353 1251 1414 1295 [Β.
1429 1253 1476 1284 Α.
1494 1261 1524 1290 2,
1539 1261 1569 1291 3,
1587 1249 1639 1294 6])
1653 1261 1660 1290 ;

284 1343 405 1397 quod
431 1357 510 1397 per
533 1346 559 1364 “
575 1349 743 1384 terram
759 1343 779 1359 ''
801 1343 1087 1397 intelligatur
1109 1343 1302 1384 ecclesia
1327 1349 1472 1396 patet,
1497 1343 1600 1396 quia
1622 1341 1786 1382 dicitur

286 1406 525 1447 “mutari'’
565 1413 612 1448 et
656 1406 990 1461 “liquescere,''
1018 1414 1129 1447 ‘tum
1170 1406 1291 1460 quod
1333 1405 1786 1446 “commovebuntur

283 1475 467 1511 montes
503 1471 549 1511 in
586 1471 722 1512 corde
753 1471 942 1511 marium
974 1483 1026 1511 ac
1059 1470 1362 1511 turbabuntur
1392 1483 1535 1523 aquae
1572 1468 1705 1521 ejus,’'
1737 1475 1783 1509 et

282 1533 403 1587 quod
424 1533 797 1575 “tumultuentur
819 1540 984 1587 gentes
1006 1539 1052 1574 et
1076 1539 1398 1574 commoveant
1422 1546 1470 1573 se
1487 1546 1628 1585 regna
1645 1532 1679 1582 ;''
1706 1546 1785 1585 per

285 1599 311 1616 “
324 1603 506 1638 montes
519 1597 539 1613 ’'
558 1597 870 1651 significantur
887 1598 1006 1638 bona
1024 1598 1189 1638 amoris
1210 1595 1278 1651 (ut
1298 1595 1467 1650 supra),
1484 1610 1599 1650 quae
1620 1600 1644 1616 ‘⁴
1658 1609 1784 1637 com-

283 1660 491 1702 moveri''
517 1661 727 1702 dicuntur
755 1661 837 1701 “in
869 1661 1005 1701 corde
1037 1660 1256 1701 marium”
1283 1660 1465 1714 quando
1497 1660 1784 1712 cognitiones

282 1723 552 1765 essentiales
588 1725 681 1765 veri
718 1730 1062 1778 pervertuntur;
1107 1737 1186 1777 per
1225 1722 1435 1777 “aquas’'
1473 1721 1785 1775 significantur

281 1800 389 1827 vera
419 1786 640 1828 ecclesiae
671 1800 786 1841 quae
814 1787 1022 1827 “turbari
1034 1786 1053 1801 ”
1085 1787 1296 1827 dicuntur
1328 1799 1429 1827 cum
1461 1785 1781 1835 falsificantur;

281 1864 361 1904 per
393 1849 632 1904 “gentes''
663 1849 974 1903 significantur
1010 1849 1130 1890 bona
1161 1849 1382 1890 ecclesiae
1414 1855 1460 1889 et
1493 1850 1537 1889 in
1569 1849 1783 1901 opposito

283 1927 419 1954 sensu
441 1913 562 1954 mala
584 1913 690 1967 ejus,
715 1919 761 1954 et
788 1927 867 1967 per
890 1916 916 1933 “
931 1913 1102 1966 regna’'
1124 1927 1231 1954 vera
1252 1912 1472 1953 ecclesiae
1498 1919 1545 1953 et
1572 1913 1615 1952 in
1639 1926 1782 1965 oppo-

281 1977 371 2018 sito
402 1990 539 2018 sensu
569 1976 682 2018 salsa
713 1976 820 2030 ejus,
853 1982 951 2017 tum
982 1977 1056 2030 qui
1087 1976 1132 2016 in
1164 1975 1233 2017 his
1264 1982 1311 2017 et
1343 1975 1430 2016 illis
1462 1982 1580 2016 sunt.
1643 1975 1782 2029 Apud

281 2040 492 2090 eundern,

349 2131 372 2144 ‘¹
385 2129 493 2168 Deus,
509 2130 699 2162 deseruisti
711 2138 789 2167 nos,
801 2154 808 2161 .
823 2154 830 2162 .
845 2154 852 2162 .
861 2119 1226 2167 succensuistijreduc
1237 2130 1341 2161 nobis
1353 2130 1505 2170 quietem
1520 2139 1528 2167 ;
1553 2129 1784 2170 tremefecisti

454 2180 598 2212 terram,
616 2174 804 2214 diffregisti
819 2183 826 2211 ;
851 2184 941 2205 sana
953 2172 1127 2205 fradturas
1142 2173 1231 2214 ejus,
1248 2173 1330 2215 quia
1342 2179 1523 2205 commota
1535 2179 1591 2205 est
1601 2172 1619 2185 ”
1633 2172 1780 2213 (Psalm.

455 2218 502 2250 lx.
519 2226 549 2257 3,
567 2226 588 2257 4
607 2216 668 2260 [B.
683 2219 730 2250 A.
747 2226 776 2256 1,
791 2215 863 2259 2]);

280 2306 400 2360 quod
427 2305 540 2347 haec
568 2306 624 2347 de
651 2306 845 2348 ecclesia
870 2312 917 2348 et
944 2320 1035 2347 non
1062 2306 1118 2347 de
1144 2312 1265 2348 terra
1291 2304 1412 2347 dieta
1438 2307 1544 2354 sint,
1569 2312 1781 2347 constare

279 2376 464 2423 potest;
498 2383 603 2410 nam
626 2370 788 2411 dicitur
813 2370 1143 2411 “tremefecisti
1166 2376 1348 2418 terram,
1373 2369 1637 2423 diffregisti;
1671 2384 1782 2411 sana

277 2430 498 2474 fra&uras
529 2432 644 2486 ejus„
665 2433 768 2486 quia
798 2439 1031 2474 commota
1062 2439 1132 2473 est
1150 2432 1184 2483 ;”
1216 2439 1262 2473 et
1295 2434 1398 2486 quia
1429 2447 1509 2486 per
1542 2434 1782 2474 “terram''

278 2495 559 2550 significatur
574 2495 780 2545 ecclesia,
794 2495 865 2536 hic
881 2495 1073 2536 ecclesia
1085 2502 1282 2544 vastata,
1297 2496 1400 2550 ideo
1414 2496 1591 2543 dicitur,
1608 2496 1777 2543 “Deus,

278 2559 520 2600 deseruisti
538 2572 635 2609 nOS,
652 2591 660 2599 .
678 2591 686 2599 .
703 2591 712 2599 .
729 2560 1039 2607 succensuisti,
1059 2558 1194 2600 reduc
1214 2559 1343 2600 nobis
1361 2559 1599 2613 quietem.’'
1640 2559 1779 2613 Apud

279 2623 491 2672 eundem,

347 2715 370 2728 ‘⁴
383 2712 474 2745 Cum
486 2712 757 2754 apprehendero
768 2718 909 2753 tempus
921 2719 1064 2751 statum,
1072 2712 1148 2753 Ego
1160 2711 1431 2745 rediitudinibus
1442 2712 1608 2754 judicabo
1620 2723 1627 2751 ;
1650 2713 1780 2754 liques-

452 2762 534 2788 cent
551 2762 646 2788 terra
661 2762 696 2788 et
712 2766 839 2788 omnes
855 2757 1074 2788 habitatores
1092 2756 1170 2798 ejus
1184 2766 1191 2796 ;
1214 2756 1291 2798 Ego
1310 2757 1457 2788 firmabo
1471 2758 1657 2789 columnas
1669 2757 1747 2798 ejus
1759 2757 1778 2770 '⁵

453 2799 598 2841 (Psalm.
612 2800 708 2833 lxxv.
723 2809 753 2840 3,
766 2809 789 2841 4
807 2799 867 2843 [B.
884 2801 930 2833 A.
945 2809 976 2839 2,
991 2798 1042 2842 3])
1056 2810 1063 2839 ;

277 2887 484 2930 similiter
504 2887 577 2930 hic
597 2893 756 2931 “terra
767 2888 787 2905 ’'
809 2903 890 2943 pro
912 2888 1118 2938 ecclesia,
1138 2903 1251 2943 quae
1274 2890 1437 2931 dicitur
1458 2894 1482 2910 ‘⁴
1496 2889 1742 2943 liquescere
1756 2889 1776 2905 ’'

276 2952 460 3007 quando
481 2951 696 2994 deficiunt
717 2966 824 2993 vera
848 2966 927 3006 per
948 2966 1063 3006 quae
1089 2952 1286 3004 bonum;
1319 2967 1439 3002 vera,
1463 2954 1566 3007 quia
1592 2959 1770 2994 susten-

275 3022 378 3058 tant
405 3015 658 3066 ecclesiam,
683 3021 905 3057 vocantur
929 3015 1205 3057 “columnae
1231 3015 1356 3069 ejus”
1378 3030 1489 3070 quas
1517 3016 1639 3057 Deus
1661 3015 1769 3057 “fir-
