2060 3476
595 361 700 396 CAP.
725 361 805 402 1v.‚
829 360 968 393 VERS.
991 360 1139 405 7.—N.
1165 348 1334 404 278[a].
1629 357 1711 401 451
1781 365 1787 369 -

216 490 319 520 cum
359 477 643 519 intraverunt
683 474 1008 524 habitaculum,
1050 473 1168 515 inter
1207 473 1338 513 binos
1378 470 1601 512 cherubos
1641 469 1716 523 qui

217 555 350 596 super
375 554 480 582 arca
508 539 670 594 (Exod.
697 548 814 580 xxv.'
838 537 941 592 22);
975 543 1023 578 ut
1051 549 1228 591 quoque
1255 540 1439 576 constat
1466 532 1586 587 apud
1613 531 1715 572 Mo-

219 618 326 646 sen:

288 687 309 699 ¹¹
322 684 475 727 Quando
489 684 674 724 ingressus
685 688 741 715 est
754 681 878 714 Moses
889 681 925 712 in
938 680 1149 712 Tentorium
1161 676 1372 716 conventus,
1384 703 1391 710 .
1406 702 1414 710 .
1427 702 1435 710 ,
1444 676 1582 708 audivit
1592 684 1718 726 vocem

393 729 600 770 loquentem
617 727 662 759 ad
679 727 779 758 illum
796 726 950 766 desuper
962 724 1215 765 propitiatorio
1229 722 1324 764 quod
1341 731 1449 762 super
1461 730 1544 752 arca
1559 726 1720 752 testimo-

394 772 445 804 nii
461 773 507 803 ab
523 771 617 803 inter
633 771 724 803 duos
740 770 917 802 cherubos
927 768 945 781 ''
962 768 1089 810 (Num.
1102 767 1163 800 vii.
1178 766 1245 808 89).

223 853 341 908 Quia
370 861 440 896 est
473 854 687 895 Divinum
718 852 971 907 procedens
1002 866 1029 893 a
1060 851 1259 892 Domino
1285 838 1406 904 quod
1437 847 1645 902 providet
1672 852 1719 887 et

221 917 437 967 custodit,
466 917 569 958 ideo
595 917 651 958 de
678 916 877 958 Domino
904 916 1080 963 dicitur,

287 1004 393 1046 Quod
417 1004 540 1036 sedeat
563 1012 670 1044 super
693 1002 858 1034 cherubis
885 1001 998 1042 (Esai.
1015 1001 1149 1033 xxxvii.
1167 1001 1226 1032 16:
1262 999 1394 1031 Psalm.
1410 998 1511 1030 xviii.
1528 1006 1579 1035 10,
1599 1005 1635 1028 11
1658 994 1718 1038 [B.

394 1048 441 1080 A.
455 1057 487 1088 9,
504 1044 559 1088 10]
575 1056 583 1084 ;
614 1047 748 1079 Psalm.
762 1046 858 1078 lxxx.
873 1054 892 1077 2
915 1043 976 1088 [B.
991 1046 1037 1077 A.
1055 1043 1087 1086 1]
1104 1054 1111 1083 ;
1143 1044 1277 1076 Psalm.
1292 1043 1383 1075 xcix.
1402 1051 1440 1082 1;
1474 1051 1489 1073 1
1511 1042 1604 1073 Sam.
1618 1041 1664 1072 iv.
1680 1049 1719 1079 4:

397 1099 416 1123 2
436 1091 528 1123 Sam.
544 1090 591 1123 vi.
609 1090 653 1131 2).

226 1185 451 1240 Quoniam
483 1184 527 1225 in
557 1183 645 1225 hoe
678 1183 828 1237 capite
860 1183 1010 1237 agitur
1035 1183 1090 1224 de
1117 1182 1403 1223 ordinatione
1430 1181 1630 1221 omnium
1662 1179 1719 1219 ad

224 1249 448 1302 judicium,
481 1248 584 1288 ideo
615 1248 754 1288 etiam
791 1247 941 1300 agitur
976 1246 1048 1287 hic
1082 1246 1138 1287 de
1170 1245 1391 1294 cherubis,
1422 1244 1511 1285 hoc
1544 1250 1630 1293 est,
1663 1244 1720 1284 de

226 1312 432 1354 custodia
457 1317 504 1352 et
531 1310 816 1365 providentia
843 1309 1025 1350 Domini
1052 1323 1108 1350 ne
1134 1308 1247 1350 caeli
1273 1308 1524 1362 superiores
1550 1307 1720 1348 adean-

227 1383 298 1418 tur
333 1376 416 1416 nisi
454 1388 533 1428 per
568 1374 736 1415 bonum
774 1373 939 1413 amoris
976 1379 1023 1414 et
1060 1372 1328 1422 charitatis;
1370 1384 1475 1412 nam
1513 1371 1596 1411 nisi
1633 1370 1719 1411 hoc
1755 1413 1765 1424 ,

227 1437 391 1481 factum
422 1438 578 1479 fuisset
609 1443 717 1478 ante
743 1436 972 1490 judicium,
1007 1435 1251 1490 periclitati
1286 1435 1475 1476 fuissent
1511 1433 1720 1488 ipsissimi

226 1501 338 1543 caeli
364 1502 408 1542 in
434 1501 593 1555 quibus
618 1501 710 1542 veri
736 1500 902 1553 angeli,
930 1514 989 1541 ex
1017 1513 1152 1540 causa
1178 1499 1281 1552 quia
1306 1498 1370 1539 illi
1396 1497 1509 1539 caeli
1535 1498 1609 1551 qui
1641 1511 1720 1551 pe-

227 1566 349 1608 rituri
384 1563 460 1619 (de
501 1564 659 1618 quibus
690 1563 826 1616 Apoc.
855 1576 953 1616 cap.
981 1563 1077 1603 xxi.
1111 1561 1150 1616 1)
1191 1575 1282 1602 non
1318 1562 1363 1611 in
1400 1561 1523 1602 bono
1555 1561 1720 1602 amoris

226 1635 272 1670 et
295 1628 531 1669 charitatis
553 1627 745 1676 fuerunt,
770 1626 850 1667 sed
873 1626 1009 1667 modo
1031 1626 1075 1666 in
1098 1625 1318 1680 aliquibus
1340 1625 1470 1666 veris.
1519 1624 1721 1665 Fuerunt

227 1692 345 1733 enim
367 1691 426 1732 ibi
448 1704 507 1732 ex
531 1689 788 1731 Christiano
811 1689 919 1730 orbe
941 1688 1004 1730 illi
1026 1689 1099 1742 qui
1122 1689 1165 1729 in
1188 1686 1393 1729 doctrina
1415 1688 1470 1728 de
1494 1687 1591 1729 sola
1617 1687 1718 1737 fide,

226 1767 360 1808 quam
391 1753 526 1807 aliqui
562 1751 884 1794 confirmarunt
917 1766 976 1793 ex
1009 1751 1238 1792 nonnullis
1270 1751 1381 1792 locis
1414 1765 1437 1792 e
1470 1751 1640 1800 Verbo,
1675 1757 1721 1792 et

227 1830 304 1870 per
321 1816 365 1857 id
387 1816 583 1870 aliquam
607 1813 972 1868 conjunctionem
991 1812 1111 1855 nacti
1135 1820 1240 1855 sunt
1259 1827 1360 1855 cum
1380 1813 1542 1854 ultimo
1565 1813 1718 1854 caelo:

226 1879 306 1920 sed
337 1877 594 1933 conjumstio
624 1878 702 1919 illa
733 1878 936 1931 disrupta
967 1884 1052 1926 est,
1084 1878 1266 1931 quando
1299 1878 1343 1918 id
1380 1877 1572 1926 caelum,
1600 1878 1720 1931 quod

229 1942 383 1996 (Apoc.
410 1943 505 1983 xxi.
538 1941 577 1996 1)
605 1947 795 1983 vocatur
823 1942 980 1995 “prius
1006 1941 1222 1990 caelum,”
1248 1941 1516 1995 dissipatum
1543 1947 1640 1991 est;
1674 1947 1721 1982 et

226 2013 332 2048 tunc
361 2006 619 2047 ordinatum
647 2011 717 2046 est
749 2019 775 2046 a
807 2004 1007 2045 Domino
1039 2018 1095 2046 ne
1127 2004 1320 2059 posthac
1348 2004 1507 2058 aliquis
1534 2003 1721 2056 conjun-

225 2076 360 2123 gatur
391 2069 528 2110 caelis
560 2069 644 2109 nisi
674 2069 748 2122 qui
785 2068 830 2109 in
862 2068 984 2109 bono
1016 2069 1182 2109 amoris
1218 2069 1263 2108 in
1305 2067 1551 2108 Dominum
1589 2072 1635 2107 et
1676 2066 1720 2106 in

225 2132 450 2174 charitate
473 2145 581 2186 erga
606 2132 864 2185 proximum
890 2138 974 2173 est.
1038 2131 1139 2173 Hoc
1167 2132 1211 2172 in
1238 2132 1388 2186 specie
1414 2136 1484 2172 est
1507 2131 1627 2184 quod
1653 2130 1721 2171 in-

226 2195 447 2249 telligitur
472 2209 551 2249 per
571 2195 648 2236 illa
669 2209 783 2249 quae
807 2209 924 2236 nunc
952 2201 1200 2252 sequuntur
1222 2196 1266 2236 in
1292 2195 1379 2236 hoc
1407 2195 1571 2248 capite.
1633 2193 1720 2247 Qui

226 2256 379 2312 itaque
405 2258 548 2299 credit
573 2259 693 2312 quod
726 2259 839 2299 caeli
871 2258 1064 2312 posthac
1092 2259 1203 2299 adiri
1234 2259 1410 2312 possint
1442 2271 1522 2311 per
1547 2257 1720 2298 cultum

226 2327 273 2363 et
300 2335 378 2375 per
403 2335 559 2375 preces
585 2322 642 2362 ab
667 2323 719 2362 iis
745 2323 818 2375 qui
850 2323 893 2362 in
926 2322 1025 2362 sola
1055 2321 1142 2363 fide
1175 2328 1279 2363 sunt
1312 2328 1358 2363 et
1390 2335 1482 2362 non
1513 2320 1644 2362 simul
1676 2321 1720 2362 in

226 2385 348 2426 bono
365 2384 615 2433 charitatis,
635 2385 827 2425 multum
851 2385 1018 2426 fallitur
1035 2399 1043 2426 :
1078 2385 1225 2426 cultus
1243 2398 1397 2426 eorum
1415 2397 1507 2425 non
1529 2384 1720 2437 amplius

226 2448 438 2501 recipitur
474 2461 556 2488 nec
594 2461 751 2501 preces
787 2449 1041 2498 audiuntur,
1081 2449 1162 2489 sed
1199 2448 1452 2489 attenditur
1489 2448 1627 2488 modo
1664 2448 1720 2488 ad

227 2525 428 2566 amorem
453 2512 576 2552 vitae
602 2525 783 2562 eorum;
815 2526 953 2566 quare
979 2512 1014 2552 si
1040 2525 1168 2552 amor
1193 2512 1258 2552 sui
1287 2517 1333 2552 et
1360 2511 1515 2551 mundi
1540 2516 1719 2563 regnat,

226 2575 596 2630 qualitercunque
622 2575 666 2614 in
693 2574 818 2615 cultu
840 2581 1036 2615 externo
1058 2581 1177 2623 sunt,
1203 2572 1429 2627 conjuncti
1455 2579 1561 2614 sunt
1587 2572 1719 2613 infer-

227 2639 309 2687 nis,
333 2644 380 2679 et
406 2651 583 2691 quoque
608 2637 713 2678 illuc
741 2643 846 2691 post
869 2643 1063 2678 mortem
1089 2637 1302 2686 feruntur,
1327 2643 1374 2678 et
1400 2650 1492 2677 non
1517 2637 1637 2689 prius
1663 2635 1720 2676 ad

227 2698 409 2755 aliquod
435 2699 611 2741 caelum
636 2700 757 2754 quod
783 2700 1044 2754 periturum,
1073 2706 1122 2741 ut
1147 2698 1367 2741 hactenus
1392 2698 1559 2740 factum
1585 2705 1668 2740 est.

306 2767 514 2822 278[a].
554 2778 660 2816 [Vers.
676 2778 720 2816 7-]
752 2767 831 2807 “ft
849 2767 1009 2808 Animal
1027 2767 1200 2821 primum
1223 2767 1354 2808 simile
1377 2766 1720 2819 leoni.''——Quod

227 2829 452 2884 significet
479 2829 790 2882 apparentiam
821 2829 867 2870 in
892 2828 1062 2870 ultimis
1088 2829 1238 2883 quoad
1255 2829 1499 2882 potentiam
1523 2835 1566 2869 et
1593 2827 1720 2881 effec-

182 2942 185 2947 f
228 2900 320 2934 tum
349 2891 514 2934 Divini
550 2891 659 2933 Veri
678 2891 955 2944 procedentis
985 2906 1014 2932 a
1042 2891 1242 2940 Domino,
1271 2898 1455 2932 constat
1487 2905 1546 2932 ex
1579 2891 1718 2943 signi·

229 2955 438 2997 ficatione
468 2954 690 3004 “leonis‚‘’
716 2954 837 3008 quod
869 2955 927 2995 sit
960 2954 1173 2995 Divinum
1205 2954 1378 2996 Verum
1409 2953 1661 3007 procedens
1693 2967 1719 2993 a

230 3018 428 3071 Domino
459 3017 607 3073 quoad
640 3018 896 3072 potentiam
930 3023 976 3059 et
1009 3015 1215 3059 effectum
1252 3016 1328 3071 (de
1361 3031 1449 3070 qua
1475 3015 1717 3070 sequitur);
