2060 3476
711 334 817 367 CAP.
841 335 906 375 11.,
930 334 1070 367 VERS.
1099 334 1269 367 10.——N.
1298 334 1387 366 121.
1719 336 1793 380 151

303 454 375 490 tes
396 448 442 489 in
464 447 788 490 do&rinalibus
811 448 1150 490 dirimebantur.
1208 446 1343 502 Quod
1366 448 1410 489 in
1437 449 1688 502 synagogis
1713 449 1797 490 do-

301 518 491 562 ceretur,
519 518 650 566 patet
675 513 796 566 apud
822 526 825 529 ·

370 610 502 642 Matth.
518 609 565 642 iv.
583 618 622 648 23
638 619 644 646 ;
677 619 753 650 cap.
770 609 816 642 ix.
834 617 874 648 35
890 619 897 647 ς
922 619 999 650 cap.
1019 609 1092 642 xiii.
1111 616 1172 648 54:
1205 609 1319 640 Marc.
1336 609 1428 646 i.‚21‚
1446 616 1498 646 22,
1517 606 1602 649 [¹129,
1621 617 1684 650 39;
1717 619 1794 649 cap.

475 654 522 686 vi.
539 662 579 687 2:
604 654 688 686 Luc.
705 654 751 685 iv.
771 661 822 693 15,
841 653 892 692 16,
909 662 972 693 44;
997 663 1074 694 cap.
1091 653 1165 685 xiii.
1184 661 1235 691 10,
1254 661 1314 692 14:
1343 652 1427 695 Joh.
1443 652 1541 684 xviii.
1558 661 1611 685 20.

301 741 436 796 Quod
482 742 588 783 lites
632 743 677 783 in
718 740 1042 783 doctrinalibus
1082 742 1127 782 in
1169 742 1420 795 synagogis
1461 741 1792 790 dirimerentur,

299 805 510 847 concludi
535 811 692 860 potest
719 820 779 847 ex
804 805 892 847 illis
918 819 1034 860 quae
1060 805 1271 846 dicuntur
1296 805 1415 859 apud

363 908 494 940 Matth.
509 919 544 942 x.
563 915 624 947 17:
648 909 761 940 Marc.
777 908 849 940 xiii.
864 918 905 949 9;
929 908 1013 940 Luc.
1027 908 1087 941 xii.
1106 917 1143 940 11
1160 918 1167 946 ;
1191 918 1268 949 cap.
1285 908 1356 941 xxi.
1375 917 1434 941 12:
1464 908 1548 951 Joh.
1565 909 1611 942 ix.
1629 917 1669 941 22
1684 919 1692 947 ;
1716 919 1790 950 cap.

465 953 531 984 ‘xii.
548 961 591 991 42
606 962 613 991 ;
638 961 716 993 cap.
733 952 804 985 xvi.
821 950 888 990 1²12,
906 961 936 992 3.

299 1047 435 1101 Quod
461 1047 580 1101 apud
611 1054 801 1101 gentem
824 1047 1061 1101 Judaicam
1083 1048 1215 1090 suerit
1247 1047 1453 1089 doctrina
1476 1050 1677 1090 omnium
1709 1049 1793 1090 fal-

297 1124 464 1160 sorum,
492 1117 705 1152 constare
731 1117 887 1164 potest
914 1126 973 1152 ex
1001 1111 1156 1152 multis
1182 1126 1298 1165 quae
1329 1112 1386 1153 de
1411 1112 1490 1152 illa
1515 1119 1656 1165 gente
1683 1119 1795 1153 nota

297 1180 403 1215 sunt
420 1189 429 1225 ;
462 1174 583 1228 quod
606 1188 769 1228 nempe
787 1176 1058 1228 negaverint
1078 1174 1339 1223 Dominum,
1359 1176 1480 1229 quod
1498 1175 1642 1217 velint
1666 1176 1790 1217 Mes-

297 1238 410 1278 siam
437 1236 560 1290 cujus
585 1251 777 1290 regnum
806 1238 864 1278 sit
898 1238 941 1278 in
969 1239 1113 1286 terris,
1143 1245 1189 1279 et
1221 1239 1295 1292 qui
1327 1239 1492 1280 evehat
1525 1239 1628 1280 illos
1659 1253 1795 1293 supra

297 1313 455 1341 omnes
478 1307 642 1353 gentes
667 1301 712 1341 in
739 1300 935 1352 mundo;
969 1301 1089 1355 quod
1113 1315 1295 1342 omnem
1318 1301 1491 1342 cultum
1521 1303 1566 1342 in
1589 1304 1793 1343 externis

295 1369 484 1416 ponant,
514 1369 560 1404 et
597 1363 717 1417 quod
743 1364 924 1416 interna
950 1364 1098 1404 cultus
1135 1378 1249 1418 quae
1276 1371 1381 1405 sunt
1414 1364 1515 1406 fidei
1549 1371 1595 1406 et
1622 1367 1788 1406 amoris

295 1427 340 1467 in
366 1426 612 1467 Dominum
638 1426 867 1480 rejiciant;
901 1427 1021 1481 quod
1048 1428 1201 1468 omnia
1226 1428 1270 1468 in
1297 1427 1453 1469 Verbo
1480 1428 1538 1469 ad
1566 1443 1614 1469 se
1641 1428 1787 1482 appli-

295 1496 416 1540 cent,
445 1496 492 1531 et
517 1489 627 1531 illud
654 1504 733 1544 per
758 1491 1029 1532 traditiones
1055 1505 1081 1532 a
1106 1505 1154 1532 se
1180 1492 1391 1532 inventas
1416 1491 1657 1533 falsificent

610 1586 795 1626 (Videatur
811 1587 942 1619 Matth.
959 1597 1016 1620 xv.
1033 1588 1098 1628 6-9
1112 1597 1119 1626 ς
1144 1589 1256 1621 Marc.
1273 1588 1332 1620 vii.
1353 1588 1449 1629 1—13)
1463 1598 1470 1627 ;

295 1696 428 1736 porro
454 1681 597 1736 qualis
623 1682 701 1723 illa
726 1695 839 1735 gens
866 1682 1014 1736 quoad
1041 1683 1256 1724 interiora
1283 1698 1362 1724 sua
1388 1684 1445 1724 ab
1471 1685 1600 1725 initio
1626 1685 1787 1734 fuerat,

295 1751 506 1786 constare
537 1751 692 1799 potest
723 1760 782 1786 ex
811 1745 1002 1787 Cantico
1030 1746 1171 1787 Mosis
1200 1745 1374 1800 (Deutr.
1401 1761 1498 1800 cap.
1526 1747 1714 1802 xxxii),
1742 1755 1790 1790 et

294 1806 403 1847 alibi
427 1806 595 1860 pluries
622 1817 667 1856 (et
685 1818 718 1847 in
737 1818 879 1847 colledtis
897 1827 937 1847 ex
955 1818 1094 1847 Arcanis
1117 1819 1309 1854 Caelestibus,
1325 1820 1358 1848 in
1378 1820 1536 1849 Doc'trina
1554 1822 1664 1850 Novae
1678 1821 1793 1850 Hiero-

292 1869 437 1906 solymae,
452 1877 484 1898 n.
501 1868 585 1906 248).

372 1927 484 1958 121.
526 1927 632 1966 [Vm.
650 1928 712 1966 ιο]
744 1916 836 1957 “Me
873 1917 1021 1958 {itneas
1053 1931 1159 1971 quae
1194 1919 1358 1970 futurus
1386 1932 1434 1959 es
1462 1918 1787 1972 pati.''—Quod

292 1978 517 2032 significet
549 1979 619 2019 Ne
643 1978 819 2020 doleant
847 1979 967 2033 quod
992 1979 1103 2021 tales
1128 1987 1460 2034 persequantur
1483 1995 1574 2030 vos,
1603 1987 1788 2022 constat

292 2056 352 2082 ex
393 2041 725 2095 significatione
759 2042 868 2083 “Ne
905 2043 1108 2092 timeas‚”
1140 2056 1242 2084 cum
1284 2044 1340 2084 de
1376 2043 1464 2084 illis
1500 2045 1574 2098 qui
1616 2045 1788 2098 passuri

292 2111 397 2146 sunt
424 2107 777 2159 persecutiones,
801 2107 921 2160 quod
948 2107 1006 2147 sit
1033 2120 1090 2147 ne
1116 2106 1303 2148 doleant
1330 2108 1495 2156 animo,
1521 2122 1626 2149 nam
1653 2110 1789 2149 timor

291 2182 447 2210 eorum
473 2175 544 2210 est
569 2170 708 2210 etiam
736 2169 892 2220 dolor3
926 2176 972 2211 et
995 2184 1055 2211 ex
1079 2170 1410 2223 significatione
1436 2174 1589 2224 “quae
1615 2171 1788 2212 futurus

291 2245 339 2273 es
366 2231 500 2285 pati‚”
527 2246 690 2286 nempe
716 2233 774 2273 ab
804 2233 891 2273 illis
923 2234 997 2287 qui
1028 2234 1072 2274 in
1105 2232 1310 2274 doctrina
1342 2234 1542 2274 omnium
1574 2233 1787 2274 falsorum

291 2302 410 2344 sunt,
444 2295 564 2349 quod
596 2297 654 2337 sit
686 2296 806 2349 quod
839 2296 956 2337 tales
989 2298 1267 2350 persecuturi
1300 2298 1404 2337 sint.
1467 2296 1638 2350 Agitur
1669 2311 1786 2338 nunc

291 2359 348 2399 de
370 2351 883 2412 persecutioneillorum
906 2361 979 2414 qui
1001 2361 1044 2400 in
1068 2358 1304 2401 affectione
1327 2361 1419 2401 veri
1442 2359 1663 2414 spirituali
1681 2367 1786 2401 sunt

290 2421 348 2462 ab
373 2421 460 2462 illis
486 2423 560 2475 qui
585 2423 630 2462 in
654 2422 802 2463 falsis:
837 2422 923 2464 hoc
950 2424 1166 2476 imprimis
1193 2430 1405 2464 constare
1431 2430 1586 2477 potest
1613 2437 1672 2464 ex
1699 2423 1787 2464 illis

290 2483 365 2536 qui
390 2482 509 2523 tales
534 2483 579 2523 in
605 2483 775 2523 mundo
800 2484 1039 2536 spirituum
1063 2490 1168 2524 sunt
1195 2495 1250 2533 (de
1264 2504 1330 2532 quo
1345 2497 1467 2524 mundo
1482 2496 1627 2524 videatur
1640 2495 1672 2524 in
1691 2504 1788 2533 opere

291 2554 342 2583 De
357 2553 446 2583 Caelo
461 2554 637 2592 etlnserno,
652 2563 683 2583 n.
699 2554 881 2594 421-535);
913 2556 1019 2584 nam
1045 2543 1105 2584 ibi
1130 2550 1294 2597 patent
1317 2557 1476 2585 omnes
1498 2544 1657 2598 quales
1678 2550 1785 2585 sunt

290 2603 439 2658 quoad
465 2604 679 2644 interiora
704 2618 818 2658 quae
841 2611 945 2646 sunt
972 2606 1266 2658 cogitationis
1293 2612 1339 2646 et
1366 2607 1648 2656 intentionis,
1673 2621 1784 2661 quo-

290 2667 411 2707 niam
437 2667 623 2720 quisque
648 2667 708 2708 ibi
732 2668 777 2708 in
803 2681 850 2708 se
877 2674 961 2716 est,
987 2669 1090 2721 quia
1115 2674 1186 2709 est
1209 2669 1405 2722 spiritus,
1431 2683 1482 2710 ac
1505 2670 1687 2723 spiritus
1714 2677 1785 2712 est

290 2730 363 2783 qui
394 2731 573 2783 cogitat
599 2736 645 2771 et
677 2731 888 2771 intendit.
951 2730 1123 2772 Omnes
1155 2732 1214 2772 ibi
1246 2733 1427 2785 spiritus
1454 2733 1525 2774 vel
1557 2733 1784 2786 conjuncti

289 2799 394 2834 sunt
425 2793 606 2834 infernis
637 2793 710 2835 vel
741 2792 967 2847 conjunffi
998 2794 1160 2835 caelis:
1208 2795 1271 2836 illi
1312 2797 1385 2849 qui
1417 2795 1644 2848 conjuncti
1676 2803 1782 2838 sunt

289 2855 484 2905 infernis,
512 2862 562 2897 ut
589 2857 779 2910 primum
806 2858 1117 2911 appercipiunt
1144 2858 1339 2912 aliquem
1366 2860 1410 2899 in
1432 2857 1669 2900 affectione
1691 2861 1783 2900 veri

290 2914 510 2972 spirituali
527 2933 640 2968 esse,
660 2920 878 2973 incipiunt
901 2920 1090 2974 flagrare
1109 2921 1227 2970 odio,
1247 2927 1293 2962 et
1316 2929 1540 2962 conantur
1557 2935 1658 2962 eum
1682 2936 1782 2975 per-

290 2983 422 3035 dere3
450 2995 541 3024 non
559 2983 785 3024 sustinent
804 2984 947 3024 visum
965 2983 1082 3037 ejus:
1112 2984 1311 3039 plerique
1334 3000 1393 3026 ex
1417 2985 1503 3026 illis
1527 2999 1626 3026 cum
1646 2985 1782 3026 modo
