2060 3476
322 349 408 392 610
738 356 1070 390 APOCALvPffls
1100 357 1399 390 EXPLICATA.

324 470 442 511 enim
469 470 670 523 receptio
697 469 846 510 Divini
875 469 983 511 boni
1013 468 1063 511 fit
1089 484 1167 524 per
1191 484 1298 511 vera
1321 469 1439 512 faeta
1463 471 1599 521 vitae,
1627 477 1674 513 et
1700 485 1809 514 con-

318 531 489 584 junctio
511 532 614 573 inde
636 538 707 573 est
729 546 808 586 per
829 533 996 574 bonum
1019 533 1062 573 in
1088 533 1174 574 illis
1195 534 1324 574 veris.
1381 532 1517 586 Quod
1542 547 1621 587 per
1642 535 1810 576 bonurn

323 596 367 635 in
390 594 476 635 illis
498 595 613 635 veris
636 608 714 636 seu
740 609 818 648 per
838 609 944 636 vera
966 594 1083 636 sacta
1104 596 1226 636 vitae
1249 597 1305 636 sit
1328 594 1598 648 conjunftio,
1622 602 1668 637 et
1690 597 1810 650 quod

324 658 506 710 sanguis
531 657 660 698 fuerit
686 658 1122 710 repraesentativum
1148 657 1254 710 ejus,
1279 663 1464 698 constat
1489 658 1725 699 evidenter
1750 672 1810 699 ex

323 719 470 759 verbis
502 719 586 769 ibi;
620 717 784 760 sactum
811 721 930 760 enirn
962 720 1048 761 hoc
1076 726 1146 761 est
1177 720 1358 773 quando
1390 720 1542 760 Moses
1573 720 1810 761 descendit

323 794 347 821 e
366 787 522 822 monte
540 780 675 830 Sinai,
695 782 812 822 unde
830 781 1118 835 promulgata
1139 782 1220 823 suit
1243 782 1358 831 Lex,
1378 788 1425 823 et
1442 796 1618 836 quoque
1635 787 1810 823 statuta

324 849 369 884 et
393 842 558 895 judicia
583 857 697 897 quae
723 844 1016 892 observaturi,
1045 857 1096 885 ac
1124 844 1286 885 dicitur
1310 844 1430 897 quod
1459 843 1648 885 “Moses
1674 844 1811 897 scrip-

324 907 431 947 serit
472 907 622 947 omnia
657 907 795 947 verba
834 906 910 947 illa
944 907 1186 959 Jehovae‚”
1223 914 1270 948 et
1310 907 1508 960 “legerit
1548 907 1592 947 in
1632 906 1809 947 auribus

323 968 515 1021 populi,'’
533 969 606 1022 qui
628 969 857 1017 dixerunt,
880 968 1084 1010 “Omnia
1100 983 1214 1023 quae
1236 970 1353 1011 dixit
1369 969 1573 1023 Jehovah
1596 969 1809 1010 faciemus

323 1038 369 1072 et
387 1031 618 1072 audiemus
635 1031 671 1082 ;”
697 1045 810 1085 quae
832 1033 898 1072 bis
916 1032 1129 1074 dixerunt
1149 1031 1374 1086 (videatur
1391 1033 1449 1074 ibi
1466 1046 1597 1073 versu
1620 1043 1642 1084 3
1665 1038 1711 1073 et
1733 1031 1778 1085 7)
1798 1046 1807 1082 ;

323 1094 459 1135 verba
476 1108 555 1134 seu
572 1108 678 1135 vera
700 1108 778 1148 per
799 1094 944 1136 facere
966 1094 1077 1136 fi'unt
1095 1096 1239 1136 vitae:
1273 1101 1319 1136 et
1337 1096 1439 1149 quia
1456 1095 1633 1149 scripsit
1657 1094 1809 1135 Moses

323 1157 460 1198 verba
482 1157 571 1205 illa,
596 1158 778 1198 vocavit
799 1157 876 1198 illa
901 1157 1124 1199 “Librum
1151 1158 1187 1198 F
1191 1158 1405 1207 oederis‚’'
1427 1172 1506 1212 per
1526 1158 1647 1212 quod
1669 1157 1807 1210 signi-

322 1219 480 1261 ficatur
501 1220 621 1274 quod
647 1234 725 1273 per
747 1220 824 1261 illa
845 1221 903 1262 sit
926 1219 1194 1274 conjunctio.
1256 1221 1338 1262 Per
1360 1221 1532 1274 Legem
1555 1234 1582 1261 a
1601 1219 1821 1273 Jehovah*

323 1283 658 1336 promulgatam
685 1297 708 1324 e
736 1283 896 1325 Monte
922 1283 1056 1332 Sinai,
1080 1290 1127 1325 et
1149 1297 1227 1338 per
1248 1290 1423 1325 statuta
1445 1290 1492 1325 et
1509 1283 1674 1336 judicia
1694 1288 1808 1337 quae

323 1346 460 1386 etiam
498 1352 605 1387 tunc
645 1346 862 1387 mandata
898 1346 1089 1396 fuerunt,
1123 1346 1399 1400 significatur
1430 1359 1564 1387 omne
1596 1345 1808 1386 Divinum

323 1408 507 1457 Verum,
539 1423 616 1450 seu
649 1409 861 1450 Divinum
893 1409 1064 1450 Verum
1095 1409 1138 1450 in
1170 1415 1271 1450 toto
1303 1409 1572 1462 complexu;
1604 1408 1707 1449 inde
1738 1413 1808 1448 est

322 1472 441 1526 quod
468 1472 579 1513 haec
608 1479 827 1513 vocentur
852 1462 1024 1513 “Liber
1050 1472 1304 1522 Foederis‚”
1329 1478 1376 1513 et
1402 1472 1562 1512 Arca
1551 1485 1595 1512 1n
1621 1484 1708 1525 qua
1733 1470 1808 1512 ille

323 1535 456 1576 Liber
478 1542 590 1583 erat,
618 1535 778 1576 “Arca
803 1535 1043 1586 Foederis;
1034 1535 1068 1558 ·”
1101 1535 1324 1576 “foedus‘’
1346 1534 1571 1588 significat
1593 1533 1807 1587 conjunc-

322 1599 507 1639 tionem.
569 1597 685 1651 Quia
712 1598 923 1638 Divinum
951 1598 1134 1647 Verum,
1160 1612 1238 1652 per
1263 1598 1383 1651 quod
1410 1594 1680 1650 conjunctio,
1704 1609 1808 1650 pro-

322 1662 443 1702 cedit
480 1675 506 1701 a
544 1661 755 1710 Domino,
790 1661 891 1702 ideo
923 1662 1061 1702 etiam
1101 1661 1320 1701 Dominus
1357 1660 1444 1701 illis
1474 1661 1594 1700 visus
1625 1665 1695 1700 est
1726 1659 1808 1699 sub

323 1724 509 1778 pedibus
524 1725 638 1765 sicut
654 1738 764 1777 opus
780 1723 939 1777 lapidis
954 1724 1151 1778 sapphiri
1168 1738 1177 1774 ;
1200 1723 1319 1778 quod
1337 1724 1456 1764 visus
1471 1724 1531 1764 sic
1551 1726 1576 1743 “
1588 1722 1670 1763 sub
1683 1721 1808 1776 pedi-

321 1787 432 1828 bus’'
464 1786 688 1840 significat
720 1787 839 1841 quod
874 1787 1086 1828 Divinum
1118 1787 1289 1828 Verum
1322 1787 1414 1828 tale
1446 1787 1504 1828 sit
1536 1787 1580 1827 in
1612 1785 1806 1835 ultimis;

323 1850 533 1891 Divinum
567 1850 738 1892 Verum
769 1851 812 1891 in
846 1850 1013 1892 ultimis
1046 1857 1115 1892 est
1153 1850 1365 1891 Divinum
1396 1849 1566 1891 Verum
1598 1850 1642 1890 in
1674 1862 1807 1890 sensu

322 1913 501 1954 litterae
529 1914 691 1955 Verbi:
729 1917 879 1967 “opus
912 1914 1072 1968 lapidis
1104 1913 1331 1968 sapphiri”
1357 1912 1580 1966 significat
1612 1912 1806 1954 translu-

321 1977 518 2017 centiam
543 1976 634 2029 ejus
657 1991 682 2017 a
709 1976 873 2018 Divino
895 1976 1019 2018 Vero
1041 1978 1085 2017 in
1108 1991 1240 2018 sensu
1262 1977 1441 2017 interno
1463 1990 1541 2016 seu
1563 1975 1778 2029 spirituali
1797 1989 1805 2026 ;

324 2043 348 2058 ‘⁸
366 2037 490 2078 Deus
530 2038 712 2078 Israelis
727 2037 746 2053 ”
785 2044 855 2078 est
896 2038 1133 2078 Dominus.
1210 2049 1322 2087 (Quod
1341 2045 1451 2085 “1apis
1470 2047 1607 2085 sapphiri
1619 2047 1635 2056 '¹
1655 2047 1809 2084 significet

320 2097 574 2125 translucentiam
587 2107 605 2125 a
616 2097 696 2126 veris
707 2097 845 2131 internis,
858 2097 1000 2126 videatur
1011 2107 1041 2127 n.
1054 2107 1148 2135 9407:
1168 2102 1198 2126 et
1210 2098 1298 2134 quod
1309 2100 1326 2111 ‘¹
1339 2097 1426 2126 Deus
1439 2096 1561 2125 Israelis
1571 2095 1587 2105 '⁹
1600 2095 1639 2124 sit
1651 2095 1809 2124 Dominus

320 2147 428 2183 quoad
445 2147 594 2175 Divinum
613 2147 812 2181 Humanum,
828 2147 972 2176 videatur
986 2156 1090 2184 supra,
1106 2156 1136 2177 n.
1155 2138 1325 2188 328[f])
1383 2135 1496 2176 Inde
1527 2148 1644 2175 nunc
1676 2140 1806 2187 patet

320 2197 439 2251 quod
463 2211 540 2251 per
563 2197 775 2237 Divinum
798 2197 968 2238 Verum
991 2196 1155 2238 factum
1178 2199 1234 2238 sit
1257 2197 1413 2238 foedus
1435 2211 1513 2237 seu
1535 2194 1805 2248 conjunctio,

321 2266 367 2300 et
385 2260 504 2313 quod
528 2260 710 2313 sanguis
729 2274 907 2313 sparsus
930 2274 1061 2313 super
1078 2260 1220 2301 altare
1243 2266 1289 2301 et
1308 2260 1539 2300 dimidium
1562 2258 1654 2311 ejus
1676 2272 1808 2311 super

321 2322 535 2376 populum
561 2322 690 2363 fuerit
715 2323 1153 2375 repraesentativum
1179 2322 1285 2375 ejus,
1314 2323 1525 2376 quoniam
1555 2320 1808 2374 “sanguis’'

322 2384 546 2438 significat
573 2385 785 2425 Divinum
812 2385 982 2426 Verum
1011 2386 1261 2439 procedens
1287 2399 1313 2426 a
1339 2385 1550 2434 Domino,
1578 2390 1625 2425 et
1650 2397 1807 2437 recep-

307 2453 418 2488 ,tum
449 2446 507 2487 ab
537 2446 735 2495 homine,
763 2453 811 2487 ut
842 2460 976 2500 supra
1001 2446 1170 2488 dictum
1201 2453 1286 2487 est.
1345 2457 1457 2495 (Quod
1472 2454 1489 2465 ⁴·
1501 2456 1639 2486 foedus''
1655 2456 1810 2494 significet

321 2505 588 2543 conjunctionem,
604 2506 747 2534 videatur
769 2515 799 2535 n.
816 2506 884 2542 665,
901 2506 969 2539 666,
987 2515 1074 2543 1023,
1092 2508 1179 2543 1038,
1197 2506 1284 2542 1864,
1302 2506 1388 2543 1996,
1406 2514 1493 2542 2003,
1510 2513 1598 2539 2021,
1614 2505 1703 2541 6804,
1720 2504 1808 2540 8767,

321 2552 410 2586 8778,
426 2551 514 2588 9396,
534 2550 640 2587 10632.
685 2551 782 2587 Quod
805 2551 872 2579 Lex
887 2551 918 2579 in
933 2550 1041 2580 stricto
1056 2560 1151 2580 sensu
1165 2551 1318 2588 significet
1333 2551 1443 2579 decem
1462 2554 1631 2588 praecepta
1646 2549 1808 2586 Decalogi.

321 2600 352 2623 et
363 2595 395 2623 in
407 2595 471 2623 laio
483 2604 577 2624 sensu
589 2599 690 2623 totum
703 2596 855 2630 Verbum,
870 2596 912 2624 ita
923 2605 1018 2624 omne
1035 2596 1186 2624 Divinum
1198 2596 1328 2630 Verum,
1340 2604 1372 2625 n.
1385 2596 1472 2630 2606,
1485 2597 1574 2632 3382,
1586 2595 1675 2631 6752,
1687 2592 1808 2631 [¹17463‚

320 2649 416 2677 9417:
443 2640 531 2677 quod
552 2640 626 2668 inde
649 2643 665 2653 ‘¹
678 2640 774 2668 Mons
796 2641 910 2670 Sinai''
934 2641 1088 2678 significet
1108 2641 1231 2669 caelum
1253 2640 1307 2670 ubi
1331 2640 1488 2669 Dominus
1510 2649 1549 2668 ex
1570 2648 1636 2676 quo
1658 2639 1808 2668 Divinum

320 2685 451 2719 Verum,
467 2693 523 2714 seu
538 2693 576 2713 ex
592 2693 656 2721 quo
680 2685 747 2713 Lex
769 2685 801 2713 in
816 2694 910 2714 sensu
927 2685 1035 2715 stricto
1057 2690 1088 2714 et
1108 2685 1140 2714 in
1155 2694 1249 2714 sensu
1269 2685 1342 2719 lato,
1358 2694 1388 2714 n.
1406 2687 1494 2722 8399,
1511 2686 1598 2721 8753,
1615 2685 1704 2721 8793,
1720 2685 1808 2720 8805.

320 2739 417 2766 9420:
440 2734 470 2758 et
485 2730 573 2766 quod
594 2730 690 2765 altare
711 2730 802 2758 fuerit
822 2730 995 2768 principale
1010 2730 1308 2768 repraesentativum
1331 2730 1461 2759 Domini
1482 2733 1514 2758 et
1527 2729 1630 2758 cultus
1652 2729 1755 2766 Ipsius
1769 2737 1809 2757 ex

319 2774 407 2803 bono
421 2775 546 2808 amoris,
559 2783 589 2803 n.
601 2783 671 2811 921,
684 2783 772 2810 2777.
786 2777 874 2809 2811,
887 2777 976 2812 4489·
988 2782 1078 2813 4541»
1095 2777 1182 2813 8935.
1200 2777 1288 2812 8940.
1303 2776 1392 2813 9388.
1408 2776 1497 2813 9389.
1513 2783 1602 2812 9714·
1617 2774 1706 2811 9963.
1718 2773 1808 2811 9964.

323 2827 429 2856 10123.
447 2826 553 2856 10151,
572 2828 678 2856 10242,
697 2827 803 2856 10245,
821 2820 942 2858 10642.)
1841 2834 1843 2837 ⁴

403 2868 483 2922 [c.]
526 2868 754 2922 Quoniam
800 2870 1026 2922 “sanguis
1042 2869 1062 2885 ’¹
1105 2869 1332 2922 significat
1375 2869 1590 2909 Divinum
1632 2867 1806 2908 Verum

319 2929 570 2982 procedens
601 2944 626 2970 a
658 2930 855 2971 Domino
887 2944 937 2971 ac
971 2937 1203 2984 receptum
1234 2931 1291 2971 ab
1322 2930 1518 2979 homine,
1546 2929 1664 2970 unde
1695 2942 1804 2970 con-

316 2990 499 3044 junctio,
524 2993 624 3034 ideo
647 2994 797 3034 omnia
819 3007 932 3047 quae
954 2994 1342 3047 repraesentativa
1364 2998 1517 3034 essent
1540 2992 1803 3033 Divinorum
