2060 3476
620 347 726 380 cAP.
751 346 836 387 111„
860 345 1000 378 VERs.
1029 344 1200 390 15.—N.
1224 346 1318 388 231.
1635 343 1714 387 347

298 470 423 516 231.
462 461 608 507 “Quod
618 473 695 500 nec
717 459 892 513 frigidus
911 458 972 499 sis
987 471 1066 498 noc
1083 455 1477 509 calidus.”—Quod
1495 454 1717 507 significet

218 524 339 576 quod
363 524 437 573 sit,
470 523 576 577 quia
605 522 771 575 absque
799 521 1032 569 charitate,
1066 520 1183 560 inter
1211 518 1376 560 caelum
1406 524 1449 558 et
1479 517 1716 570 infernum,

219 593 403 628 constat
441 601 500 628 ex
538 585 870 640 significatione
911 583 1139 637 “frigidi,''
1177 583 1297 636 quod
1339 582 1397 622 sit
1435 582 1508 634 qui
1546 594 1636 621 non
1674 582 1717 621 in

219 663 372 691 amore
399 649 619 704 spirituali
641 649 721 689 sed
753 649 798 688 in
815 661 969 688 amore
1000 646 1206 687 infernali
1236 644 1312 699 (de
1343 659 1431 698 qua
1463 643 1684 698 sequitur)
1708 658 1716 694 ;

218 719 266 754 et
295 727 355 754 ex
387 712 720 766 significatione
748 710 962 758 “calidi,”
988 709 1108 763 quod
1136 710 1194 750 sit
1222 709 1296 763 qui
1328 709 1372 748 in
1399 721 1554 748 amore
1587 708 1716 760 spiri-

218 775 330 816 tuali
355 774 431 829 (de
454 789 541 829 qua
562 776 703 816 etiam
725 773 963 828 sequitur).
1020 772 1133 813 Inde
1156 778 1286 825 patet
1309 771 1430 825 quod
1457 784 1536 824 per
1557 770 1716 823 “quod

219 852 302 879 nec
334 839 519 892 frigidus
551 839 610 879 sis
642 851 724 879 nec
757 836 970 885 calidus,’'
1002 835 1281 889 significetur
1311 834 1432 888 quod
1466 847 1548 874 nec
1582 834 1640 874 sit
1674 834 1716 873 in

218 899 372 943 amore
389 901 594 942 infernali
612 915 694 942 nec
713 902 758 941 in
776 914 929 941 amore
951 898 1188 953 spirituali,
1208 898 1288 939 sed
1312 899 1431 938 inter
1449 903 1689 950 utrumque
1708 911 1716 946 ;

218 971 265 1005 et
291 965 366 1018 qui
392 971 462 1005 est
486 965 604 1005 inter
629 970 868 1017 utrumque
894 964 931 1003 is
957 968 1028 1003 est
1054 963 1173 1002 inter
1197 961 1418 1002 infernum
1451 966 1497 1000 et
1525 959 1716 1000 caelum.

219 1027 355 1080 Quod
378 1027 495 1068 tales
513 1029 604 1068 sint
627 1029 701 1081 qui
723 1028 767 1067 in
786 1026 884 1067 sola
902 1025 989 1066 fide
1012 1039 1090 1066 seu
1113 1026 1156 1065 in
1176 1024 1264 1066 fide
1290 1030 1502 1078 separata
1524 1037 1550 1063 a
1572 1023 1718 1063 chari-

218 1097 331 1140 tate,
360 1091 561 1132 nondum
587 1092 751 1131 scitum
774 1096 872 1140 est;
906 1084 1134 1143 sedquod
1162 1088 1226 1129 illi
1253 1089 1358 1137 sint,
1384 1093 1513 1141 patet
1540 1101 1599 1127 ex
1627 1087 1718 1126 sin-

218 1153 335 1207 gulis
366 1168 481 1208 quae
507 1154 565 1195 ad
597 1153 832 1207 Angelum
869 1152 1000 1206 hujus
1033 1151 1270 1192 Ecclesiae
1303 1152 1475 1204 scripta
1506 1156 1639 1200 sunt;
1672 1156 1718 1190 et

218 1224 454 1271 praeterea
494 1231 554 1259 ex
591 1231 659 1266 eo,
695 1217 816 1271 quod
859 1217 932 1270 qui
974 1217 1019 1256 in
1056 1215 1145 1256 fide
1182 1221 1394 1268 separata
1431 1228 1457 1254 a
1493 1213 1719 1254 charitate

218 1287 350 1331 sunt,
376 1281 533 1321 vivant
571 1281 668 1329 sibi,
708 1279 878 1320 mundo
915 1286 962 1320 et
999 1280 1150 1332 genio,
1179 1284 1226 1319 et
1265 1278 1340 1331 qui
1374 1278 1439 1318 ita
1464 1277 1638 1324 vivunt,
1675 1277 1719 1316 in

217 1357 371 1385 amore
397 1343 603 1384 infernali
629 1350 762 1393 sunt;
796 1349 842 1384 et
870 1343 991 1396 quod
1018 1356 1158 1395 usque
1185 1355 1263 1395 per
1291 1339 1534 1382 lectionem
1562 1339 1718 1386 Verbi,

217 1421 297 1461 per
332 1407 613 1448 auditionem
659 1406 1050 1460 praedicationum
1097 1405 1217 1453 inde,
1261 1419 1340 1458 per
1380 1398 1719 1456 usurpationem

219 1469 415 1512 Sanctae
442 1469 607 1519 Cenae‚
631 1477 679 1511 et
708 1484 787 1523 per
813 1469 942 1523 plura
973 1483 1088 1522 quae
1115 1469 1334 1509 memoria
1361 1475 1494 1508 tenus
1520 1467 1720 1508 retinent

219 1548 278 1574 ex
306 1533 475 1582 Verbo,
503 1532 714 1586 spectent
741 1533 798 1573 ad
825 1532 1016 1580 caelum,
1041 1538 1088 1573 et
1115 1545 1216 1572 cum
1244 1531 1330 1572 hoc
1357 1531 1543 1579 faciunt,
1566 1531 1611 1570 in
1638 1530 1720 1570 ali-

218 1611 308 1650 quo
339 1596 489 1637 calore
521 1595 741 1649 spirituali
773 1602 906 1646 sunt;
950 1596 1030 1636 sed
1063 1596 1167 1649 quia
1199 1609 1338 1648 usque
1370 1607 1462 1634 non
1494 1600 1565 1634 est
1598 1592 1722 1634 calor

219 1674 298 1701 seu
324 1673 452 1700 amor
483 1659 741 1713 spiritualis,
775 1660 879 1713 quia
911 1672 1001 1699 non
1034 1659 1193 1699 vivunt
1225 1658 1474 1699 secundum
1501 1657 1719 1704 Verbum,

219 1723 323 1764 ideo
350 1736 441 1763 non
467 1723 602 1764 calidi
628 1729 733 1763 sunt
761 1735 842 1763 nec
870 1722 1031 1775 frigidi.
1094 1721 1166 1762 Sic
1193 1723 1333 1762 etiam
1359 1721 1567 1761 dividunt
1594 1733 1721 1760 men-

219 1792 315 1825 tem
346 1786 391 1825 in
422 1785 551 1826 binas
583 1792 764 1839 partes;
797 1799 962 1838 nempe
993 1799 1074 1838 per
1105 1784 1184 1825 illa
1215 1799 1330 1838 quae
1363 1790 1468 1824 sunt
1501 1783 1642 1824 Verbi
1674 1797 1722 1823 se

218 1854 404 1889 vertunt
430 1849 489 1889 ad
521 1849 712 1898 caelum,
742 1856 788 1890 et
821 1862 901 1902 per
923 1848 1001 1889 illa
1034 1862 1148 1901 quae
1175 1854 1282 1888 sunt
1308 1849 1431 1888 vitae
1464 1862 1512 1888 se
1538 1854 1722 1888 vertunt

222 1911 280 1951 ad
306 1911 553 1963 infernum;
585 1913 651 1953 ita
673 1912 864 1953 haerent
886 1912 1005 1952 inter
1031 1918 1284 1964 utrumque.
1348 1909 1437 1963 Qui
1460 1910 1577 1951 tales
1600 1918 1720 1959 sunt,

219 1973 326 2014 dum
348 1975 393 2015 in
415 1973 608 2015 alteram
626 1975 768 2015 vitam
786 1975 990 2023 veniunt,
1014 1975 1201 2027 cupiunt
1224 1974 1282 2014 ad
1305 1973 1496 2022 caelum,
1517 1975 1722 2014 dicentes

221 2051 269 2078 se
301 2036 436 2079 fidem
463 2037 689 2086 habuisse,
719 2037 885 2091 legisse
914 2037 1134 2086 Verbum,
1163 2037 1388 2077 audivisse
1420 2037 1722 2090 praedicatio-

221 2114 316 2149 nes,
350 2100 663 2154 frequentasse
705 2100 891 2141 Sacram
934 2099 1121 2149 Cenam,
1155 2113 1206 2140 ac
1249 2114 1328 2153 per
1364 2099 1442 2140 illa
1478 2099 1722 2140 salvandos

222 2177 348 2204 esse:
382 2163 463 2204 sed
495 2177 597 2205 cum
623 2163 892 2217 exploratur
918 2165 1012 2204 vita
1039 2156 1207 2212 eorum,
1235 2169 1425 2216 apparet
1458 2176 1511 2203 ea
1543 2176 1722 2216 prorsus

226 2226 482 2278 infernalis;
529 2227 650 2280 quod
694 2240 859 2280 nempe
902 2227 1028 2267 nihili
1069 2227 1257 2267 fecerint
1291 2227 1564 2274 inimicitias,
1598 2225 1723 2267 nihili

223 2290 393 2337 odium,
430 2289 556 2330 nihili
588 2288 828 2338 vindictas,
864 2290 990 2330 nihili
1024 2296 1164 2339 astus,
1200 2289 1326 2330 nihili
1362 2289 1723 2330 machinationes

223 2353 435 2403 dolosas;
477 2359 668 2402 rectum,
702 2354 942 2402 sincerum,
971 2353 1158 2406 justum,
1187 2367 1300 2407 quae
1332 2353 1548 2401 fecerunt,
1578 2352 1724 2392 solum

222 2418 268 2457 in
297 2423 492 2457 externa
517 2416 660 2457 forma
691 2416 909 2465 fecerunt,
938 2417 998 2457 ob
1029 2430 1211 2457 causam
1244 2423 1293 2457 ut
1325 2422 1574 2470 appareant
1607 2409 1723 2456 tales

225 2479 409 2528 mundo,
428 2486 476 2520 at
498 2480 686 2520 interius
708 2480 753 2520 in
775 2493 824 2520 se
842 2493 921 2520 seu
943 2481 987 2520 in
1010 2493 1091 2520 suo
1108 2480 1266 2533 spiritu
1284 2481 1602 2532 cogitaverunt
1621 2479 1723 2527 alia,

223 2556 275 2583 ac
308 2541 440 2582 multi
471 2543 714 2590 contraria,
742 2543 984 2583 credentes
1016 2543 1137 2595 quod
1169 2544 1475 2595 cogitationes
1502 2549 1548 2583 et
1574 2543 1724 2583 inten-

222 2607 372 2646 tiones
414 2604 526 2645 nihil
567 2605 753 2653 faciant,
787 2606 928 2646 modo
960 2618 1113 2646 coram
1150 2605 1322 2645 mundo
1358 2619 1448 2645 non
1486 2605 1722 2646 eluceant:

222 2668 328 2709 inde
348 2674 419 2708 est
441 2667 563 2721 quod
583 2669 767 2721 spiritus
786 2682 954 2717 eorum,
976 2681 1076 2708 cum
1095 2668 1272 2709 solutus
1289 2675 1359 2709 est
1382 2682 1409 2708 a
1425 2667 1605 2708 vinculo
1623 2681 1723 2708 cum

225 2745 415 2785 corpore
447 2732 667 2780 terrestri,
695 2731 801 2772 talis
833 2732 919 2782 sit;
962 2745 1066 2772 nam
1099 2732 1281 2785 spiritus
1313 2731 1508 2772 hominis
1545 2738 1614 2772 est
1652 2732 1723 2784 qui

223 2795 403 2848 cogitat
427 2800 474 2835 et
500 2794 714 2835 intendit.
775 2794 837 2835 Hi
863 2801 967 2836 sunt
994 2795 1068 2849 qui
1093 2795 1411 2848 intelliguntur
1436 2809 1514 2849 per
1541 2794 1723 2835 Domini

223 2858 374 2907 verba,

289 2967 312 3011 ‘¹‘
323 2965 429 2998 Multi
453 2966 572 2997 dicent
597 2965 687 2998 Mihi
712 2966 748 2997 in
773 2966 837 2998 illo
861 2967 930 3004 die,
960 2966 1126 3004 Domine,
1155 2966 1324 3004 Domine,
1352 2976 1474 2998 nonne
1499 2976 1562 3006 per
1586 2975 1720 2996 nomen

394 3015 493 3041 tuum
511 3010 813 3050 prophetavimus,
827 3016 862 3042 et
879 3020 943 3051 per
959 3020 1091 3042 nomen
1109 3016 1207 3042 tuum
1225 3011 1418 3042 daemonia
1433 3010 1616 3050 ejecimus,
1631 3015 1666 3041 et
1683 3010 1719 3041 in
