2060 3476
311 379 390 422 302
722 379 1054 412 APOCALYPSIS
1087 380 1386 412 EXPLICATA.

309 490 414 532 alibi
451 491 494 532 in
525 490 727 532 Psalmis
760 491 1030 545 intelligitur
1067 492 1303 541 Dominus,
1337 491 1457 546 quod
1495 491 1615 533 clare
1646 492 1799 534 videre

313 560 502 607 possunt
535 554 599 594 illi
631 555 703 612 qui
735 554 1029 608 spiritualiter
1059 554 1322 608 intelligunt
1355 554 1572 603 Verbum,
1595 556 1685 603 ‚sed
1717 556 1798 596 ob-

310 629 436 657 scure
462 616 525 657 illi
547 618 619 670 qui
643 617 780 658 modo
802 618 1095 668 naturaliter;
1128 623 1260 671 prout
1287 618 1331 658 in
1357 617 1426 657 his
1449 617 1567 671 apud
1590 618 1797 667 eundem,

379 714 401 726 ¹⁴
413 712 622 744 Sacerdotes
651 713 701 744 tui
730 713 923 745 induentur
949 713 1097 754 justitia,
1125 720 1160 745 et
1191 711 1306 744 sancti
1335 713 1384 745 tui
1412 713 1625 753 jubilabunt,
1656 719 1802 754 propter

487 756 661 788 Davidem
680 767 821 788 servum
841 763 952 793 tuum,
973 767 1017 788 ne
1035 763 1176 788 avertas
1193 757 1302 788 facies
1321 754 1429 788 Untsti
1447 757 1496 788 tui
1511 766 1534 793 ς.
1550 781 1556 788 .
1571 781 1578 789 .
1594 756 1656 788 ‚ibi
1673 756 1802 796 germi-

485 810 571 831 nare
588 800 716 832 faciam
734 810 844 832 cornu
860 801 1000 838 Davidi,
1014 801 1202 840 disponam
1221 800 1402 831 lucernam
1423 798 1542 832 Uncto
1559 810 1640 831 meo
1645 824 1736 838 .....
1744 810 1801 832 su-

487 853 551 884 per
570 843 654 884 Ipso
672 844 812 876 florebit
829 854 962 875 corona
982 844 1098 884 Ipsius
1110 843 1128 855 ’'
1145 844 1292 884 (Psalm.
1309 843 1437 875 cxxxii.
1454 853 1485 884 9,
1504 852 1554 881 10,
1573 851 1623 882 17,
1641 842 1715 883 18);

310 931 448 971 etiam
493 931 551 972 ibi
597 931 866 984 intelligitur
908 931 1128 971 Dominus
1170 945 1248 984 per
1290 934 1315 951 “
1336 931 1557 972 Davidem
1573 930 1593 946 ’'
1633 936 1678 972 et
1724 944 1802 984 per

314 992 593 1041 “Un&um,’'
616 1008 720 1034 nam
744 995 894 1047 agitur
915 994 971 1035 de
995 995 1100 1047 Ipso
1126 994 1169 1034 in
1195 1008 1250 1035 eo
1276 994 1466 1047 psalmo,
1491 1000 1540 1035 ut
1563 994 1802 1035 manifeste

310 1063 440 1110 patet
467 1057 524 1097 ab
550 1057 928 1098 antecedentibus
955 1057 1027 1106 ibi,
1056 1057 1129 1098 ubi
1155 1057 1331 1106 dicitur,

380 1152 550 1194 “Juravit
574 1152 731 1194 Jehovae
736 1178 828 1191 .....
837 1153 866 1185 si
895 1153 1026 1184 dedero
1054 1163 1220 1185 somnum
1246 1153 1357 1185 oculis
1384 1154 1474 1185 meis
1479 1178 1570 1192 .....
1578 1163 1690 1194 usque
1718 1154 1801 1185 dum

485 1197 655 1227 invenero
680 1197 796 1227 locum
821 1196 990 1238 Jehovae,
1011 1197 1214 1228 habitacula
1236 1196 1319 1228 forti
1337 1197 1481 1238 Jacobi;
1505 1206 1585 1228 ecce
1602 1197 1802 1228 audivimus

484 1241 528 1271 de
548 1239 600 1271 Eo
617 1241 652 1271 in
673 1240 877 1280 Ephrathah
889 1240 907 1252 ‘¹
925 1240 1182 1280 (Bethlechem)
1186 1265 1278 1278 .....
1290 1241 1535 1280 “intrabimus
1549 1241 1585 1272 in
1602 1241 1804 1272 habitacula

487 1283 613 1324 Ipsius,
631 1283 894 1316 incurvabimus
912 1294 979 1316 nos
997 1284 1151 1315 scabello
1169 1284 1297 1324 pedum
1318 1284 1434 1324 Ipsius
1446 1284 1463 1295 ’'
1480 1284 1584 1324 (vers.
1600 1292 1629 1322 2,
1644 1284 1733 1324 4-7).

311 1371 378 1413 Ut
403 1371 550 1412 David
568 1378 932 1425 repraesentaret
952 1371 1197 1412 Dominum
1215 1372 1363 1426 quoad
1383 1372 1596 1413 Divinum
1614 1372 1799 1421 Verum,

311 1435 413 1476 ideo
446 1434 589 1475 voluit
628 1435 850 1475 Dominus
887 1436 1010 1476 nasci
1048 1449 1106 1476 ex
1144 1435 1281 1475 domo
1319 1435 1506 1476 Davidis
1542 1442 1588 1476 et
1626 1449 1802 1489 quoque

311 1498 397 1539 dici
427 1498 653 1539 “Davidis
681 1498 860 1546 Filius,”
890 1498 1074 1552 “Stirps
1101 1504 1146 1539 et
1174 1498 1457 1552 Progenie5‚''
1484 1505 1580 1539 tum
1610 1498 1801 1539 “Radix

309 1561 491 1614 jischaji
510 1560 544 1611 ;’'
576 1561 654 1602 sed
682 1575 783 1602 cum
811 1561 1031 1601 Dominus
1058 1562 1185 1602 exuit
1212 1561 1458 1602 humanum
1485 1575 1543 1602 ex
1571 1567 1730 1610 matre,
1754 1566 1801 1601 et

311 1624 455 1665 induit
482 1623 741 1664 Humanum
770 1638 828 1665 ex
862 1624 1009 1673 Patre,
1038 1624 1157 1678 quod
1185 1629 1254 1665 est
1282 1623 1495 1664 Divinum
1524 1624 1799 1673 Humanum,

311 1693 418 1727 tunc
442 1700 532 1727 non
555 1686 882 1740 amplius-filius
905 1686 1022 1727 illius
1044 1687 1138 1728 fuit.
1190 1686 1291 1728 Hoc
1315 1686 1584 1741 intelligitur
1605 1701 1684 1741 per
1706 1686 1801 1728 Do·-

311 1750 417 1790 mini
444 1749 583 1790 verba
609 1749 666 1790 ad
694 1749 973 1797 Pharisaeos,

375 1845 480 1888 Jesus
497 1846 585 1877 dixit
601 1845 813 1883 pharisaeis,
834 1847 856 1860 ‘¹
869 1846 961 1887 Quid
976 1846 1078 1878 vobis
1092 1847 1232 1878 videtur
1248 1847 1292 1878 de
1310 1846 1477 1879 Christo?
1499 1845 1600 1887 cujus
1617 1846 1709 1879 filius
1726 1848 1804 1879 est?

487 1889 662 1921 Dixerunt
682 1889 765 1930 Ipsi,
788 1889 946 1922 Davidis.
999 1889 1098 1921 Dixit
1114 1890 1177 1926 eis.
1199 1890 1390 1931 Quomodo
1417 1890 1534 1922 David
1558 1900 1622 1931 per
1638 1891 1801 1931 spiritum

484 1939 588 1964 vocat
603 1933 725 1973 Ipsum
742 1933 961 1966 Dominum?
982 1933 1116 1971 dicens,
1133 1933 1229 1964 Dixit
1242 1933 1418 1965 Dominus
1434 1933 1590 1965 Domino
1604 1943 1696 1972 meo,
1711 1933 1801 1965 Sede

484 1977 529 2008 ad
555 1977 715 2008 dextram
742 1987 858 2008 meam
883 1987 994 2017 usque
1019 1977 1102 2008 dum
1131 1987 1285 2017 posuero
1313 1977 1476 2008 inimicos
1501 1983 1581 2008 tuos
1606 1977 1800 2008 scabellum

484 2021 615 2061 pedum
640 2026 803 2052 tuorum:
830 2021 859 2052 si
877 2030 962 2061 ergo
982 2021 1098 2052 David
1115 2027 1219 2052 vocat
1246 2021 1366 2061 Ipsum
1393 2020 1600 2059 Dominum,
1621 2021 1801 2061 quomodo

483 2063 575 2095 filius
593 2063 670 2104 ejus
689 2070 742 2095 est
752 2063 786 2096 ?”
803 2063 947 2104 (stlattlz.
963 2064 1046 2096 xxii.
1061 2072 1168 2103 42—45
1185 2074 1191 2102 ;
1216 2064 1300 2096 Luc.
1318 2074 1375 2096 xx.
1390 2063 1526 2104 41-44.)

310 2153 445 2208 Quod
465 2155 685 2196 Dominus
703 2154 1023 2208 glorifica-‚verit
1045 2154 1304 2196 Humanum
1324 2168 1465 2204 suum,
1482 2155 1568 2196 hoc
1587 2161 1671 2204 est,
1688 2169 1799 2196 exu-

310 2219 394 2259 erit
421 2218 665 2258 humanum
698 2232 766 2271 ex·
785 2224 930 2259 matre
961 2232 1012 2259 ac
1045 2218 1240 2258 induerit
1275 2217 1535 2258 Humanum
1565 2232 1623 2259 ex
1652 2218 1800 2266 Patre,

308 2281 427 2335 quod
460 2287 530 2322 est
560 2281 771 2321 Divinum
803 2280 1078 2330 Humanum,
1106 2282 1312 2321 videatur
1338 2282 1382 2321 in
1406 2280 1625 2321 Domina
1649 2280 1803 2322 Novae
1865 2304 1868 2307 ·

306 2342 648 2395 Hierosolymae
664 2352 708 2391 (n.
725 2359 874 2390 293-295·
891 2353 1055 2390 298-310.)
1104 2342 1217 2382 Inde
1235 2348 1305 2382 est
1324 2342 1445 2395 quod
1463 2355 1554 2382 non
1571 2342 1687 2382 filius
1705 2342 1800 2382 Da-

307 2404 422 2444 vidis
449 2410 584 2452 esset,
613 2405 727 2444 sicut
756 2417 836 2444 nec
864 2403 978 2443 filius
1005 2403 1189 2452 Mariae,
1215 2416 1347 2457 quam
1375 2404 1476 2444 ideo
1503 2417 1593 2444 non
1619 2405 1800 2445 vocavit

307 2466 430 2507 illam
458 2473 652 2507 matrem
679 2480 819 2516 suam,
849 2466 927 2507 sed
958 2466 1262 2507 “mulierem”

372 2563 515 2613 (Mattli.
532 2563 591 2594 xii.
606 2564 716 2646 46839
731 2574 738 2595 :
765 2564 878 2595 Marc.
894 2563 941 2595 iii.
957 2571 996 2602 31
1009 2564 1054 2594 ad
1066 2563 1141 2596 fin.:
1167 2564 1250 2596 Luc.
1265 2563 1337 2596 viii.
1355 2571 1480 2603 19-21:
1509 2563 1591 2605 Joh.
1605 2563 1641 2595 ii.
1654 2572 1696 2603 4;
1720 2572 1798 2604 cap.

479 2617 550 2638 xix.
567 2614 619 2645 25,
636 2615 653 2637 2
696 2632 702 2638 .
1224 2608 1229 2619 “

308 2696 442 2750 Quod
484 2690 628 2737 simile
669 2696 953 2750 intelligatur
998 2711 1078 2750 per
1117 2696 1331 2738 “clavem
1373 2696 1525 2737 Petri’'
1565 2696 1684 2750 quod
1721 2710 1800 2750 per

310 2764 335 2781 ‘⁴
348 2759 524 2800 clavem
544 2759 771 2807 Davidis‚’'
790 2773 952 2813 nempe
970 2760 1089 2813 quod
1113 2760 1310 2800 Domino
1327 2761 1384 2800 sit
1403 2760 1548 2809 omnis
1572 2765 1796 2813 potestas,

307 2829 354 2864 et
380 2822 500 2877 quod
527 2822 617 2875 Ipsi
644 2828 851 2875 potestas
878 2824 935 2863 sit
963 2837 1041 2876 per
1068 2822 1280 2865 Divinum
1309 2836 1435 2864 suum
1458 2822 1644 2870 Verum,
1673 2822 1797 2862 vide-

306 2886 426 2927 bitur
451 2886 495 2926 in
523 2898 639 2925 nunc
667 2886 874 2938 sequenti
900 2885 1104 2926 articulo.

385 2951 520 2992 206.
550 2954 574 2972 “
585 2950 780 3002 Aperiens
796 2954 840 2990 et
852 2964 967 2991 nemo
983 2951 1150 2998 claudit,
1167 2955 1212 2991 ot
1224 2950 1379 2991 claudit
1389 2954 1433 2991 et
1445 2962 1559 2991 nemo
1573 2948 1799 3002 aper-ltfu-

308 3011 441 3066 Quod
474 3011 696 3065 significet
729 3011 1056 3054 intromittendi
1086 3012 1131 3054 in
1162 3012 1324 3054 caelum
1355 3025 1499 3053 omnes
1529 3011 1609 3065 qui
1634 3010 1680 3052 in
1698 3010 1797 3065 fide
