2060 3476
624 380 730 414 CAP.
754 380 839 420 111.,
864 379 1001 448 yERs.
1027 372 1172 411 8.-N.
1197 368 1363 424 208[b].
1547 340 1551 341 ⁷
1661 366 1758 423 307‘

241 494 427 544 bonum,
456 509 534 549 per
559 494 678 536 viam
705 508 729 535 e
755 493 925 534 mundo
951 493 1253 534 introducitur
1277 506 1445 533 verum.
1508 491 1758 545 Quantum'

241 558 314 599 via
339 571 364 599 e
390 558 519 599 caelo
545 564 704 612 aperta
729 564 800 599 est
827 556 946 611 apud
973 556 1204 597 hominem
1231 563 1411 597 tantum
1438 555 1577 597 homo
1603 555 1743 597 affici-

242 627 315 662 tur
345 635 453 662 vero
485 628 532 663 et
563 621 614 663 fit
644 620 894 669 rationalis,
929 620 1016 660 hoc
1049 626 1133 668 est,
1162 626 1342 661 tantum
1374 619 1499 660 videt
1532 633 1686 660 verum
1718 633 1745 660 a

242 683 343 725 luce
361 685 479 725 veri:
514 685 550 726 si
572 691 725 726 autem
748 685 819 725 via
841 697 865 724 e
889 682 1018 724 caelo
1040 682 1194 724 clausa
1216 689 1302 731 est,
1326 682 1466 723 homo
1489 696 1580 723 non
1603 683 1743 723 ratio—

243 747 358 788 nalis
390 747 466 800 fit;
500 761 605 789 nam
637 761 728 789 non
754 747 879 788 videt
906 760 1075 794 verum,
1104 753 1151 787 et
1184 753 1339 787 tamen
1366 760 1522 787 verum
1552 760 1612 787 ex
1644 746 1745 787 luce

241 813 335 853 veri
366 812 472 854 facit
499 811 747 853 rationale:
780 811 1039 852 ratiocinari
1065 811 1246 864 quidem
1278 816 1434 863 potest
1463 810 1520 851 de
1546 823 1668 858 vero,
1697 816 1744 851 et

243 888 303 916 ex
329 876 678 916 ratiocinatione
699 880 778 915 aut
801 888 860 918 ex
883 874 1100 914 memoria
1127 873 1248 927 loqui
1270 874 1327 914 de
1349 873 1427 914 illo
1445 888 1454 924 ;
1487 874 1567 914 sed
1590 875 1744 915 videre
1789 873 1791 875 ’

243 952 350 979 num
382 953 537 980 verum
574 940 646 988 sit,
681 952 773 979 non
810 944 980 991 potest.
1043 937 1260 990 Cogitare
1298 937 1415 994 bene
1449 937 1505 978 de
1543 937 1744 978 Domino

243 1008 291 1043 et
322 1002 378 1043 de
410 1003 620 1056 proximo
651 999 796 1055 aperit
822 1002 942 1041 viam
972 1014 996 1041 e
1022 1000 1168 1049 caelo,
1197 1006 1245 1041 at
1273 1001 1478 1053 cogitare
1504 1014 1594 1041 non
1627 1001 1744 1041 bene

243 1066 300 1107 de
324 1066 522 1106 Domino
544 1078 596 1106 ac
620 1064 739 1106 male
762 1064 818 1105 de
840 1064 1050 1118 proximo
1072 1063 1242 1104 claudit
1266 1063 1404 1104 illam.
1468 1062 1586 1117 Quia
1611 1064 1744 1104 binae

243 1130 342 1170 viae
378 1130 422 1170 in
460 1129 693 1170 hominem
724 1128 911 1176 ducunt,
945 1128 1085 1168 etiam
1117 1127 1250 1168 binae
1277 1127 1441 1180 januae
1473 1141 1552 1168 seu
1583 1134 1744 1180 portae

244 1199 349 1234 sunt
376 1206 455 1247 per
475 1206 585 1247 quas
606 1191 657 1232 fit
682 1191 983 1232 intromissio:
1018 1205 1097 1244 per
1123 1197 1303 1244 portam
1326 1205 1405 1232 seu
1422 1191 1607 1244 januam
1630 1205 1745 1245 quae

244 1262 373 1310 patet
395 1270 420 1297 e
443 1254 585 1303 caelo,
609 1255 749 1295 intrat
773 1252 950 1295 affeffio
972 1255 1064 1295 veri
1087 1254 1331 1308 spiritualis
1353 1268 1379 1295 a
1403 1254 1616 1303 Domino,
1641 1255 1745 1308 quia

245 1333 324 1373 per
349 1319 475 1360 illam
502 1319 644 1359 intrat
676 1318 860 1366 bonum,
889 1323 938 1358 ut
965 1331 1098 1371 supra
1124 1316 1293 1359 di&um
1320 1324 1404 1366 est,
1433 1324 1480 1359 et
1506 1319 1654 1358 omnis
1679 1318 1744 1359 af-

243 1380 378 1423 feAEtio
408 1382 502 1423 veri
534 1381 777 1435 spiritualis
809 1387 881 1422 est
913 1395 940 1422 a
971 1381 1118 1432 bono;
1157 1395 1236 1435 per
1267 1387 1447 1434 portam
1479 1387 1634 1437 autem
1667 1395 1745 1423 seu

239 1445 422 1500 januam
441 1459 555 1500 quae
577 1450 706 1499 patet
730 1459 754 1485 e
777 1445 962 1494 mundo,
982 1445 1122 1486 intrat
1146 1446 1297 1485 omnis*
1315 1445 1520 1497 cognitio
1542 1458 1566 1485 e
1590 1444 1759 1486 Verbo

244 1515 290 1550 et
317 1524 376 1551 ex
408 1509 750 1563 praedicatione
781 1509 899 1558 inde,
928 1509 1031 1563 quia
1062 1521 1140 1562 per
1172 1508 1296 1549 illam
1329 1509 1470 1548 intrat
1496 1521 1667 1557 verum,
1695 1515 1746 1550 ut

245 1573 384 1613 etiam
411 1586 545 1626 supra
575 1570 745 1612 dictum
777 1578 874 1622 est;
908 1585 1013 1612 nam
1040 1572 1329 1624 cognitiones
1361 1585 1386 1612 e
1418 1571 1574 1612 Verbo
1606 1578 1653 1612 et
1685 1585 1745 1612 ex

245 1637 582 1690 praedicatione
608 1636 713 1676 inde
739 1642 843 1676 sunt
870 1649 989 1676 vera.
1051 1633 1248 1676 Affefflo
1274 1636 1367 1676 veri
1394 1634 1638 1688 spiritualis
1664 1635 1746 1676 ad-

240 1698 396 1753 juncta
422 1699 759 1752 cognitionibus
791 1698 878 1739 illis
909 1698 1015 1739 facit
1042 1698 1265 1740 rationale
1297 1698 1506 1747 hominis,
1535 1712 1586 1739 ac
1620 1698 1745 1739 illus-

245 1769 338 1805 trat
360 1763 471 1804 illud
494 1762 743 1804 secundum
761 1762 894 1816 quale
911 1763 1004 1803 veri
1022 1760 1248 1815 conjuncti
1271 1762 1406 1811 bono,
1427 1768 1473 1803 et
1497 1762 1746 1803 secundum

244 1826 377 1881 quale
395 1824 738 1879 conjumstionis.
803 1825 931 1866 Haec
956 1839 1099 1879 pauca
1121 1825 1177 1866 de
1200 1826 1315 1866 binis
1333 1825 1479 1878 januis
1502 1839 1580 1866 seu
1602 1826 1745 1879 portis

245 1890 302 1931 ad
328 1889 560 1930 hominem
588 1888 709 1930 dicta
735 1896 885 1930 sunto.

334 1953 420 2006 [110]
468 1951 695 2006 Quoniam
716 1952 951 2005 “januae,”
969 1952 1157 1993 “ostia”
1175 1958 1222 1993 et
1244 1955 1441 2006 “portae
1453 1951 1472 1966 ”
1486 1951 1746 2005 significant

245 2016 630 2057 intromissionem
652 2016 696 2056 in
715 2015 891 2056 caelum
914 2021 960 2059 et
983 2016 1027 2056 in
1050 2015 1307 2064 ecclesiam,
1327 2015 1429 2056 ideo
1447 2016 1586 2056 etiam
1606 2016 1745 2068 signi-

244 2078 382 2120 ficant
405 2093 512 2120 vera
533 2093 593 2120 ex
619 2079 741 2120 bono
764 2093 878 2133 quae
904 2093 931 2120 a
958 2078 1172 2128 Domino,
1197 2079 1299 2133 quia
1326 2092 1405 2132 per
1426 2078 1503 2119 illa
1529 2077 1579 2119 fit
1602 2079 1745 2119 intro-

245 2142 412 2191 missio,
441 2149 489 2184 ut
516 2143 560 2183 in
587 2143 880 2197 sequentibus
907 2142 976 2183 his
1003 2142 1114 2199 locis
1131 2141 1342 2195 2-Apud
1368 2141 1574 2191 Esaiam,

313 2244 321 2258 ¹
329 2244 336 2257 ⁸
346 2242 495 2284 Aperite
505 2249 627 2284 portas
638 2249 676 2275 ut
687 2243 906 2284 ingrediatur
916 2253 1006 2284 gens
1017 2243 1113 2284 justa
1124 2243 1329 2275 custodiens
1341 2242 1530 2274 fidelitates
1541 2241 1560 2254 ”
1570 2242 1678 2283 (xxvi.
1692 2241 1725 2283 2)
1738 2252 1746 2281 ;

245 2337 494 2378 secundum
516 2352 698 2379 sensum
725 2338 906 2380 litterae
929 2345 1000 2380 est
1019 2330 1149 2393 quod*
1162 2338 1400 2379 admissuri
1422 2338 1466 2378 in
1489 2337 1621 2378 urbes
1643 2337 1746 2378 illos

245 2401 320 2454 qui
355 2400 464 2453 justi
500 2407 547 2442 et
584 2401 741 2442 fideles
778 2409 897 2451 sunt,
936 2409 983 2443 at
1022 2402 1270 2443 secundum
1303 2415 1485 2442 sensum
1518 2402 1746 2442 internum

247 2469 297 2504 ut
329 2464 374 2504 in
406 2463 661 2514 ecclesiam,
689 2468 888 2519 “portae
903 2465 923 2480 ''
952 2466 1071 2506 enim
1104 2464 1362 2518 significant
1394 2465 1745 2514 admissionem;

248 2530 401 2580 “gens
422 2526 576 2579 justa’'
599 2528 824 2581 significat
850 2528 953 2569 illos
975 2529 1049 2582 qui
1075 2529 1119 2569 in
1146 2529 1282 2577 bono,
1310 2528 1610 2569 “custodiens
1636 2527 1746 2568 fide-

246 2589 432 2632 litates''
458 2590 684 2644 significat
711 2592 785 2646 qui
810 2592 914 2633 inde
941 2593 985 2632 in
1011 2593 1140 2633 veris.
1202 2591 1341 2645 Apud
1369 2591 1578 2640 eundem,

317 2686 523 2728 '‘Aperient
546 2693 668 2728 portas
684 2693 764 2719 tuas
781 2687 923 2728 jugiter,
944 2687 1099 2719 interdiu
1115 2693 1150 2720 et
1167 2686 1277 2719 noctu
1293 2698 1367 2719 non
1385 2668 1609 2729 claudentur,⁴
1624 2687 1671 2718 ad
1686 2687 1748 2718 ad-

419 2730 621 2762 ducendum
638 2731 684 2763 ad
708 2731 759 2763 Te
783 2732 977 2763 exercitum
1002 2731 1174 2772 gentium,
1195 2737 1230 2763 et
1247 2742 1349 2772 reges
1366 2741 1489 2763 earum
1506 2731 1746 2768 deducentur;

419 2784 460 2806 ac
477 2785 566 2815 gens
583 2781 645 2806 aut
661 2785 812 2815 regnum
829 2785 919 2816 quae
937 2786 1010 2807 non
1028 2776 1206 2807 servirent
1223 2775 1304 2807 Tibi
1322 2776 1489 2816 peribunt
1500 2786 1524 2808 ε.
1540 2800 1548 2807 .
1562 2800 1569 2807 .
1583 2774 1752 2807 ,vocabis-

419 2819 571 2850 salutem
589 2829 711 2851 muros
728 2825 820 2857 tuos,
840 2825 876 2851 et
893 2825 1015 2860 portas
1033 2825 1112 2851 tuas
1129 2819 1272 2851 laudem
1284 2819 1302 2831 ”
1319 2819 1380 2860 (lx.
1400 2828 1450 2857 11,
1470 2828 1521 2857 12,
1540 2818 1614 2859 18);

244 2907 394 2960 agitur
418 2907 478 2948 ibi
504 2907 561 2949 de
588 2907 802 2957 Domino,
827 2914 874 2949 et
901 2907 957 2949 de
983 2907 1178 2949 ecclesia
1203 2908 1261 2949 ab
1287 2908 1394 2962 Ipso
1419 2907 1743 2958 instauranda3

244 2976 291 3011 et
313 2983 392 3024 per
408 2969 486 3011 illa
503 2970 773 3012 describitur
787 2971 1003 3012 admissio
1021 2978 1241 3026 perpetua
1262 2971 1440 3012 illorum
1458 2972 1532 3025 qui
1554 2971 1598 3011 in
1620 2970 1742 3011 bono

244 3039 291 3075 et
317 3034 422 3075 inde
443 3035 560 3075 veris
587 3040 717 3076 sunt:
751 3047 830 3089 per
851 3034 972 3089 quod
998 3038 1197 3089 “portae
1223 3035 1481 3089 aperientur
1501 3033 1670 3087 jugiter
1695 3039 1743 3075 et
