2060 3476
723 341 829 373 CAP.
853 340 913 381 V„
936 339 1074 373 vERs.
1102 339 1245 384 5.—N.
1272 341 1364 384 309.
1709 339 1785 385 535

375 453 514 506 308·
556 452 692 494 “vicit
705 452 813 499 mihi,
833 452 890 493 He
913 451 1243 505 ffeto.'¹—Quod
1266 451 1488 506 significet
1511 465 1562 492 ne
1581 452 1646 492 sit
1665 451 1791 492 dolor

297 511 413 560 inde,
440 518 625 553 constat
651 526 711 552 ex
735 510 1070 564 significatione
1099 510 1284 559 “flere,'’
1306 511 1428 564 quod
1450 511 1508 552 sit
1530 510 1663 551 dolor
1687 524 1787 551 cor-

297 571 381 620 dis,
407 578 457 613 ut
487 585 622 625 supra
654 570 717 625 (n.
745 570 877 624 306);
917 570 977 611 ob
1009 583 1145 625 quam
1177 584 1379 620 causam,
1409 571 1620 611 videatur
1647 570 1787 611 etiam

296 631 372 672 ibi.

374 704 515 748 3⁰9.
557 694 701 735 “Ecce
718 693 811 734 vicit
826 692 1138 746 least—Quod
1164 692 1387 746 significet
1403 692 1658 741 Dominum,
1675 692 1795 746 quod

296 770 352 797 ex
368 755 564 809 propria
575 755 775 808 potentia
796 754 1102 809 subjugaverit
1124 754 1318 806 inferna,
1341 760 1384 794 et
1403 754 1625 806 redegerit
1644 754 1790 794 omnia

296 818 362 859 ibi
377 824 420 859 et
437 818 483 859 in
503 817 634 859 caelis
656 818 702 858 in
722 818 934 866 ordinem,
955 823 1139 858 constat
1161 831 1221 858 ex
1244 815 1576 870 significatione
1597 820 1622 837 “
1635 818 1787 857 vince-

295 881 382 929 re,''
396 894 498 922 cum
520 881 576 921 de
599 881 812 929 Domino,
832 880 967 934 quod,
986 893 1087 921 cum
1110 880 1153 920 in
1176 879 1346 920 mundo
1368 878 1464 927 fuit,
1480 878 1786 932 subjugaverit

295 943 480 992 inferna,
503 956 555 984 ac
581 943 808 996 redegerit
834 943 894 984 ibi
920 949 966 984 et
998 943 1043 983 in
1068 941 1206 984 caelis
1238 942 1389 983 omnia
1420 942 1464 982 in
1496 942 1714 989 ordinem,
1739 949 1784 982 et

294 1006 382 1047 hoc
413 1020 492 1060 per
522 1007 805 1047 tentationes
837 1007 881 1046 in
920 1005 1182 1046 Humanum
1214 1018 1343 1045 suum
1375 1005 1597 1045 admissas
1629 1012 1676 1046 et
1713 1019 1790 1059 per

295 1067 536 1108 continuas
567 1072 675 1118 tunc
705 1066 919 1107 Viffllol'iaS
950 1077 1006 1116 (de
1026 1086 1091 1114 qua
1109 1086 1142 1105 re
1162 1077 1308 1105 videatur
1322 1076 1352 1105 in
1375 1076 1532 1105 Dot'trina
1551 1077 1660 1105 Novae
1679 1077 1791 1105 Hiero-

293 1131 437 1168 solymae,
453 1139 484 1160 n.
500 1139 652 1168 2932294.
667 1139 737 1168 301,
753 1131 855 1170 302);
898 1119 985 1160 hoc
1025 1120 1182 1173 itaque
1222 1117 1501 1172 significatur
1541 1132 1620 1172 per
1652 1120 1788 1159 “vin-

294 1181 436 1230 cere,'‘
466 1195 567 1222 cum
599 1181 655 1222 de
688 1181 911 1222 Domino:
955 1187 1002 1221 et
1035 1182 1137 1234 quia
1170 1181 1391 1221 Dominus
1422 1179 1500 1220 illa
1530 1178 1698 1221 fecerat
1731 1195 1789 1221 ex

295 1245 473 1298 propria
487 1245 710 1298 potentia,
727 1244 890 1285 dicitur
906 1247 931 1264 “
945 1243 1081 1292 Leo,''
1096 1257 1201 1284 nam
1222 1243 1333 1284 “leo
1348 1242 1368 1258 ’'
1382 1242 1607 1296 significat
1626 1250 1789 1296 poten-

295 1307 407 1348 tiam
435 1306 662 1361 (videatur
692 1320 840 1360 supra,
868 1320 910 1346 n.
938 1306 1056 1360 278).
1119 1305 1254 1359 Quod
1282 1306 1505 1346 Dominus
1531 1305 1608 1346 illa
1633 1305 1787 1346 fecerit

294 1384 355 1411 ex
381 1371 559 1424 propria
584 1371 806 1423 potentia,
834 1375 994 1410 notum
1021 1375 1091 1410 est
1117 1383 1177 1410 ex
1200 1368 1383 1419 Verbo;
1426 1368 1507 1409 sed
1533 1369 1636 1422 quia
1652 1370 1790 1422 'pauci

294 1433 339 1474 id
367 1434 533 1482 sciunt,
565 1432 702 1474 velim
733 1432 901 1487 aliquid
932 1432 989 1473 de
1021 1446 1075 1473 eo
1107 1433 1268 1473 dicere.
1332 1431 1461 1473 Fecit
1493 1431 1537 1472 id
1570 1431 1791 1472 Dominus

294 1510 354 1537 ex
387 1496 567 1545 Divino,
600 1495 721 1550 quod
757 1496 801 1535 in
835 1495 940 1549 Ipso
971 1509 1031 1536 ex
1063 1495 1364 1549 conceptione
1395 1501 1508 1543 erat,
1541 1494 1662 1548 quod
1694 1501 1790 1535 erat

295 1558 387 1613 Ipsi
418 1559 533 1600 sicut
565 1559 716 1599 anima
747 1565 817 1599 est
850 1558 1022 1599 homini
1053 1572 1113 1599 ex
1145 1565 1274 1612 patre
1292 1572 1302 1609 ;
1340 1564 1386 1598 et
1417 1558 1568 1598 anima
1599 1557 1791 1610 cujusvis

294 1628 508 1676 operatur
547 1636 626 1676 per
664 1635 841 1675 corpus,
886 1631 1048 1675 corpus
1094 1622 1215 1662 enim
1260 1627 1330 1662 est
1377 1620 1471 1674 ejus
1516 1621 1789 1662 obedientia.

296 1685 523 1734 Divinum,
542 1685 662 1739 quod
686 1685 776 1738 Ipsi
792 1686 944 1733 inerat
971 1699 1031 1726 ex
1053 1685 1368 1738 conceptione,
1393 1691 1491 1725 erat
1514 1698 1641 1725 suum
1666 1684 1791 1725 Divi-

295 1761 415 1797 num,
448 1748 569 1802 quod
610 1749 655 1788 in
694 1747 806 1788 Fide
839 1747 1164 1788 Athanasiana
1200 1748 1364 1789 dicitur
1395 1747 1583 1801 aequale
1626 1747 1792 1788 Divino

294 1811 415 1866 quod
439 1811 499 1852 ibi
526 1811 662 1852 Pater
686 1817 876 1852 vocatur
897 1825 906 1862 ;
939 1809 1103 1852 dicitur
1129 1811 1263 1860 enim,

365 1904 484 1952 Quod
523 1905 628 1941 sicut
665 1905 784 1940 Pater
817 1905 938 1940 etiam
977 1900 1120 1945 Filius,v
1140 1904 1330 1945 infinitus,
1358 1904 1568 1944 increatus,
1595 1911 1791 1943 aeternus.

294 1952 561 1998 omnipotens,
589 1952 708 1992 Deus,
737 1952 944 1992 Dominus,
971 1959 1012 1987 et
1046 1952 1155 1998 quod
1192 1962 1310 1987 nemo
1347 1951 1494 1986 Eorum
1527 1951 1723 1987 maximus
1753 1959 1793 1986 et

295 1999 493 2039 minimus,
512 2010 585 2035 nec
610 1999 760 2045 primus
786 2006 827 2035 et
852 1999 1028 2039 ultimus,
1054 1999 1124 2035 sed
1152 2010 1314 2045 prorsus
1338 1999 1545 2044 aequales;

296 2099 343 2134 et
370 2106 547 2147 quoque
573 2093 750 2142 dicitur,

366 2179 485 2228 Quod
513 2180 705 2215 Divinum
731 2187 772 2216 et
801 2180 1033 2215 Humanum
1062 2179 1226 2215 Domini
1254 2191 1334 2215 non
1360 2180 1442 2215 sint
1468 2180 1560 2220 duo,
1579 2180 1649 2215 sed
1676 2170 1794 2215 unica

297 2227 481 2267 Persona,
500 2234 540 2263 et
585 2228 665 2263 uod
687 2228 790 2263 sicut
812 2228 946 2262 anima
966 2234 1007 2262 et
1025 2238 1170 2273 corpus
1188 2227 1339 2262 faciunt
1357 2239 1480 2262 unum
1500 2227 1716 2267 hominem.
1739 2227 1794 2262 ita

296 2274 486 2309 Divinum
503 2281 544 2310 et
606 2286 795 2310 umanum
815 2282 877 2310 est
898 2286 1000 2310 unus
1019 2274 1216 2310 Christus.

295 2366 407 2408 Inde
425 2367 525 2408 sciri
547 2374 716 2421 potest,
736 2368 875 2409 etiam
893 2368 950 2409 ab
966 2367 1054 2409 illis
1072 2368 1146 2422 qui
1166 2367 1301 2409 fidem
1323 2367 1496 2410 habent
1515 2367 1789 2414 Athanasio.

294 2430 415 2483 quod
452 2430 672 2471 Dominus
704 2445 764 2471 ex
801 2432 982 2485 propria
1014 2432 1236 2484 potentia,
1269 2432 1372 2485 quia
1403 2445 1463 2472 ex
1495 2445 1576 2472 suo
1608 2431 1788 2476 Divino,

294 2492 373 2533 illa
402 2492 571 2534 fecerit.
650 2493 726 2534 Ex
757 2493 827 2534 his
861 2494 1099 2535 manifeste
1130 2501 1343 2535 constare
1375 2501 1531 2548 potest
1562 2495 1791 2548 quomodo

294 2555 594 2609 intelligenda
619 2561 725 2596 sunt
748 2569 862 2609 quae
890 2556 1112 2597 Dominus
1137 2556 1246 2597 dicit
1273 2557 1392 2610 apud
1418 2557 1684 2606 Johannem,

363 2653 386 2667 ‘¹
400 2651 516 2689 Pater,
532 2652 592 2693 qui
611 2652 648 2683 in
670 2651 730 2683 Me
749 2658 882 2690 manet,
899 2651 982 2693 Ipse
1002 2652 1087 2684 facit
1106 2662 1239 2693 opera;
1271 2653 1403 2685 credite
1424 2653 1515 2685 Mihi
1535 2654 1629 2695 quod
1658 2653 1734 2694 Ego
1754 2654 1791 2684 in

471 2695 589 2734 Patre.
601 2701 637 2727 et
655 2695 761 2728 Pater
777 2696 815 2727 in
833 2695 893 2728 Me
911 2695 929 2708 ''
945 2695 1031 2736 (xiv.
1047 2704 1100 2735 10,
1116 2697 1170 2738 11)
1189 2706 1198 2735 ;

294 2787 342 2823 et
366 2781 474 2823 alibi
498 2782 619 2836 apud
645 2783 857 2832 eundem,

349 2860 611 2910 ’“Amendico
628 2860 742 2899 vobis,
764 2860 845 2893 Non
863 2867 985 2902 potest
1009 2861 1119 2894 Filius
1143 2862 1260 2894 facere
1284 2863 1469 2904 quicquam
1495 2873 1516 2894 a
1540 2863 1584 2894 Se
1603 2862 1700 2903 Ipso,
1720 2863 1790 2894 nisi

467 2904 553 2945 quid
566 2904 693 2936 viderit
707 2904 849 2937 Patrem
863 2905 1053 2937 facientem
1069 2915 1076 2944 ;
1100 2916 1190 2947 quae
1204 2916 1357 2948 namque
1374 2906 1456 2947 Ipse
1470 2906 1564 2943 facit,
1580 2907 1667 2937 haec
1680 2907 1788 2937 etiam

471 2947 581 2979 Filius
597 2948 760 2980 similiter
772 2948 856 2980 facit
868 2960 875 2980 :
885 2974 893 2981 .
907 2974 916 2981 .
929 2974 937 2981 .
952 2950 1267 2990 ‚quemadmodum
1284 2950 1390 2982 Pater
1405 2951 1552 2982 suscitat
1569 2955 1728 2981 mortuos
1751 2957 1786 2981 et

470 2991 637 3028 vivificat,
663 2991 713 3023 ita
736 2992 842 3024 etiam
869 2992 978 3024 Filius
1002 3003 1091 3034 quos
1116 2993 1190 3025 vult
1214 2993 1405 3032 vivificat;.
1420 3019 1428 3026 .
1442 3019 1448 3026 .
1464 3018 1471 3026 .
1485 2995 1782 3037 quemadmodum
