2060 3476
302 353 384 406 364
712 358 1044 391 APOCALYPSIS
1075 358 1374 391 EXPLICATA.

300 474 419 528 quod
450 486 528 527 per
555 473 802 513 “miserum
834 477 880 512 et
907 470 1178 524 pauperem”
1204 471 1340 511 etiam
1372 470 1441 510 hic
1474 469 1784 523 intelligantur

299 538 371 591 qui
393 536 681 590 spiritualiter
697 534 812 576 tales
830 540 948 582 sunt,
967 533 1047 590 sed
1069 547 1206 587 usque
1224 533 1481 574 desiderant
1499 533 1783 586 cognitiones

298 601 390 641 veri
411 606 457 640 et
479 599 599 648 boni,
618 604 761 652 patet,
777 611 881 638 nam
898 597 1059 637 dicitur
1076 596 1195 649 quod
1215 596 1373 648 “impii
1395 595 1566 636 nudent
1584 595 1783 648 gladium

298 669 344 703 et
367 662 558 703 tendant
577 674 727 702 arcum
744 659 778 711 ;”
809 673 887 713 per
906 658 1143 711 “gladium
1156 657 1175 673 ”
1193 658 1310 698 enim
1328 656 1603 710 significatur
1624 658 1782 699 falsum

299 738 506 777 pugnans
537 730 696 765 contra
725 735 879 763 verum
916 728 962 763 et
999 734 1168 762 conans
1201 721 1430 762 destruere
1466 720 1589 769 illud,
1623 727 1669 762 et
1706 734 1785 774 per

300 786 521 828 “arcum”
558 784 762 827 doctrina
797 785 894 826 falsi
930 790 1090 825 contra
1126 780 1376 824 dostrinam
1413 783 1530 833 veri;
1574 783 1678 824 inde
1714 789 1784 825 est

298 850 417 903 quod
449 850 623 890 dicatur
654 848 773 902 quod
807 847 892 888 hoc
923 846 1090 887 faciant
1124 845 1217 886 “ad
1248 845 1542 898 dejiciendum
1575 846 1783 887 miserum

297 916 344 951 et
366 908 651 964 pauperem.”
708 919 821 957 (Quod
834 927 891 956 per
903 915 920 926 “
931 918 1073 956 gladium
1085 917 1101 926 ''
1117 916 1311 954 significetur
1323 926 1434 946 verum
1448 925 1594 954 pugnans
1606 922 1717 946 contra
1729 917 1785 962 fai-

296 983 377 1008 sum,
393 978 424 1002 et
438 974 470 1002 in
485 973 632 1011 opposito
646 981 741 1001 sensu
755 972 867 1000 falsum
882 979 1030 1008 pugnans
1045 974 1156 999 contra
1169 978 1289 1004 verum,
1303 970 1448 999 videatur
1461 978 1566 1007 supra,
1581 978 1612 999 n.
1634 970 1649 998 1
1659 969 1681 1011 3
1692 970 1706 999 1
1723 979 1730 1006 ς
1753 975 1785 999 et

297 1022 385 1059 quod
405 1030 462 1059 per
477 1024 493 1036 “
504 1029 612 1050 areum
624 1020 640 1030 ''
656 1019 847 1057 significetur
862 1019 1006 1047 doctrina
1024 1018 1056 1046 in
1071 1022 1206 1055 utroque
1220 1026 1323 1052 sensu,
1339 1017 1371 1046 in
1386 1017 1526 1046 Arcanis
1543 1017 1736 1052 Caelestibus,
1751 1026 1783 1048 n.

298 1071 386 1106 2686,
402 1072 506 1108 2709.)
563 1058 781 1100 Similiter
805 1057 913 1098 alibi
938 1057 1058 1111 apud
1084 1056 1294 1105 eundem,

364 1156 499 1196 Impius
516 1157 538 1169 ¹⁴
552 1162 756 1196 persecutus
773 1161 827 1186 est
844 1154 1010 1186 misemm
1028 1159 1063 1185 et
1080 1162 1284 1194 pauperem,
1301 1163 1341 1184 ac
1358 1151 1536 1194 dejectum
1550 1153 1654 1185 corde
1670 1153 1714 1185 ad
1732 1153 1785 1185 in-

471 1199 713 1231 terficiendum
724 1197 743 1210 ”
759 1198 904 1238 (Psalm.
921 1198 987 1230 cix.
1006 1196 1078 1237 16):

297 1275 414 1328 apud
440 1274 643 1323 Esaiam,

365 1353 387 1366 ⁸⁴
399 1351 533 1383 Stultus
550 1350 735 1382 stultitiam
760 1350 926 1391 loquitur,
946 1355 981 1381 et
997 1359 1059 1380 cor
1075 1349 1152 1390 ejus
1172 1349 1257 1380 facit
1274 1349 1495 1390 iniquitatem
1513 1349 1558 1380 ad
1582 1348 1782 1381 faciendum

470 1394 686 1436 hypocrisin,
706 1400 741 1425 et
764 1394 809 1425 ad
832 1393 1047 1434 loquendum
1065 1398 1189 1424 contra
1203 1392 1377 1434 Jehovam
1403 1402 1570 1430 errorem,
1591 1393 1635 1424 ad
1660 1402 1784 1424 evacu-

469 1438 601 1469 andum
615 1437 770 1468 animam
785 1438 1011 1474 esurientem,
1026 1446 1066 1467 ac
1080 1442 1202 1476 potum
1214 1436 1392 1467 sitientem
1407 1436 1555 1467 deficere
1568 1436 1675 1467 faciat
1688 1445 1711 1473 ς.
1726 1461 1734 1468 .
1747 1460 1755 1468 .
1769 1461 1777 1468 .

470 1482 545 1522 ipse
562 1481 722 1512 facinora
738 1481 899 1512 consulet
916 1480 960 1512 ad
978 1479 1197 1520 perdendum
1215 1479 1365 1511 miseros
1390 1489 1452 1519 per
1469 1480 1578 1510 verba
1593 1479 1780 1518 mendacii,

470 1525 612 1566 quando
629 1526 735 1556 etiam
753 1524 909 1565 loquitur
924 1533 1058 1564 pauper
1073 1523 1242 1564 judicium
1254 1522 1272 1535 ’¹
1289 1523 1410 1562 (xxxii.
1427 1523 1458 1561 6,
1476 1522 1528 1563 7);

296 1619 365 1659 hic
389 1631 466 1671 per
485 1618 707 1657 “miseros
730 1622 775 1657 et
798 1629 1014 1669 pauperes
1028 1615 1046 1632 ”
1063 1615 1268 1656 similiter
1289 1615 1604 1669 intelliguntur
1624 1616 1686 1656 illi
1709 1616 1782 1670 qui
1839 1628 1843 1632 “

296 1681 501 1722 destituti
519 1686 623 1720 sunt
641 1679 974 1732 cognitionibus
992 1679 1083 1719 veri
1101 1685 1147 1719 et
1169 1679 1273 1719 boni
1292 1693 1300 1728 ;
1333 1692 1467 1731 quare
1485 1678 1647 1719 dicitur
1663 1679 1783 1732 quod

295 1742 521 1796 improbus
560 1742 794 1782 “facinora
830 1741 1034 1782 consulat
1072 1741 1128 1782 ad
1169 1741 1445 1794 perdendum
1483 1742 1667 1782 miseros
1705 1755 1784 1795 per

294 1806 430 1846 verba
455 1804 712 1853 mendacii,'’
735 1805 870 1846 etiam
899 1808 1177 1858 “pauperem
1205 1805 1277 1857 qui
1304 1803 1499 1857 loquitur
1519 1803 1731 1856 judicium
1749 1803 1783 1855 ;''

294 1881 372 1921 per
396 1868 568 1908 “verba
590 1867 841 1908 mendacii”
863 1874 932 1909 est
955 1881 1032 1921 per
1053 1867 1176 1916 falsa,
1198 1871 1294 1908 et.“
1310 1866 1430 1920 loqui
1447 1866 1690 1919 judicium”
1712 1873 1782 1908 est

294 1929 489 1971 rectum:
523 1931 624 1984 quia
650 1930 705 1971 de
730 1931 797 1971 his
823 1932 983 1983 agitur,
1012 1931 1149 1970 etiam
1177 1930 1337 1970 dicitur
1359 1929 1477 1982 quod
1502 1929 1672 1970 “saciat
1698 1929 1781 1982 hy-

294 1994 498 2045 pocrisin,
523 2000 568 2034 et
591 1993 799 2046 loquatur
821 2000 978 2034 contra
997 1993 1215 2046 Jehovam
1243 2005 1452 2040 errorem,
1476 1991 1532 2032 ad
1558 2005 1780 2032 evacuan-

293 2056 398 2096 dum
414 2057 608 2096 animam
624 2057 909 2104 esurientem,
923 2062 968 2096 et
983 2062 1139 2108 potum
1155 2056 1384 2096 sitientem
1401 2053 1590 2095 deficere
1603 2054 1781 2106 faciat;”

265 2160 268 2164 ,
295 2118 477 2159 “facere
503 2119 757 2172 hypocrisin
785 2125 830 2159 et
855 2118 975 2172 loqui
1001 2118 1236 2167 errorem‚''
1258 2124 1328 2160 est
1354 2118 1500 2159 facere
1527 2118 1695 2158 malum
1720 2132 1780 2158 ex

293 2181 404 2222 falso
436 2195 486 2221 ac
520 2181 640 2234 loqui
671 2181 828 2221 falsum
860 2195 919 2221 ex
946 2181 1092 2232 malo;
1128 2185 1384 2222 “evacuare
1415 2181 1611 2222 animam
1643 2182 1780 2222 esuri-

292 2251 445 2285 entem
459 2245 476 2259 ”
494 2251 564 2285 est
582 2244 812 2297 deprivare
831 2245 1165 2297 cognitionibus
1188 2245 1293 2285 boni
1314 2245 1414 2285 illos
1432 2246 1505 2298 qui
1523 2245 1780 2286 desiderant

292 2321 380 2356 eas,
419 2314 463 2348 et
502 2306 730 2348 “deficere
767 2307 911 2347 facere
952 2314 1108 2360 potum
1145 2307 1404 2348 sitientem”
1442 2314 1512 2348 est
1549 2308 1780 2360 deprivare

292 2371 624 2423 cognitionibus
646 2371 738 2411 veri
764 2370 865 2410 illos
887 2371 959 2423 qui
981 2370 1239 2411 desiderant
1262 2385 1350 2411 eas.
1411 2370 1549 2424 Apud
1572 2370 1778 2419 eundem,

359 2470 381 2483 “
394 2468 588 2500 Habebunt
602 2469 722 2500 miseri
735 2469 772 2500 in
785 2469 946 2511 Jehovah
960 2470 1140 2510 gaudium,
1156 2476 1191 2501 et
1207 2479 1380 2511 pauperes
1393 2470 1580 2502 hominum
1594 2469 1630 2501 in
1647 2467 1779 2501 Sancto

467 2511 609 2544 Israelis
626 2513 834 2544 exultabunt
844 2512 861 2525 ’'
879 2513 986 2553 (xxix.
1007 2517 1079 2554 19);

290 2622 368 2662 per
399 2609 623 2648 “miseros
655 2615 701 2649 et
738 2608 986 2662 pauperes”
1017 2610 1154 2650 etiam
1187 2609 1256 2650 hic
1289 2609 1595 2662 significantur
1625 2609 1698 2662 qui
1733 2610 1776 2650 in

231 2711 233 2716 ,
290 2670 465 2712 defectu
487 2672 578 2711 veri
604 2678 650 2711 et
675 2671 781 2711 boni
806 2678 923 2720 sunt,
947 2678 993 2713 et
1016 2679 1166 2713 tamen
1194 2673 1238 2712 in
1261 2672 1482 2712 desiderio
1504 2672 1560 2712 ad
1586 2671 1686 2722 illa;
1719 2672 1775 2712 de

289 2734 356 2775 his
374 2734 547 2782 dicitur,
566 2721 686 2786 quod
706 2734 935 2774 “habituri
952 2735 1164 2787 gaudium
1181 2735 1224 2774 in
1244 2734 1448 2787 Jehovah
1466 2741 1512 2775 et
1529 2734 1775 2775 exultaturi

289 2798 330 2837 in
360 2794 526 2837 Sancto
553 2796 767 2845 Israelis,’'
793 2803 839 2837 et
866 2810 956 2837 non
982 2797 1038 2838 de
1063 2798 1233 2838 miseris
1259 2803 1304 2838 et
1336 2797 1601 2850 pauperibus
1626 2797 1774 2850 quoad

290 2873 398 2913 opes
430 2859 692 2899 mundanas.
753 2859 828 2899 Ex
860 2859 927 2899 his
959 2866 1167 2900 constare
1189 2866 1342 2913 potest
1369 2859 1472 2913 quid
1498 2858 1773 2912 significatur

289 2937 367 2976 per
400 2923 624 2963 “miseros
656 2928 702 2962 et
734 2922 981 2975 pauperes”
1012 2923 1056 2963 in
1087 2923 1183 2963 aliis
1215 2922 1324 2964 locis
1361 2923 1404 2963 in
1436 2921 1616 2972 Verbo;
1649 2928 1696 2962 ut
1724 2923 1766 2962 in

290 2985 577 3038 sequentibus
595 2983 802 3037 2—Apud
830 2985 1073 3036 Davidem,'
