2060 3476
661 387 768 421 CAP.
791 387 851 428 v.,
874 387 1014 420 VERs.
1039 387 1184 431 3.-Ν,
1209 375 1374 432 3o4[b].
1685 383 1762 429 515

275 499 649 555 “profanabitur‘'
689 505 736 541 et
775 498 1092 541 “maledietio-
1112 499 1326 541 comedet
1359 497 1500 547 eam‚”
1526 511 1604 552 per
1643 496 1765 551 quod

274 562 570 606 “cataractae
595 563 653 604 ab
683 563 780 604 alto
805 570 991 617 apertae
1023 564 1127 612 sint,
1156 569 1202 604 et
1229 568 1462 603 commota
1488 562 1580 602 sint
1605 560 1765 601 funda-

271 634 430 669 menta
461 627 594 680 ejus,”
617 627 738 681 quod
772 625 1041 668 “confracta
1072 626 1171 675 sit,''
1200 626 1442 679 “disrupta
1472 624 1571 673 sit,''
1601 626 1764 664 “com-

272 697 398 732 mota
412 691 510 739 sit,''
520 690 641 744 quod
657 693 683 711 “
695 690 865 731 titubet
879 690 995 730 sicut
1010 689 1157 730 ebrius
1174 688 1209 729 :'’
1235 688 1347 729 haec
1363 701 1453 728 non
1469 687 1558 728 dici
1573 693 1765 742 possunt

271 767 418 808 neque
450 754 506 795 de
539 760 673 803 terra,
707 767 853 808 neque
884 753 941 794 de
973 759 1128 806 gente,
1157 751 1237 794 sed
1269 751 1326 792 de
1358 750 1564 792 ecclesia.
1626 749 1765 804 Apud

271 817 491 858 eundem:

340 906 466 939 ¹¹Ecce
490 907 567 939 dies
591 906 749 949 Jehovae
773 907 887 939 venit.
902 931 931 939 ..
946 907 1006 938 .ad
1034 906 1240 947 ponendum
1266 912 1396 937 terram
1425 905 1462 936 in
1486 904 1703 940 vastitatem,
1730 908 1766 934 et

446 957 651 991 peccatores
668 951 794 991 perdat
809 961 853 982 ex
873 960 936 983 ea:
962 948 1079 982 [Unam
1100 950 1224 982 stellae
1241 949 1421 981 caelorum
1439 954 1474 980 et
1498 948 1617 980 sidera
1639 956 1764 978 eorum

446 1004 519 1026 non
540 994 659 1026 lucent
677 995 754 1026 luce
773 1004 849 1032 sua,
869 995 1124 1033 obtenebratus
1143 1000 1198 1026 est
1216 993 1270 1025 sol
1290 993 1326 1024 in
1343 999 1424 1024 ortu
1441 1002 1518 1030 suo,
1538 997 1574 1023 et
1590 991 1675 1022 luna
1691 1000 1764 1022 non

445 1038 632 1078 splendere
645 1038 731 1069 facit
742 1038 862 1069 lumen
876 1047 979 1069 suum
994 1047 1017 1076 ;.
1032 1063 1039 1069 .
1053 1063 1061 1069 .
1076 1047 1209 1070 sarum
1224 1037 1369 1068 reddam
1382 1036 1566 1067 hominem
1581 1044 1665 1075 prae
1678 1043 1765 1065 auro

445 1091 534 1123 puro
538 1106 631 1119 .....
639 1087 829 1122 propterea
845 1082 1081 1113 commovebo
1097 1081 1228 1119 caelos,
1247 1086 1283 1113 et
1299 1079 1522 1112 concutietur
1537 1084 1632 1111 terra
1648 1088 1668 1109 e
1684 1079 1764 1109 loco

443 1135 509 1158 suo
519 1124 538 1137 '’
555 1124 640 1166 (xiii.
660 1135 692 1166 9,
714 1133 765 1163 10,
788 1133 838 1163 12,
861 1124 935 1165 13);

269 1213 390 1268 quod
433 1212 620 1254 “terra”
660 1212 732 1254 hic
772 1213 830 1254 sit
868 1212 1062 1254 ecclesia
1101 1218 1230 1266 patet
1268 1225 1294 1252 a
1320 1210 1510 1264 singulis
1539 1211 1591 1251 >in
1629 1222 1765 1250 sensu

269 1276 491 1330 spirituali
521 1274 779 1317 intellectis.
841 1275 1011 1329 Agitur
1035 1276 1094 1316 ibi
1125 1275 1182 1316 de
1214 1275 1301 1316 fine
1327 1274 1435 1327 ejus,
1459 1273 1641 1327 quando
1667 1285 1764 1313 arn-

268 1339 385 1393 plius
407 1353 498 1380 non
520 1353 674 1380 verum
697 1345 744 1381 et
769 1339 954 1387 bonum,
982 1352 1060 1380 seu
1086 1352 1178 1380 non
1200 1338 1312 1379 fides
1335 1343 1381 1379 et
1408 1337 1619 1378 charitas
1682 1335 1766 1376 Per

271 1402 501 1444 “stellas”
527 1404 646 1444 enim
678 1409 725 1444 et
754 1402 970 1443 “sidera”
996 1416 1110 1456 quae
1136 1415 1228 1443 non
1254 1401 1424 1450 lucent,
1454 1399 1767 1454 significantur

268 1466 557 1519 cognitiones
588 1467 682 1507 veri
714 1472 760 1507 et
791 1466 924 1517 boni3
964 1479 1044 1520 per
1078 1464 1298 1506 “solem'’
1329 1465 1403 1519 qui
1435 1463 1765 1505 obtenebratus

268 1536 340 1570 est
382 1530 426 1570 in
464 1536 566 1571 ortu
611 1544 706 1578 suo,
751 1528 1032 1583 significatur
1067 1542 1219 1579 amor;
1241 1575 1244 1578 ‚
1267 1542 1346 1582 per
1385 1527 1580 1568 “lunam
1594 1526 1612 1541 ‘¹
1649 1539 1766 1579 quae

268 1605 360 1633 non
379 1592 528 1634 lucere
549 1593 657 1634 facit
680 1593 832 1634 lumen
850 1605 992 1642 suum,
1013 1591 1292 1645 significatur
1308 1591 1419 1632 fides
1437 1605 1446 1642 ;
1480 1605 1559 1645 per
1579 1590 1765 1631 “homi-

270 1668 374 1696 nem
386 1655 405 1671 ''
419 1656 492 1710 qui
516 1656 732 1698 reddetur
749 1669 873 1697 rarus
891 1669 998 1710 prae
1020 1669 1128 1696 auro
1150 1669 1276 1709 puro,
1292 1654 1573 1708 significatur
1594 1654 1765 1695 intelli·
1809 1681 1813 1684 -

268 1719 426 1772 gentia
462 1724 508 1760 et
545 1720 793 1773 sapientia;
838 1719 943 1760 inde
975 1724 1161 1760 constat
1197 1718 1303 1772 quid
1340 1717 1566 1771 significat
1601 1717 1765 1759 “Ecce

269 1779 365 1820 dies
384 1779 587 1832 Jehovae
610 1782 734 1822 venit
757 1782 814 1822 ad
840 1782 1102 1835 ponendum
1125 1787 1292 1825 terram
1315 1782 1359 1823 in
1382 1782 1649 1823 vastitatem
1668 1795 1677 1831 ;
1698 1814 1706 1821 .
1727 1813 1735 1821 .
1756 1813 1764 1821 .

269 1843 572 1884 commovebo
594 1844 761 1894 caelos,
779 1851 825 1886 et
849 1846 1134 1886 concutietur
1157 1852 1277 1886 terra
1299 1859 1324 1886 e
1346 1845 1450 1886 loco
1472 1859 1554 1885 suo
1571 1845 1605 1885 :'’
1630 1846 1765 1886 “dies

267 1905 469 1959 Jehovae
480 1906 574 1948 ”est
586 1907 770 1949 ultimus
788 1907 886 1949 finis
901 1908 1122 1950 ecclesiae
1135 1908 1317 1962 quando
1326 1908 1560 1961 judicium;
1577 1911 1602 1928 “
1614 1915 1735 1950 terra
1746 1909 1766 1925 '¹

269 1976 340 2012 est
366 1970 586 2022 ecclesia;
624 1971 744 2025 quod
777 1972 874 2026 ipsa
899 1978 1020 2013 terra
1046 1985 1137 2012 non
1163 1973 1450 2013 concutiatur
1475 1986 1499 2013 e
1531 1971 1636 2013 loco
1667 1986 1763 2022 suo,

268 2040 481 2075 constare
517 2040 687 2088 potest,
721 2035 801 2076 sed
838 2035 959 2088 quod
1000 2034 1194 2076 ecclesia
1234 2041 1524 2076 removeatur
1559 2035 1639 2091 ubi·
1673 2049 1766 2076 non

268 2109 396 2138 amor
416 2103 462 2138 et
485 2096 596 2138 fides
614 2111 623 2148 ;
659 2099 879 2139 “concuti
901 2112 925 2139 e
948 2097 1082 2139 loco'’
1099 2098 1326 2152 significat
1348 2100 1571 2140 removeri
1592 2113 1618 2140 a
1641 2106 1766 2141 statu

268 2161 414 2215 priori.
475 2159 615 2215 Apud
642 2161 852 2211 eundem,

338 2250 361 2264 ‘⁸
373 2248 479 2282 Ecce.
493 2274 501 2282 .
515 2274 522 2281 .
537 2249 731 2282 ,Dominus
748 2250 839 2282 sicut
855 2250 1042 2282 inundatio
1058 2251 1255 2292 grandinis,
1276 2251 1434 2292 procella
1449 2252 1579 2291 caedis,
1599 2253 1690 2284 sicut
1713 2253 1766 2284 in-

443 2293 590 2325 undatio
607 2303 778 2335 aquarum
795 2295 1011 2327 validarum.
1026 2320 1034 2327 .
1047 2320 1055 2327 .
1070 2295 1228 2335 ,dejiciet
1251 2296 1287 2327 in
1312 2302 1443 2327 terram
1461 2306 1571 2327 manu
1584 2307 1608 2328 z.
1623 2322 1631 2328 .
1644 2321 1652 2328 .
1667 2306 1767 2328 .con-

445 2338 721 2368 summationem
740 2344 775 2369 et
794 2338 1012 2370 decisionem
1033 2339 1153 2370 audivi
1173 2349 1194 2370 a
1213 2349 1294 2370 curn
1317 2339 1476 2371 Domino
1495 2337 1683 2382 [²]Jeh0vih
1702 2340 1766 2372 Ze-

443 2381 552 2412 baoth
569 2390 677 2421 super
692 2382 896 2414 universam
915 2389 1045 2414 terram
1058 2382 1076 2394 ”
1094 2383 1228 2422 (xxviii.
1245 2391 1276 2421 2,
1294 2383 1349 2423 22)
1363 2393 1370 2422 ;

268 2469 382 2511 haec
409 2469 467 2510 de
498 2469 570 2511 die
591 2468 743 2522 judicii
769 2484 902 2524 super
932 2470 1035 2512 illos
1066 2471 1140 2525 qui
1171 2471 1230 2512 ab
1261 2471 1454 2513 ecclesia
1485 2471 1606 2513 dicta
1632 2479 1764 2524 sunt;

268 2532 364 2574 dies
382 2532 534 2586 judicii
556 2533 738 2586 quando
756 2533 854 2575 finis
877 2533 1113 2583 ecclesiae,
1132 2533 1404 2588 intelligitur
1418 2549 1497 2589 per
1514 2538 1764 2576 “consum-

267 2596 519 2637 mationem
545 2602 592 2637 et
624 2595 900 2637 decisionem
932 2597 1081 2638 audivi
1112 2611 1138 2638 a
1170 2611 1272 2638 cum
1305 2598 1504 2639 Domino
1536 2596 1764 2652 [²]Jehovih

267 2658 478 2700 Zebaoth
515 2672 648 2712 super
689 2659 945 2700 universam
987 2666 1156 2701 terram
1174 2660 1208 2712 ;''
1258 2674 1394 2714 quare
1440 2661 1604 2702 dicitur
1644 2661 1765 2715 quod

269 2723 423 2762 “sicut
445 2722 682 2763 inundatio
704 2723 950 2779 grandinis,
975 2723 1176 2777 procella
1198 2724 1364 2774 caedis,
1389 2725 1505 2765 sicut
1527 2725 1765 2766 inundatio

266 2798 483 2839 aquarum
509 2785 759 2827 validarum
786 2785 966 2839 dejiciet
996 2788 1041 2827 in
1067 2794 1234 2828 terram
1262 2801 1397 2828 manu
1414 2787 1448 2839 ;'’
1479 2802 1558 2841 per
1590 2791 1764 2841 “gran-

267 2848 451 2889 dinem'’
483 2855 529 2890 et
566 2848 659 2902 ejus
693 2850 1110 2891 “inundationem”
1152 2850 1465 2904 significantur
1500 2851 1614 2892 falsa
1649 2865 1764 2905 quae

266 2912 507 2953 destruunt
533 2926 640 2953 vera
671 2913 919 2964 ecclesiae;
952 2927 1031 2967 per
1060 2914 1320 2955 “caedem’'
1346 2921 1392 2955 et
1424 2914 1517 2967 ejus
1547 2913 1764 2967 “procel-

266 2973 387 3016 lam''
419 2974 731 3028 significantur
762 2977 883 3018 mala
922 2990 1037 3030 quae
1078 2976 1319 3018 destruunt
1360 2977 1482 3018 bona
1513 2976 1762 3029 ecclesiae;

265 3050 346 3091 per
373 3040 552 3091 “aquas
577 3037 755 3079 validas
767 3037 787 3054 ”
812 3038 1126 3092 significantur
1149 3038 1266 3080 falsa
1294 3039 1417 3080 mali.
1476 3049 1589 3088 (Quod
1611 3058 1669 3087 per
1689 3046 1763 3078 '‘in-
