2060 3476
250 333 331 377 252
664 331 997 365 APOCALYPSIS
1028 331 1330 365 EX'PLICATA.

249 449 384 498 mino,
423 448 659 490 manifeste
695 453 836 502 patet,
876 461 980 489 nam
1017 447 1178 489 dicitur
1213 446 1333 501 quod
1375 446 1479 500 Ipse
1519 445 1741 487 Dominus

251 516 275 532 “
289 513 528 553 veritatem
542 512 561 528 '’
578 512 664 552 illis
683 513 862 561 dixerit,
882 518 928 553 et
951 525 1053 552 cum
1071 512 1273 559 abiverit,
1292 510 1504 551 missurus
1526 509 1583 550 sit
1607 509 1740 550 Para-

250 575 418 616 cletum
447 575 698 629 “Spiritum
722 574 965 624 veritatis,''
987 575 1060 628 qui
1086 573 1297 615 ducturus
1322 573 1424 623 illos
1451 573 1532 613 “in
1559 585 1740 613 omnem

248 639 526 688 veritatem,'’
552 645 597 680 et
622 639 741 693 quod
771 638 892 679 “Ille
919 652 1008 679 non
1040 638 1248 691 loquetur
1273 650 1299 677 a
1327 641 1472 677 semet
1503 635 1639 689 ipso,”
1661 635 1741 676 sed

249 703 369 756 quod
391 716 416 743 a
439 703 649 744 Domino.
710 703 885 743 Dicitur
909 705 1006 743 “ex
1030 715 1131 742 meo
1154 699 1384 753 accipiet‚'’
1405 699 1507 753 quia
1529 699 1738 739 Divinum

249 765 420 806 Verum
440 766 645 819 procedit
668 780 727 806 ex
751 766 962 814 Domino,
986 771 1032 805 et
1055 764 1304 818 procedens
1327 763 1488 804 dicitur
1512 761 1741 810 “meum,''

249 828 352 881 Ipse
385 830 504 870 enim
543 829 762 870 Dominus
796 834 866 870 est
903 828 1090 869 Divinus
1125 826 1284 876 Amor,
1318 833 1364 868 et
1401 826 1651 879 procedens
1683 825 1742 866 ab

250 889 357 942 Ipso
393 896 463 931 est
502 890 715 931 Divinum
754 890 941 938 Verum,
975 890 1041 930 ita
1076 894 1147 929 est
1184 900 1313 928 suum
1350 898 1508 937 (videatur
1525 898 1558 926 in
1577 906 1673 935 opere
1692 898 1744 927 De

252 955 342 984 Caelo
356 958 387 984 et
399 955 536 994 Inferna,
552 964 583 984 n.
599 963 665 992 139,
680 963 746 991 140,
761 959 791 983 et
802 954 1021 983 antecedentia
1033 954 1090 988 ibi;
1113 958 1145 982 et
1160 953 1191 981 in
1206 953 1363 982 Doarina
1376 953 1485 982 Novae
1495 952 1741 989 Hierosolymae.

247 1019 277 1039 n.
293 1011 392 1049 307):
425 1001 545 1054 quod
571 1002 697 1041 exire
719 1007 765 1041 et
792 1000 1040 1053 procedere
1065 999 1352 1052 intelligatur
1377 1011 1456 1052 per
1480 997 1671 1038 “mitti”
1693 1003 1740 1038 et

252 1059 516 1108 “mittere,’'
541 1059 751 1100 videatur
775 1061 819 1100 in
845 1060 1046 1100 Arcanz's
1074 1058 1352 1101 caelestibus
1375 1069 1420 1107 (n.
1441 1077 1530 1106 2397,
1545 1077 1636 1105 4710,
1651 1068 1742 1105 6831,

249 1131 386 1170 10561);
428 1119 638 1160 similiter
674 1120 745 1160 hic
783 1134 862 1173 per
901 1121 1122 1160 “mittam
1159 1119 1286 1159 illum
1323 1118 1381 1159 ad
1417 1117 1538 1158 vos.”
1604 1116 1740 1170 Quod
1803 1158 1811 1162 ,

249 1181 506 1229 Paracletus
529 1183 585 1223 sit
609 1181 797 1236 Spiritus
821 1180 1010 1223 Sanctus
1033 1188 1161 1236 patet
1184 1182 1302 1236 apud
1325 1180 1591 1229 Jolzannem,

317 1284 338 1296 ‘¹
352 1281 556 1314 Paracletus
573 1282 724 1323 Spiritus
741 1280 893 1314 Sanctus
897 1307 989 1321 .....
1000 1282 1064 1314 Ille
1081 1292 1146 1314 vos
1164 1282 1306 1314 docebit
1323 1283 1446 1313 omnia
1457 1281 1475 1294 '¹
1491 1281 1575 1321 (xiv.
1593 1281 1647 1321 26)
1661 1290 1668 1320 ;

251 1368 369 1421 apud
393 1368 600 1416 eundem,

312 1444 416 1486 Jesus
433 1455 565 1485 magna
580 1455 667 1476 voce
685 1445 862 1483 clamavit,
882 1444 1015 1483 dicens,
1039 1445 1107 1476 “Si
1125 1445 1202 1485 quis
1219 1444 1380 1482 sitiverit,
1400 1445 1522 1476 venito
1544 1444 1589 1477 ad
1615 1443 1687 1482 Me,
1707 1450 1743 1477 et

422 1489 553 1525 bibito
547 1499 553 1505 ·
579 1489 736 1530 quisquis
749 1489 860 1520 credit
873 1489 909 1520 in
928 1488 999 1526 Me,
1016 1488 1106 1520 sicut
1118 1489 1203 1520 dicit
1216 1489 1406 1529 Scriptura,
1423 1488 1570 1520 flumina
1585 1499 1605 1520 e
1618 1494 1743 1520 ventre

423 1532 515 1564 illius
540 1533 649 1564 fluent
673 1543 784 1574 aquae
808 1533 984 1571 viventis;
1016 1533 1084 1564 hoc
1108 1532 1192 1564 dicit
1215 1533 1259 1564 de
1284 1532 1410 1572 spiritu
1435 1542 1539 1573 quem
1564 1533 1743 1572 accepturi

422 1577 606 1608 credentes
632 1577 668 1607 in
696 1576 836 1616 Ipsum:
872 1576 1032 1607 nondum
1059 1582 1135 1607 erat
1161 1576 1312 1616 Spiritus
1339 1574 1502 1614 Sandias,
1531 1576 1613 1618 quia
1638 1575 1743 1636 Jesus

422 1620 580 1652 nondum
597 1620 815 1660 glorificatus
833 1620 937 1652 erat”
954 1620 1027 1660 (vii.
1045 1619 1186 1660 37-39);

248 1723 366 1776 quod
408 1721 597 1775 Spiritus
639 1721 830 1763 Sanctus
866 1723 923 1763 sit
966 1722 1177 1763 Divinum
1214 1721 1385 1763 Verum
1428 1723 1677 1776 procedens
1717 1737 1744 1765 a

249 1786 461 1835 Domino,
489 1787 608 1840 quod
641 1793 735 1826 tam
768 1787 1027 1827 immediate
1059 1787 1115 1827 ab
1148 1786 1252 1840 Ipso
1278 1799 1411 1840 quam
1439 1787 1634 1828 mediate
1665 1801 1745 1841 per

248 1850 436 1902 angelos
455 1857 500 1891 et
519 1851 698 1903 spiritus
716 1850 857 1891 influit
875 1850 992 1904 apud
1015 1851 1257 1899 hominem,
1277 1851 1413 1891 etiam
1432 1864 1490 1891 ex
1514 1851 1581 1891 his
1600 1851 1742 1891 mani-

249 1913 363 1954 feste
386 1920 540 1966 patet:
575 1914 683 1954 dicit
706 1914 824 1954 enim
849 1914 1069 1954 Dominus
1092 1914 1296 1967 primum,
1320 1914 1439 1967 quod
1465 1915 1576 1967 “qui
1599 1914 1742 1955 credit

250 1978 293 2016 in
318 1977 484 2030 Ipsum,
508 1976 688 2017 flumina
710 1991 768 2017 ex
791 1983 950 2018 ventre
976 1976 1092 2017 illius
1118 1976 1256 2017 fluent
1280 1991 1421 2030 aquae
1443 1976 1674 2025 viventis‚”
1696 1983 1742 2017 et

248 2040 350 2080 dein
377 2040 461 2080 hoc
489 2040 605 2080 dixit
630 2040 686 2080 de
713 2041 869 2093 spiritu
895 2053 1027 2093 quem
1054 2041 1308 2093 accepturi3
1344 2039 1528 2094 “aqua''
1553 2041 1671 2081 enim
1698 2040 1742 2080 in

250 2103 466 2156 spirituali
498 2117 630 2143 sensu
656 2103 879 2156 significat
906 2117 1073 2152 verum,
1101 2109 1146 2144 et
1176 2103 1394 2143 “flumina
1420 2117 1561 2156 aquae
1587 2104 1742 2144 viven-

247 2166 337 2207 tis’'
372 2166 583 2206 Divinum
622 2165 793 2206 Verum
831 2180 856 2206 a
895 2166 1092 2206 Domino
1128 2167 1171 2206 in
1210 2167 1363 2219 copia;
1412 2166 1555 2206 simile
1591 2167 1765 2220 itaque·

247 2227 523 2280 intelligitur
557 2241 637 2280 per
668 2227 947 2280 “spiritum”
977 2240 1110 2280 quem
1147 2228 1393 2280 accepturi.
1470 2238 1582 2275 (Quod
1602 2235 1742 2275 “aqua''

246 2292 400 2329 significet
414 2300 535 2326 verum,
551 2296 582 2320 et
597 2288 711 2328 “aqua
724 2291 832 2320 vivens
843 2291 859 2300 '¹
878 2291 1029 2319 Divinum
1045 2291 1176 2326 Verum,
1192 2291 1336 2320 videatur
1350 2300 1454 2328 supra,
1483 2300 1515 2320 n.
1536 2290 1621 2333 71.)
1679 2280 1742 2321 Et

249 2345 351 2398 quia
377 2343 588 2384 Divinum
613 2342 783 2382 Verum
811 2343 1013 2396 procedit
1041 2343 1097 2383 ab
1125 2343 1338 2383 Humano
1366 2342 1548 2383 Domini
1574 2341 1742 2395 glorifi-

249 2414 368 2455 cato,
397 2412 443 2447 et
470 2416 563 2446 non‘
587 2406 847 2446 immediate
873 2406 930 2446 ab
957 2406 1060 2459 Ipso
1088 2406 1251 2446 Divino
1279 2406 1435 2459 IpsiuS,
1460 2406 1562 2459 quia
1587 2406 1672 2446 hoc
1699 2406 1742 2446 in

248 2472 306 2513 Se
328 2471 385 2511 ab
407 2476 595 2510 aeterno
618 2469 696 2509 fuit
720 2469 1036 2521 glorificatum,
1056 2469 1157 2510 ideo
1175 2470 1349 2517 dicitur,
1371 2473 1395 2489 “
1410 2469 1623 2509 Nondum
1647 2475 1742 2510 erat

248 2534 438 2588 Spiritus
457 2531 650 2574 Sanctus
664 2534 766 2585 quia
778 2533 911 2585 Jesus
922 2533 1121 2573 nondum
1140 2532 1416 2586 glorificatus
1433 2532 1566 2573 erat.’'
1608 2532 1742 2585 Quod

250 2596 537 2652 “glorificare
550 2596 569 2611 ‘'
591 2597 648 2637 sit
676 2596 887 2637 Divinum
913 2596 1071 2645 facere,
1100 2603 1146 2637 et
1172 2596 1292 2650 quod
1319 2596 1540 2636 Dominus
1569 2595 1742 2645 Huma-

249 2674 355 2702 num
378 2673 505 2701 suum
528 2659 660 2712 plene
683 2659 1015 2712 glorificaverit,
1039 2659 1125 2700 hoc
1151 2666 1235 2705 est,
1256 2659 1467 2699 Divinum
1489 2659 1643 2699 fecerit
1666 2673 1743 2712 per

250 2725 452 2765 ultimam
481 2736 605 2763 suam
632 2724 934 2764 tentationem
962 2731 1007 2764 et
1032 2721 1266 2764 victoriam
1298 2723 1341 2763 in
1368 2736 1511 2771 cruce,
1539 2722 1744 2762 videatur

250 2787 294 2826 in
316 2785 538 2826 Doc‘Zrz'na
561 2783 716 2824 Novae
738 2784 1076 2836 Hierosolymae
1100 2794 1144 2832 (n.
1166 2801 1316 2832 293-295,
1335 2794 1504 2832 300-306).

339 2850 420 2906 [00]
467 2851 687 2894 Mirantur
712 2852 755 2891 in
787 2851 916 2892 caelo
948 2864 1080 2904 quam
1113 2852 1310 2892 maxime
1342 2852 1461 2905 quod
1497 2851 1634 2891 homo
1666 2864 1740 2891 ec-

251 2914 414 2955 clesiae
446 2927 536 2954 non
568 2915 681 2954 sciat
713 2914 832 2967 quod
870 2913 1059 2967 Spiritus
1092 2913 1296 2963 San&us,
1324 2915 1396 2968 qui
1428 2920 1497 2954 est
1530 2913 1740 2953 Divinum

253 2976 437 3027 Verum,
462 2978 677 3031 procedat
704 2978 761 3018 ab
785 2977 1221 3027 Humano'Domini,
1245 2984 1291 3019 et
1318 2991 1407 3019 non
1429 2976 1690 3018 immediate
1715 2989 1741 3017 a
