<?xml version="1.0" encoding="UTF-8"?>
<!DOCTYPE html PUBLIC "-//W3C//DTD XHTML 1.0 Transitional//EN"
    "http://www.w3.org/TR/xhtml1/DTD/xhtml1-transitional.dtd">
<html xmlns="http://www.w3.org/1999/xhtml" xml:lang="en" lang="en">
 <head>
  <title>
</title>
<meta http-equiv="Content-Type" content="text/html;charset=utf-8" />
  <meta name='ocr-system' content='tesseract 3.04.00' />
  <meta name='ocr-capabilities' content='ocr_page ocr_carea ocr_par ocr_line ocrx_word'/>
</head>
<body>
  <div class='ocr_page' id='page_1' title='image "apocalypsisexpli01sweduoft_0471.png"; bbox 0 0 2060 3476; ppageno 0'>
   <div class='ocr_carea' id='block_1_1' title="bbox 594 347 1705 402">
    <p class='ocr_par' dir='ltr' id='par_1_1' title="bbox 594 347 1705 402">
     <span class='ocr_line' id='line_1_1' title="bbox 594 347 1705 402; baseline -0.002 -11"><span class='ocrx_word' id='word_1_1' title='bbox 594 357 702 391; x_wconf 78' lang='lat' dir='ltr'>CAP.</span> <span class='ocrx_word' id='word_1_2' title='bbox 725 356 806 398; x_wconf 63' lang='lat' dir='ltr'>xv„</span> <span class='ocrx_word' id='word_1_3' title='bbox 829 357 968 390; x_wconf 76' lang='lat' dir='ltr'><strong>VERS.</strong></span> <span class='ocrx_word' id='word_1_4' title='bbox 991 357 1139 402; x_wconf 81' lang='grc' dir='ltr'><strong><em>7.-Ν.</em></strong></span> <span class='ocrx_word' id='word_1_5' title='bbox 1163 347 1332 402; x_wconf 84' lang='lat' dir='ltr'>281[a].</span> <span class='ocrx_word' id='word_1_6' title='bbox 1623 347 1705 400; x_wconf 85' lang='lat'>465</span> 
     </span>
    </p>
   </div>
   <div class='ocr_carea' id='block_1_2' title="bbox 212 468 1710 587">
    <p class='ocr_par' dir='ltr' id='par_1_2' title="bbox 212 468 1710 587">
     <span class='ocr_line' id='line_1_2' title="bbox 214 468 1710 525; baseline -0.003 -12"><span class='ocrx_word' id='word_1_7' title='bbox 214 470 436 513; x_wconf 83' lang='lat' dir='ltr'>Dominus</span> <span class='ocrx_word' id='word_1_8' title='bbox 472 484 606 525; x_wconf 89' lang='lat' dir='ltr'>supra</span> <span class='ocrx_word' id='word_1_9' title='bbox 634 470 736 512; x_wconf 84' lang='lat' dir='ltr'>illo&#39;s</span> <span class='ocrx_word' id='word_1_10' title='bbox 767 470 888 512; x_wconf 87' lang='lat' dir='ltr'>visus</span> <span class='ocrx_word' id='word_1_11' title='bbox 924 470 982 511; x_wconf 90' lang='lat' dir='ltr'>sit</span> <span class='ocrx_word' id='word_1_12' title='bbox 1018 476 1068 511; x_wconf 92' lang='lat' dir='ltr'>ut</span> <span class='ocrx_word' id='word_1_13' title='bbox 1107 470 1273 511; x_wconf 92' lang='lat' dir='ltr'>Homo.</span> <span class='ocrx_word' id='word_1_14' title='bbox 1345 468 1479 522; x_wconf 84' lang='lat' dir='ltr'>Quod</span> <span class='ocrx_word' id='word_1_15' title='bbox 1517 474 1710 523; x_wconf 89' lang='lat' dir='ltr'>quatuor</span> 
     </span>
     <span class='ocr_line' id='line_1_3' title="bbox 212 532 1603 587; baseline -0.002 -11"><span class='ocrx_word' id='word_1_16' title='bbox 212 535 395 576; x_wconf 91' lang='lat' dir='ltr'>cherubi</span> <span class='ocrx_word' id='word_1_17' title='bbox 419 535 502 576; x_wconf 91' lang='lat' dir='ltr'>visi</span> <span class='ocrx_word' id='word_1_18' title='bbox 527 535 617 576; x_wconf 88' lang='lat' dir='ltr'>sint</span> <span class='ocrx_word' id='word_1_19' title='bbox 643 541 692 576; x_wconf 93' lang='lat' dir='ltr'>ut</span> <span class='ocrx_word' id='word_1_20' title='bbox 717 534 937 583; x_wconf 83' lang='lat' dir='ltr'>homines,</span> <span class='ocrx_word' id='word_1_21' title='bbox 966 539 1147 575; x_wconf 84' lang='lat' dir='ltr'>constat</span> <span class='ocrx_word' id='word_1_22' title='bbox 1174 533 1292 587; x_wconf 88' lang='lat' dir='ltr'>apud</span> <span class='ocrx_word' id='word_1_23' title='bbox 1318 532 1603 581; x_wconf 68' lang='lat' dir='ltr'><em>Ezechielem,</em></span> 
     </span>
    </p>
   </div>
   <div class='ocr_carea' id='block_1_3' title="bbox 282 622 1712 710">
    <p class='ocr_par' dir='ltr' id='par_1_3' title="bbox 282 622 1712 710">
     <span class='ocr_line' id='line_1_4' title="bbox 282 622 1712 666; baseline -0.003 -9"><span class='ocrx_word' id='word_1_24' title='bbox 282 627 305 640; x_wconf 79' lang='lat'>‘⁶</span> <span class='ocrx_word' id='word_1_25' title='bbox 318 623 387 657; x_wconf 83' lang='lat' dir='ltr'>Hic</span> <span class='ocrx_word' id='word_1_26' title='bbox 404 623 600 666; x_wconf 70' lang='lat' dir='ltr'>aspezstus”</span> <span class='ocrx_word' id='word_1_27' title='bbox 617 630 768 666; x_wconf 90' lang='lat' dir='ltr'>quatuor</span> <span class='ocrx_word' id='word_1_28' title='bbox 783 623 1252 659; x_wconf 82' lang='lat' dir='ltr'>Animalium.“similitudo</span> <span class='ocrx_word' id='word_1_29' title='bbox 1273 623 1430 655; x_wconf 88' lang='lat' dir='ltr'>hominis</span> <span class='ocrx_word' id='word_1_30' title='bbox 1448 623 1527 661; x_wconf 92' lang='lat' dir='ltr'>illis,</span> <span class='ocrx_word' id='word_1_31' title='bbox 1548 622 1611 654; x_wconf 91' lang='lat' dir='ltr'>sed</span> <span class='ocrx_word' id='word_1_32' title='bbox 1628 632 1712 664; x_wconf 88' lang='lat' dir='ltr'>qua-</span> 
     </span>
     <span class='ocr_line' id='line_1_5' title="bbox 388 667 991 710; baseline -0.002 -10"><span class='ocrx_word' id='word_1_33' title='bbox 388 674 470 705; x_wconf 84' lang='lat' dir='ltr'><strong>tuor</strong></span> <span class='ocrx_word' id='word_1_34' title='bbox 486 669 594 700; x_wconf 76' lang='lat' dir='ltr'>tacies</span> <span class='ocrx_word' id='word_1_35' title='bbox 611 668 800 710; x_wconf 84' lang='lat' dir='ltr'>unicuique</span> <span class='ocrx_word' id='word_1_36' title='bbox 811 667 830 680; x_wconf 88' lang='lat'>”</span> <span class='ocrx_word' id='word_1_37' title='bbox 846 668 882 709; x_wconf 89' lang='lat' dir='ltr'>(i.</span> <span class='ocrx_word' id='word_1_38' title='bbox 901 676 931 707; x_wconf 89' lang='lat'>5,</span> <span class='ocrx_word' id='word_1_39' title='bbox 947 668 991 708; x_wconf 88' lang='lat'>6).</span> 
     </span>
    </p>
   </div>
   <div class='ocr_carea' id='block_1_4' title="bbox 214 751 1712 1012">
    <p class='ocr_par' dir='ltr' id='par_1_4' title="bbox 214 751 1710 933">
     <span class='ocr_line' id='line_1_6' title="bbox 214 751 1710 808; baseline -0.001 -14"><span class='ocrx_word' id='word_1_40' title='bbox 214 751 430 795; x_wconf 84' lang='lat' dir='ltr'><strong>Similiter</strong></span> <span class='ocrx_word' id='word_1_41' title='bbox 455 753 544 795; x_wconf 92' lang='lat' dir='ltr'>duo</span> <span class='ocrx_word' id='word_1_42' title='bbox 576 753 758 802; x_wconf 87' lang='lat' dir='ltr'>cherubi</span> <span class='ocrx_word' id='word_1_43' title='bbox 790 767 921 808; x_wconf 90' lang='lat' dir='ltr'>super</span> <span class='ocrx_word' id='word_1_44' title='bbox 945 753 1272 806; x_wconf 85' lang='lat' dir='ltr'>propitiatorio.</span> <span class='ocrx_word' id='word_1_45' title='bbox 1292 758 1422 793; x_wconf 90' lang='lat' dir='ltr'>erant</span> <span class='ocrx_word' id='word_1_46' title='bbox 1453 751 1565 793; x_wconf 89' lang='lat' dir='ltr'>facie</span> <span class='ocrx_word' id='word_1_47' title='bbox 1596 752 1710 793; x_wconf 92' lang='lat' dir='ltr'>sicut</span> 
     </span>
     <span class='ocr_line' id='line_1_7' title="bbox 214 816 1710 870; baseline -0.001 -13"><span class='ocrx_word' id='word_1_48' title='bbox 214 817 431 858; x_wconf 91' lang='lat' dir='ltr'>homines.</span> <span class='ocrx_word' id='word_1_49' title='bbox 493 816 627 870; x_wconf 79' lang='lat' dir='ltr'>Quod</span> <span class='ocrx_word' id='word_1_50' title='bbox 654 817 874 858; x_wconf 88' lang='lat' dir='ltr'>Dominus</span> <span class='ocrx_word' id='word_1_51' title='bbox 895 817 1016 863; x_wconf 81' lang='lat' dir='ltr'>visus</span> <span class='ocrx_word' id='word_1_52' title='bbox 1038 817 1096 857; x_wconf 93' lang='lat' dir='ltr'>sit</span> <span class='ocrx_word' id='word_1_53' title='bbox 1122 830 1255 870; x_wconf 88' lang='lat' dir='ltr'>supra</span> <span class='ocrx_word' id='word_1_54' title='bbox 1276 822 1468 870; x_wconf 90' lang='lat' dir='ltr'>quatuor</span> <span class='ocrx_word' id='word_1_55' title='bbox 1489 816 1710 857; x_wconf 91' lang='lat' dir='ltr'>cherubos</span> 
     </span>
     <span class='ocr_line' id='line_1_8' title="bbox 214 879 1500 933; baseline -0.002 -11"><span class='ocrx_word' id='word_1_56' title='bbox 214 887 262 922; x_wconf 91' lang='lat' dir='ltr'>ut</span> <span class='ocrx_word' id='word_1_57' title='bbox 290 879 458 930; x_wconf 91' lang='lat' dir='ltr'>Homo,</span> <span class='ocrx_word' id='word_1_58' title='bbox 486 880 647 921; x_wconf 89' lang='lat' dir='ltr'>dicitur</span> <span class='ocrx_word' id='word_1_59' title='bbox 672 881 811 921; x_wconf 90' lang='lat' dir='ltr'>etiam</span> <span class='ocrx_word' id='word_1_60' title='bbox 837 879 955 933; x_wconf 88' lang='lat' dir='ltr'>apud</span> <span class='ocrx_word' id='word_1_61' title='bbox 982 879 1174 920; x_wconf 89' lang='lat' dir='ltr'>eundem</span> <span class='ocrx_word' id='word_1_62' title='bbox 1202 879 1500 933; x_wconf 89' lang='lat' dir='ltr'>Prophetam:</span> 
     </span>
    </p>

    <p class='ocr_par' dir='ltr' id='par_1_5' title="bbox 283 966 1712 1012">
     <span class='ocr_line' id='line_1_9' title="bbox 283 966 1712 1012; baseline -0.002 -10"><span class='ocrx_word' id='word_1_63' title='bbox 283 970 431 1012; x_wconf 84' lang='lat' dir='ltr'>“Supra</span> <span class='ocrx_word' id='word_1_64' title='bbox 454 979 664 1010; x_wconf 87' lang='lat' dir='ltr'>expansum,</span> <span class='ocrx_word' id='word_1_65' title='bbox 692 970 787 1010; x_wconf 89' lang='lat' dir='ltr'>quod</span> <span class='ocrx_word' id='word_1_66' title='bbox 810 979 917 1009; x_wconf 89' lang='lat' dir='ltr'>super</span> <span class='ocrx_word' id='word_1_67' title='bbox 940 968 1082 1010; x_wconf 88' lang='lat' dir='ltr'>capite”</span> <span class='ocrx_word' id='word_1_68' title='bbox 1106 969 1353 1005; x_wconf 89' lang='lat' dir='ltr'>cheruborum,</span> <span class='ocrx_word' id='word_1_69' title='bbox 1385 968 1518 1009; x_wconf 87' lang='lat' dir='ltr'>“quasi</span> <span class='ocrx_word' id='word_1_70' title='bbox 1546 966 1712 1009; x_wconf 61' lang='lat' dir='ltr'>aspee&#39;kus</span> 
     </span>
    </p>
   </div>
   <div class='ocr_carea' id='block_1_5' title="bbox 387 1011 1712 1098">
    <p class='ocr_par' dir='ltr' id='par_1_6' title="bbox 387 1011 1712 1098">
     <span class='ocr_line' id='line_1_10' title="bbox 387 1011 1712 1054; baseline -0.001 -10"><span class='ocrx_word' id='word_1_71' title='bbox 387 1013 516 1054; x_wconf 89' lang='lat' dir='ltr'>lapidis</span> <span class='ocrx_word' id='word_1_72' title='bbox 543 1013 714 1054; x_wconf 86' lang='lat' dir='ltr'>sapphiri,</span> <span class='ocrx_word' id='word_1_73' title='bbox 744 1012 939 1044; x_wconf 85' lang='lat' dir='ltr'>similitudo</span> <span class='ocrx_word' id='word_1_74' title='bbox 967 1011 1108 1048; x_wconf 78' lang='lat' dir='ltr'>throni:</span> <span class='ocrx_word' id='word_1_75' title='bbox 1142 1019 1178 1044; x_wconf 89' lang='lat' dir='ltr'>et</span> <span class='ocrx_word' id='word_1_76' title='bbox 1202 1022 1309 1053; x_wconf 89' lang='lat' dir='ltr'>super</span> <span class='ocrx_word' id='word_1_77' title='bbox 1335 1012 1566 1044; x_wconf 86' lang='lat' dir='ltr'>similitudine</span> <span class='ocrx_word' id='word_1_78' title='bbox 1592 1012 1712 1043; x_wconf 85' lang='lat' dir='ltr'>throni</span> 
     </span>
     <span class='ocr_line' id='line_1_11' title="bbox 387 1055 1621 1098; baseline -0.001 -10"><span class='ocrx_word' id='word_1_79' title='bbox 387 1057 584 1089; x_wconf 87' lang='lat' dir='ltr'>similitudo</span> <span class='ocrx_word' id='word_1_80' title='bbox 600 1057 701 1098; x_wconf 88' lang='lat' dir='ltr'>quasi</span> <span class='ocrx_word' id='word_1_81' title='bbox 718 1055 884 1097; x_wconf 66' lang='lat' dir='ltr'>aspectus</span> <span class='ocrx_word' id='word_1_82' title='bbox 904 1056 1074 1088; x_wconf 85' lang='lat' dir='ltr'>Hominis</span> <span class='ocrx_word' id='word_1_83' title='bbox 1090 1066 1198 1097; x_wconf 89' lang='lat' dir='ltr'>super</span> <span class='ocrx_word' id='word_1_84' title='bbox 1214 1055 1275 1088; x_wconf 88' lang='lat' dir='ltr'>illo</span> <span class='ocrx_word' id='word_1_85' title='bbox 1293 1056 1456 1096; x_wconf 88' lang='lat' dir='ltr'>superius</span> <span class='ocrx_word' id='word_1_86' title='bbox 1467 1055 1485 1067; x_wconf 88' lang='lat'>&#39;’</span> <span class='ocrx_word' id='word_1_87' title='bbox 1502 1056 1538 1096; x_wconf 87' lang='lat' dir='ltr'>(i.</span> <span class='ocrx_word' id='word_1_88' title='bbox 1555 1056 1621 1095; x_wconf 89' lang='lat'>26).</span> 
     </span>
    </p>
   </div>
   <div class='ocr_carea' id='block_1_6' title="bbox 214 1150 1715 1962">
    <p class='ocr_par' dir='ltr' id='par_1_7' title="bbox 214 1150 1715 1962">
     <span class='ocr_line' id='line_1_12' title="bbox 293 1150 1711 1206; baseline -0.002 -12"><span class='ocrx_word' id='word_1_89' title='bbox 293 1151 500 1206; x_wconf 80' lang='lat' dir='ltr'>281[a].</span> <span class='ocrx_word' id='word_1_90' title='bbox 533 1152 612 1192; x_wconf 71' lang='lat' dir='ltr'>“Et</span> <span class='ocrx_word' id='word_1_91' title='bbox 624 1156 813 1205; x_wconf 71' lang='lat' dir='ltr'>quat-tum</span> <span class='ocrx_word' id='word_1_92' title='bbox 831 1151 990 1192; x_wconf 73' lang='lat' dir='ltr'>Animal</span> <span class='ocrx_word' id='word_1_93' title='bbox 1005 1152 1134 1192; x_wconf 75' lang='lat' dir='ltr'>simile</span> <span class='ocrx_word' id='word_1_94' title='bbox 1150 1151 1312 1205; x_wconf 75' lang='lat' dir='ltr'>aquilae</span> <span class='ocrx_word' id='word_1_95' title='bbox 1330 1150 1711 1204; x_wconf 72' lang='lat' dir='ltr'>volanti.&#39;&#39;—Quod</span> 
     </span>
     <span class='ocr_line' id='line_1_13' title="bbox 214 1213 1711 1269; baseline -0.001 -14"><span class='ocrx_word' id='word_1_96' title='bbox 214 1213 437 1269; x_wconf 87' lang='lat' dir='ltr'>significet</span> <span class='ocrx_word' id='word_1_97' title='bbox 468 1214 514 1255; x_wconf 89' lang='lat' dir='ltr'>in</span> <span class='ocrx_word' id='word_1_98' title='bbox 540 1213 712 1255; x_wconf 83' lang='lat' dir='ltr'>ultimis</span> <span class='ocrx_word' id='word_1_99' title='bbox 734 1214 1050 1266; x_wconf 80' lang='lat' dir='ltr'>apparentiam</span> <span class='ocrx_word' id='word_1_100' title='bbox 1075 1213 1268 1254; x_wconf 84' lang='lat' dir='ltr'>Divinae</span> <span class='ocrx_word' id='word_1_101' title='bbox 1290 1213 1512 1254; x_wconf 82' lang='lat' dir='ltr'><em>custodiae</em></span> <span class='ocrx_word' id='word_1_102' title='bbox 1537 1219 1580 1254; x_wconf 85' lang='lat' dir='ltr'>et</span> <span class='ocrx_word' id='word_1_103' title='bbox 1603 1219 1711 1265; x_wconf 83' lang='lat' dir='ltr'>pro-</span> 
     </span>
     <span class='ocr_line' id='line_1_14' title="bbox 214 1276 1710 1331; baseline -0.001 -12"><span class='ocrx_word' id='word_1_104' title='bbox 214 1277 434 1319; x_wconf 85' lang='lat' dir='ltr'>videntiae</span> <span class='ocrx_word' id='word_1_105' title='bbox 454 1277 603 1331; x_wconf 87' lang='lat' dir='ltr'>quoad</span> <span class='ocrx_word' id='word_1_106' title='bbox 621 1276 961 1330; x_wconf 82' lang='lat' dir='ltr'><em>intelligentiam</em></span> <span class='ocrx_word' id='word_1_107' title='bbox 984 1283 1026 1317; x_wconf 92' lang='lat' dir='ltr'>et</span> <span class='ocrx_word' id='word_1_108' title='bbox 1046 1277 1196 1330; x_wconf 87' lang='lat' dir='ltr'>quoad</span> <span class='ocrx_word' id='word_1_109' title='bbox 1209 1283 1317 1330; x_wconf 84' lang='lat' dir='ltr'>pers</span> <span class='ocrx_word' id='word_1_110' title='bbox 1314 1277 1556 1329; x_wconf 61' lang='lat' dir='ltr'>petiz‘onem</span> <span class='ocrx_word' id='word_1_111' title='bbox 1577 1277 1710 1317; x_wconf 87' lang='lat' dir='ltr'>unde-</span> 
     </span>
     <span class='ocr_line' id='line_1_15' title="bbox 214 1339 1711 1395; baseline -0.002 -13"><span class='ocrx_word' id='word_1_112' title='bbox 214 1355 397 1395; x_wconf 84' lang='lat' dir='ltr'><em>quaque,</em></span> <span class='ocrx_word' id='word_1_113' title='bbox 426 1346 608 1381; x_wconf 90' lang='lat' dir='ltr'>constat</span> <span class='ocrx_word' id='word_1_114' title='bbox 634 1354 694 1381; x_wconf 88' lang='lat' dir='ltr'>ex</span> <span class='ocrx_word' id='word_1_115' title='bbox 719 1339 1050 1393; x_wconf 84' lang='lat' dir='ltr'>significatione</span> <span class='ocrx_word' id='word_1_116' title='bbox 1075 1339 1288 1394; x_wconf 88' lang='lat' dir='ltr'>“aquilae</span> <span class='ocrx_word' id='word_1_117' title='bbox 1302 1339 1321 1354; x_wconf 85' lang='lat'>&#39;’</span> <span class='ocrx_word' id='word_1_118' title='bbox 1347 1339 1466 1393; x_wconf 92' lang='lat' dir='ltr'>quod</span> <span class='ocrx_word' id='word_1_119' title='bbox 1494 1340 1550 1380; x_wconf 90' lang='lat' dir='ltr'>sit</span> <span class='ocrx_word' id='word_1_120' title='bbox 1577 1339 1711 1381; x_wconf 88' lang='lat' dir='ltr'>intel-</span> 
     </span>
     <span class='ocr_line' id='line_1_16' title="bbox 215 1402 1713 1457; baseline -0.002 -12"><span class='ocrx_word' id='word_1_121' title='bbox 215 1404 418 1457; x_wconf 84' lang='lat' dir='ltr'>ligentia,</span> <span class='ocrx_word' id='word_1_122' title='bbox 460 1403 530 1444; x_wconf 86' lang='lat' dir='ltr'>hic</span> <span class='ocrx_word' id='word_1_123' title='bbox 574 1402 879 1456; x_wconf 83' lang='lat' dir='ltr'>intelligentia</span> <span class='ocrx_word' id='word_1_124' title='bbox 922 1402 1087 1443; x_wconf 86' lang='lat' dir='ltr'>Divina</span> <span class='ocrx_word' id='word_1_125' title='bbox 1129 1417 1243 1457; x_wconf 92' lang='lat' dir='ltr'>quae</span> <span class='ocrx_word' id='word_1_126' title='bbox 1282 1409 1352 1443; x_wconf 90' lang='lat' dir='ltr'>est</span> <span class='ocrx_word' id='word_1_127' title='bbox 1392 1402 1624 1443; x_wconf 87' lang='lat' dir='ltr'>custodiae</span> <span class='ocrx_word' id='word_1_128' title='bbox 1667 1409 1713 1443; x_wconf 90' lang='lat' dir='ltr'>et</span> 
     </span>
     <span class='ocr_line' id='line_1_17' title="bbox 215 1464 1713 1521; baseline -0.002 -13"><span class='ocrx_word' id='word_1_129' title='bbox 215 1466 526 1521; x_wconf 87' lang='lat' dir='ltr'>providentiae</span> <span class='ocrx_word' id='word_1_130' title='bbox 553 1465 748 1506; x_wconf 90' lang='lat' dir='ltr'>Domini.</span> <span class='ocrx_word' id='word_1_131' title='bbox 810 1464 944 1518; x_wconf 85' lang='lat' dir='ltr'>Quod</span> <span class='ocrx_word' id='word_1_132' title='bbox 974 1465 1191 1519; x_wconf 88' lang='lat' dir='ltr'>“aquila&#39;&#39;</span> <span class='ocrx_word' id='word_1_133' title='bbox 1217 1466 1275 1506; x_wconf 86' lang='lat' dir='ltr'>sit</span> <span class='ocrx_word' id='word_1_134' title='bbox 1302 1466 1620 1519; x_wconf 85' lang='lat' dir='ltr'>intelligentia,</span> <span class='ocrx_word' id='word_1_135' title='bbox 1644 1471 1713 1506; x_wconf 89' lang='lat' dir='ltr'>est</span> 
     </span>
     <span class='ocr_line' id='line_1_18' title="bbox 215 1527 1714 1584; baseline -0.001 -14"><span class='ocrx_word' id='word_1_136' title='bbox 215 1530 317 1584; x_wconf 90' lang='lat' dir='ltr'>quia</span> <span class='ocrx_word' id='word_1_137' title='bbox 348 1529 653 1582; x_wconf 86' lang='lat' dir='ltr'>intelligentia</span> <span class='ocrx_word' id='word_1_138' title='bbox 683 1535 752 1571; x_wconf 90' lang='lat' dir='ltr'>est</span> <span class='ocrx_word' id='word_1_139' title='bbox 784 1529 828 1570; x_wconf 87' lang='lat' dir='ltr'>in</span> <span class='ocrx_word' id='word_1_140' title='bbox 860 1528 1111 1577; x_wconf 55' lang='lat' dir='ltr'>luce‘caeli,</span> <span class='ocrx_word' id='word_1_141' title='bbox 1140 1535 1185 1570; x_wconf 91' lang='lat' dir='ltr'>et</span> <span class='ocrx_word' id='word_1_142' title='bbox 1212 1528 1361 1583; x_wconf 89' lang='lat' dir='ltr'>aquila</span> <span class='ocrx_word' id='word_1_143' title='bbox 1386 1528 1479 1569; x_wconf 91' lang='lat' dir='ltr'>alte</span> <span class='ocrx_word' id='word_1_144' title='bbox 1506 1527 1632 1569; x_wconf 86' lang='lat' dir='ltr'>volat</span> <span class='ocrx_word' id='word_1_145' title='bbox 1665 1535 1714 1568; x_wconf 93' lang='lat' dir='ltr'>ut</span> 
     </span>
     <span class='ocr_line' id='line_1_19' title="bbox 215 1591 1712 1646; baseline -0.001 -12"><span class='ocrx_word' id='word_1_146' title='bbox 215 1593 274 1634; x_wconf 92' lang='lat' dir='ltr'>ibi</span> <span class='ocrx_word' id='word_1_147' title='bbox 305 1593 378 1641; x_wconf 92' lang='lat' dir='ltr'>sit,</span> <span class='ocrx_word' id='word_1_148' title='bbox 410 1598 457 1633; x_wconf 89' lang='lat' dir='ltr'>et</span> <span class='ocrx_word' id='word_1_149' title='bbox 489 1592 817 1646; x_wconf 88' lang='lat' dir='ltr'>circumspiciat</span> <span class='ocrx_word' id='word_1_150' title='bbox 850 1592 1174 1646; x_wconf 89' lang='lat' dir='ltr'>undequaque;</span> <span class='ocrx_word' id='word_1_151' title='bbox 1211 1593 1316 1633; x_wconf 91' lang='lat' dir='ltr'>inde</span> <span class='ocrx_word' id='word_1_152' title='bbox 1348 1598 1417 1633; x_wconf 91' lang='lat' dir='ltr'>est</span> <span class='ocrx_word' id='word_1_153' title='bbox 1450 1591 1570 1645; x_wconf 91' lang='lat' dir='ltr'>quod</span> <span class='ocrx_word' id='word_1_154' title='bbox 1600 1591 1712 1632; x_wconf 91' lang='lat' dir='ltr'>haec</span> 
     </span>
     <span class='ocr_line' id='line_1_20' title="bbox 215 1654 1715 1710; baseline -0.001 -14"><span class='ocrx_word' id='word_1_155' title='bbox 215 1656 351 1697; x_wconf 89' lang='lat' dir='ltr'>facies</span> <span class='ocrx_word' id='word_1_156' title='bbox 373 1655 553 1697; x_wconf 90' lang='lat' dir='ltr'>cherubi</span> <span class='ocrx_word' id='word_1_157' title='bbox 575 1656 829 1709; x_wconf 87' lang='lat' dir='ltr'>apparuerit</span> <span class='ocrx_word' id='word_1_158' title='bbox 852 1655 1006 1696; x_wconf 90' lang='lat' dir='ltr'>similis</span> <span class='ocrx_word' id='word_1_159' title='bbox 1026 1655 1238 1710; x_wconf 88' lang='lat' dir='ltr'>“aquilae</span> <span class='ocrx_word' id='word_1_160' title='bbox 1260 1655 1472 1703; x_wconf 87' lang='lat' dir='ltr'>volanti‚&#39;’</span> <span class='ocrx_word' id='word_1_161' title='bbox 1492 1654 1715 1696; x_wconf 83' lang='lat' dir='ltr'>“volare&#39;&#39;</span> 
     </span>
     <span class='ocr_line' id='line_1_21' title="bbox 216 1717 1712 1773; baseline 0 -13"><span class='ocrx_word' id='word_1_162' title='bbox 216 1720 335 1761; x_wconf 88' lang='lat' dir='ltr'>enim</span> <span class='ocrx_word' id='word_1_163' title='bbox 360 1717 583 1771; x_wconf 85' lang='lat' dir='ltr'>significat</span> <span class='ocrx_word' id='word_1_164' title='bbox 615 1719 918 1772; x_wconf 81' lang='lat' dir='ltr'>praesentiam</span> <span class='ocrx_word' id='word_1_165' title='bbox 947 1726 994 1760; x_wconf 90' lang='lat' dir='ltr'>et</span> <span class='ocrx_word' id='word_1_166' title='bbox 1026 1717 1387 1773; x_wconf 69' lang='lat' dir='ltr'>perspectionem</span> <span class='ocrx_word' id='word_1_167' title='bbox 1412 1719 1712 1764; x_wconf 80' lang='lat' dir='ltr'>circumcirca.</span> 
     </span>
     <span class='ocr_line' id='line_1_22' title="bbox 216 1781 1714 1836; baseline 0.001 -14"><span class='ocrx_word' id='word_1_168' title='bbox 216 1788 263 1822; x_wconf 90' lang='lat' dir='ltr'>et</span> <span class='ocrx_word' id='word_1_169' title='bbox 281 1794 382 1822; x_wconf 90' lang='lat' dir='ltr'>cum</span> <span class='ocrx_word' id='word_1_170' title='bbox 397 1781 455 1822; x_wconf 91' lang='lat' dir='ltr'>de</span> <span class='ocrx_word' id='word_1_171' title='bbox 471 1781 635 1823; x_wconf 92' lang='lat' dir='ltr'>Divino</span> <span class='ocrx_word' id='word_1_172' title='bbox 649 1783 1078 1836; x_wconf 87' lang='lat' dir='ltr'>omnipraesentiam</span> <span class='ocrx_word' id='word_1_173' title='bbox 1096 1795 1105 1822; x_wconf 77' lang='grc' dir='ltr'>ε</span> <span class='ocrx_word' id='word_1_174' title='bbox 1130 1783 1251 1836; x_wconf 90' lang='lat' dir='ltr'>quod</span> <span class='ocrx_word' id='word_1_175' title='bbox 1263 1786 1288 1802; x_wconf 90' lang='lat'>“</span> <span class='ocrx_word' id='word_1_176' title='bbox 1301 1781 1480 1835; x_wconf 86' lang='lat' dir='ltr'>aquila&#39;’</span> <span class='ocrx_word' id='word_1_177' title='bbox 1490 1781 1714 1835; x_wconf 88' lang='lat' dir='ltr'>significet</span> 
     </span>
     <span class='ocr_line' id='line_1_23' title="bbox 216 1843 1714 1899; baseline 0.001 -15"><span class='ocrx_word' id='word_1_178' title='bbox 216 1843 583 1898; x_wconf 85' lang='lat' dir='ltr'>intelligentiam,</span> <span class='ocrx_word' id='word_1_179' title='bbox 611 1851 680 1886; x_wconf 88' lang='lat' dir='ltr'>est</span> <span class='ocrx_word' id='word_1_180' title='bbox 713 1846 850 1886; x_wconf 88' lang='lat' dir='ltr'>etiam</span> <span class='ocrx_word' id='word_1_181' title='bbox 881 1846 986 1899; x_wconf 87' lang='lat' dir='ltr'>quia</span> <span class='ocrx_word' id='word_1_182' title='bbox 1012 1849 1157 1887; x_wconf 86' lang='lat' dir='ltr'>“aves</span> <span class='ocrx_word' id='word_1_183' title='bbox 1183 1845 1326 1886; x_wconf 89' lang='lat' dir='ltr'>caeli”</span> <span class='ocrx_word' id='word_1_184' title='bbox 1352 1846 1396 1886; x_wconf 93' lang='lat' dir='ltr'>in</span> <span class='ocrx_word' id='word_1_185' title='bbox 1427 1845 1549 1886; x_wconf 90' lang='lat' dir='ltr'>bono</span> <span class='ocrx_word' id='word_1_186' title='bbox 1580 1859 1714 1886; x_wconf 87' lang='lat' dir='ltr'>sensu</span> 
     </span>
     <span class='ocr_line' id='line_1_24' title="bbox 215 1906 1712 1962; baseline 0 -14"><span class='ocrx_word' id='word_1_187' title='bbox 215 1906 813 1962; x_wconf 63' lang='lat' dir='ltr'>significantintellectualia</span> <span class='ocrx_word' id='word_1_188' title='bbox 835 1915 880 1949; x_wconf 91' lang='lat' dir='ltr'>et</span> <span class='ocrx_word' id='word_1_189' title='bbox 903 1908 1153 1958; x_wconf 85' lang='lat' dir='ltr'>rationalia,</span> <span class='ocrx_word' id='word_1_190' title='bbox 1177 1915 1223 1950; x_wconf 91' lang='lat' dir='ltr'>et</span> <span class='ocrx_word' id='word_1_191' title='bbox 1241 1908 1391 1962; x_wconf 84' lang='lat' dir='ltr'>aquila</span> <span class='ocrx_word' id='word_1_192' title='bbox 1412 1922 1518 1962; x_wconf 88' lang='lat' dir='ltr'>prae</span> <span class='ocrx_word' id='word_1_193' title='bbox 1536 1909 1712 1954; x_wconf 55' lang='lat' dir='ltr'>ceteris</span> 
     </span>
    </p>
   </div>
   <div class='ocr_carea' id='block_1_7' title="bbox 214 1969 1717 2124">
    <p class='ocr_par' dir='ltr' id='par_1_8' title="bbox 214 1969 1717 2124">
     <span class='ocr_line' id='line_1_25' title="bbox 215 1969 1717 2023; baseline 0 -14"><span class='ocrx_word' id='word_1_194' title='bbox 215 1969 319 2023; x_wconf 90' lang='lat' dir='ltr'>quia</span> <span class='ocrx_word' id='word_1_195' title='bbox 341 1983 433 2010; x_wconf 92' lang='lat' dir='ltr'>non</span> <span class='ocrx_word' id='word_1_196' title='bbox 455 1969 595 2011; x_wconf 91' lang='lat' dir='ltr'>modo</span> <span class='ocrx_word' id='word_1_197' title='bbox 612 1970 707 2015; x_wconf 89' lang='lat' dir='ltr'>alte</span> <span class='ocrx_word' id='word_1_198' title='bbox 723 1970 853 2010; x_wconf 83' lang='lat' dir='ltr'>volat</span> <span class='ocrx_word' id='word_1_199' title='bbox 876 1970 957 2011; x_wconf 88' lang='lat' dir='ltr'>sed</span> <span class='ocrx_word' id='word_1_200' title='bbox 980 1971 1118 2011; x_wconf 86' lang='lat' dir='ltr'>etiam</span> <span class='ocrx_word' id='word_1_201' title='bbox 1138 1976 1302 2011; x_wconf 89' lang='lat' dir='ltr'>acutae</span> <span class='ocrx_word' id='word_1_202' title='bbox 1325 1970 1437 2010; x_wconf 89' lang='lat' dir='ltr'>aciei</span> <span class='ocrx_word' id='word_1_203' title='bbox 1459 1976 1544 2010; x_wconf 88' lang='lat' dir='ltr'>est.</span> <span class='ocrx_word' id='word_1_204' title='bbox 1604 1980 1717 2018; x_wconf 81' lang='lat' dir='ltr'>(Quod</span> 
     </span>
     <span class='ocr_line' id='line_1_26' title="bbox 216 2031 1716 2070; baseline 0 -10"><span class='ocrx_word' id='word_1_205' title='bbox 216 2035 233 2045; x_wconf 82' lang='lat'>¹¹</span> <span class='ocrx_word' id='word_1_206' title='bbox 244 2040 318 2060; x_wconf 86' lang='lat' dir='ltr'>aves</span> <span class='ocrx_word' id='word_1_207' title='bbox 333 2031 438 2060; x_wconf 83' lang='lat' dir='ltr'>caeli”</span> <span class='ocrx_word' id='word_1_208' title='bbox 454 2031 631 2070; x_wconf 86' lang='lat' dir='ltr'>significent</span> <span class='ocrx_word' id='word_1_209' title='bbox 652 2031 878 2060; x_wconf 64' lang='lat' dir='ltr'>intelledmalia</span> <span class='ocrx_word' id='word_1_210' title='bbox 892 2036 923 2061; x_wconf 90' lang='lat' dir='ltr'>et</span> <span class='ocrx_word' id='word_1_211' title='bbox 937 2031 1102 2061; x_wconf 87' lang='lat' dir='ltr'>rationalia</span> <span class='ocrx_word' id='word_1_212' title='bbox 1123 2032 1155 2061; x_wconf 90' lang='lat' dir='ltr'>in</span> <span class='ocrx_word' id='word_1_213' title='bbox 1171 2036 1307 2069; x_wconf 88' lang='lat' dir='ltr'>utroque</span> <span class='ocrx_word' id='word_1_214' title='bbox 1321 2041 1425 2066; x_wconf 87' lang='lat' dir='ltr'>sensu,</span> <span class='ocrx_word' id='word_1_215' title='bbox 1442 2032 1586 2060; x_wconf 87' lang='lat' dir='ltr'>videatur</span> <span class='ocrx_word' id='word_1_216' title='bbox 1600 2040 1630 2060; x_wconf 91' lang='lat' dir='ltr'>n.</span> <span class='ocrx_word' id='word_1_217' title='bbox 1646 2039 1716 2068; x_wconf 81' lang='lat'>745,</span> 
     </span>
     <span class='ocr_line' id='line_1_27' title="bbox 214 2070 1714 2124; baseline 0.001 -15"><span class='ocrx_word' id='word_1_218' title='bbox 214 2081 284 2117; x_wconf 81' lang='lat'>77⁶,</span> <span class='ocrx_word' id='word_1_219' title='bbox 301 2081 370 2116; x_wconf 84' lang='lat'>866,</span> <span class='ocrx_word' id='word_1_220' title='bbox 385 2083 455 2119; x_wconf 81' lang='lat'>988,</span> <span class='ocrx_word' id='word_1_221' title='bbox 472 2079 573 2119; x_wconf 83' lang='lat'>[¹1991,</span> <span class='ocrx_word' id='word_1_222' title='bbox 589 2090 679 2119; x_wconf 80' lang='lat'><strong>3219.</strong></span> <span class='ocrx_word' id='word_1_223' title='bbox 695 2088 784 2119; x_wconf 86' lang='lat'>5149·</span> <span class='ocrx_word' id='word_1_224' title='bbox 800 2082 905 2120; x_wconf 84' lang='lat'>7441.)</span> <span class='ocrx_word' id='word_1_225' title='bbox 963 2070 1100 2124; x_wconf 82' lang='lat' dir='ltr'>Quod</span> <span class='ocrx_word' id='word_1_226' title='bbox 1133 2075 1158 2091; x_wconf 73' lang='lat'>‘⁴</span> <span class='ocrx_word' id='word_1_227' title='bbox 1172 2070 1356 2124; x_wconf 86' lang='lat' dir='ltr'>aquila’&#39;</span> <span class='ocrx_word' id='word_1_228' title='bbox 1386 2070 1614 2123; x_wconf 88' lang='lat' dir='ltr'>significet</span> <span class='ocrx_word' id='word_1_229' title='bbox 1645 2070 1714 2110; x_wconf 92' lang='lat' dir='ltr'>in-</span> 
     </span>
    </p>
   </div>
   <div class='ocr_carea' id='block_1_8' title="bbox 215 2131 1717 2242">
    <p class='ocr_par' dir='ltr' id='par_1_9' title="bbox 215 2131 1717 2242">
     <span class='ocr_line' id='line_1_28' title="bbox 215 2131 1717 2236; baseline 0 -64"><span class='ocrx_word' id='word_1_230' title='bbox 215 2131 533 2236; x_wconf 51' lang='lat' dir='ltr'>tillilrgentiam,</span> <span class='ocrx_word' id='word_1_231' title='bbox 567 2139 749 2174; x_wconf 90' lang='lat' dir='ltr'>constat</span> <span class='ocrx_word' id='word_1_232' title='bbox 781 2147 839 2174; x_wconf 85' lang='lat' dir='ltr'>ex</span> <span class='ocrx_word' id='word_1_233' title='bbox 872 2133 940 2173; x_wconf 85' lang='lat' dir='ltr'>his</span> <span class='ocrx_word' id='word_1_234' title='bbox 972 2133 1082 2174; x_wconf 92' lang='lat' dir='ltr'>locis</span> <span class='ocrx_word' id='word_1_235' title='bbox 1113 2133 1157 2173; x_wconf 93' lang='lat' dir='ltr'>in</span> <span class='ocrx_word' id='word_1_236' title='bbox 1190 2132 1347 2174; x_wconf 87' lang='lat' dir='ltr'>Verbo</span> <span class='ocrx_word' id='word_1_237' title='bbox 1363 2132 1574 2186; x_wconf 78' lang='lat' dir='ltr'>t—Apud</span> <span class='ocrx_word' id='word_1_238' title='bbox 1605 2131 1717 2172; x_wconf 76' lang='lat' dir='ltr'>Eze-</span> 
     </span>
     <span class='ocr_line' id='line_1_29' title="bbox 216 2209 406 2242; baseline 0.005 -7"><span class='ocrx_word' id='word_1_239' title='bbox 216 2209 237 2235; x_wconf 90' lang='lat' dir='ltr'>c</span> <span class='ocrx_word' id='word_1_240' title='bbox 270 2209 406 2242; x_wconf 80' lang='lat' dir='ltr'>zeem,</span> 
     </span>
    </p>
   </div>
   <div class='ocr_carea' id='block_1_9' title="bbox 286 2285 1718 2893">
    <p class='ocr_par' dir='ltr' id='par_1_10' title="bbox 286 2285 1718 2893">
     <span class='ocr_line' id='line_1_30' title="bbox 286 2285 1718 2327; baseline 0 -10"><span class='ocrx_word' id='word_1_241' title='bbox 286 2285 452 2327; x_wconf 86' lang='lat' dir='ltr'>“Aquila</span> <span class='ocrx_word' id='word_1_242' title='bbox 471 2295 616 2326; x_wconf 89' lang='lat' dir='ltr'>magna,</span> <span class='ocrx_word' id='word_1_243' title='bbox 638 2296 773 2327; x_wconf 89' lang='lat' dir='ltr'>magna</span> <span class='ocrx_word' id='word_1_244' title='bbox 792 2286 871 2324; x_wconf 89' lang='lat' dir='ltr'>alis,</span> <span class='ocrx_word' id='word_1_245' title='bbox 894 2286 1005 2327; x_wconf 88' lang='lat' dir='ltr'>longa</span> <span class='ocrx_word' id='word_1_246' title='bbox 1029 2286 1171 2327; x_wconf 85' lang='lat' dir='ltr'>pennis,</span> <span class='ocrx_word' id='word_1_247' title='bbox 1196 2286 1303 2327; x_wconf 86' lang='lat' dir='ltr'>plena</span> <span class='ocrx_word' id='word_1_248' title='bbox 1328 2286 1472 2327; x_wconf 89' lang='lat' dir='ltr'>plumis,</span> <span class='ocrx_word' id='word_1_249' title='bbox 1497 2286 1553 2318; x_wconf 90' lang='lat' dir='ltr'>cui</span> <span class='ocrx_word' id='word_1_250' title='bbox 1577 2286 1718 2327; x_wconf 87' lang='lat' dir='ltr'>acupic-</span> 
     </span>
     <span class='ocr_line' id='line_1_31' title="bbox 392 2330 1718 2371; baseline 0.001 -11"><span class='ocrx_word' id='word_1_251' title='bbox 392 2334 483 2367; x_wconf 86' lang='lat' dir='ltr'>tura,</span> <span class='ocrx_word' id='word_1_252' title='bbox 506 2330 606 2361; x_wconf 89' lang='lat' dir='ltr'>venit</span> <span class='ocrx_word' id='word_1_253' title='bbox 630 2339 739 2370; x_wconf 90' lang='lat' dir='ltr'>super</span> <span class='ocrx_word' id='word_1_254' title='bbox 763 2330 954 2368; x_wconf 88' lang='lat' dir='ltr'>Libanum,</span> <span class='ocrx_word' id='word_1_255' title='bbox 977 2335 1013 2361; x_wconf 87' lang='lat' dir='ltr'>et</span> <span class='ocrx_word' id='word_1_256' title='bbox 1037 2330 1176 2370; x_wconf 90' lang='lat' dir='ltr'>accepit</span> <span class='ocrx_word' id='word_1_257' title='bbox 1201 2330 1445 2361; x_wconf 87' lang='lat' dir='ltr'>ramusculum</span> <span class='ocrx_word' id='word_1_258' title='bbox 1466 2330 1584 2367; x_wconf 73' lang='lat' dir='ltr'>cedri,</span> <span class='ocrx_word' id='word_1_259' title='bbox 1609 2336 1718 2371; x_wconf 90' lang='lat' dir='ltr'>caput</span> 
     </span>
     <span class='ocr_line' id='line_1_32' title="bbox 391 2373 1716 2414; baseline 0 -10"><span class='ocrx_word' id='word_1_260' title='bbox 391 2373 618 2405; x_wconf 88' lang='lat' dir='ltr'>surculorum</span> <span class='ocrx_word' id='word_1_261' title='bbox 635 2373 714 2414; x_wconf 87' lang='lat' dir='ltr'>ejus</span> <span class='ocrx_word' id='word_1_262' title='bbox 731 2374 911 2414; x_wconf 88' lang='lat' dir='ltr'>decerpsit</span> <span class='ocrx_word' id='word_1_263' title='bbox 925 2383 932 2410; x_wconf 86' lang='grc'>;</span> <span class='ocrx_word' id='word_1_264' title='bbox 957 2380 993 2406; x_wconf 90' lang='lat' dir='ltr'>et</span> <span class='ocrx_word' id='word_1_265' title='bbox 1010 2374 1159 2406; x_wconf 86' lang='lat' dir='ltr'>deduxit</span> <span class='ocrx_word' id='word_1_266' title='bbox 1176 2374 1213 2405; x_wconf 91' lang='lat' dir='ltr'>in</span> <span class='ocrx_word' id='word_1_267' title='bbox 1233 2380 1366 2405; x_wconf 84' lang='lat' dir='ltr'>terram</span> <span class='ocrx_word' id='word_1_268' title='bbox 1383 2373 1658 2414; x_wconf 86' lang='lat' dir='ltr'>negotiationis,</span> <span class='ocrx_word' id='word_1_269' title='bbox 1679 2374 1716 2405; x_wconf 93' lang='lat' dir='ltr'>in</span> 
     </span>
     <span class='ocr_line' id='line_1_33' title="bbox 391 2417 1717 2458; baseline 0.001 -11"><span class='ocrx_word' id='word_1_270' title='bbox 391 2417 481 2448; x_wconf 91' lang='lat' dir='ltr'>urbe</span> <span class='ocrx_word' id='word_1_271' title='bbox 498 2417 803 2449; x_wconf 86' lang='lat' dir='ltr'>aromatoriorum</span> <span class='ocrx_word' id='word_1_272' title='bbox 821 2417 943 2458; x_wconf 88' lang='lat' dir='ltr'>posuit</span> <span class='ocrx_word' id='word_1_273' title='bbox 959 2418 1007 2449; x_wconf 93' lang='lat' dir='ltr'>id.</span> <span class='ocrx_word' id='word_1_274' title='bbox 1057 2418 1219 2458; x_wconf 89' lang='lat' dir='ltr'>Sumpsit</span> <span class='ocrx_word' id='word_1_275' title='bbox 1236 2418 1279 2449; x_wconf 90' lang='lat' dir='ltr'>de</span> <span class='ocrx_word' id='word_1_276' title='bbox 1297 2417 1436 2448; x_wconf 91' lang='lat' dir='ltr'>semine</span> <span class='ocrx_word' id='word_1_277' title='bbox 1454 2423 1584 2455; x_wconf 83' lang='lat' dir='ltr'>terrae,</span> <span class='ocrx_word' id='word_1_278' title='bbox 1602 2423 1638 2449; x_wconf 90' lang='lat' dir='ltr'>et</span> <span class='ocrx_word' id='word_1_279' title='bbox 1655 2427 1717 2457; x_wconf 94' lang='lat' dir='ltr'>po-</span> 
     </span>
     <span class='ocr_line' id='line_1_34' title="bbox 392 2459 1717 2502; baseline 0.001 -11"><span class='ocrx_word' id='word_1_280' title='bbox 392 2459 466 2491; x_wconf 85' lang='lat' dir='ltr'>suit</span> <span class='ocrx_word' id='word_1_281' title='bbox 482 2459 518 2491; x_wconf 91' lang='lat' dir='ltr'>id</span> <span class='ocrx_word' id='word_1_282' title='bbox 538 2459 575 2491; x_wconf 91' lang='lat' dir='ltr'>in</span> <span class='ocrx_word' id='word_1_283' title='bbox 593 2470 681 2500; x_wconf 88' lang='lat' dir='ltr'>agro</span> <span class='ocrx_word' id='word_1_284' title='bbox 699 2461 895 2498; x_wconf 80' lang='lat' dir='ltr'>sementis:</span> <span class='ocrx_word' id='word_1_285' title='bbox 920 2461 1059 2501; x_wconf 89' lang='lat' dir='ltr'>accepit</span> <span class='ocrx_word' id='word_1_286' title='bbox 1076 2461 1122 2492; x_wconf 91' lang='lat' dir='ltr'>ad</span> <span class='ocrx_word' id='word_1_287' title='bbox 1139 2471 1252 2502; x_wconf 92' lang='lat' dir='ltr'>aquas</span> <span class='ocrx_word' id='word_1_288' title='bbox 1269 2471 1435 2501; x_wconf 88' lang='lat' dir='ltr'>magnas,</span> <span class='ocrx_word' id='word_1_289' title='bbox 1455 2459 1717 2501; x_wconf 64' lang='lat' dir='ltr'>circumspecte</span> 
     </span>
     <span class='ocr_line' id='line_1_35' title="bbox 393 2503 1716 2544; baseline 0.002 -10"><span class='ocrx_word' id='word_1_290' title='bbox 393 2504 513 2544; x_wconf 88' lang='lat' dir='ltr'>posuit</span> <span class='ocrx_word' id='word_1_291' title='bbox 542 2504 598 2542; x_wconf 66' lang='grc' dir='ltr'>ἰός</span> <span class='ocrx_word' id='word_1_292' title='bbox 631 2510 667 2535; x_wconf 93' lang='lat' dir='ltr'>et</span> <span class='ocrx_word' id='word_1_293' title='bbox 694 2505 926 2544; x_wconf 87' lang='lat' dir='ltr'>germinavit,</span> <span class='ocrx_word' id='word_1_294' title='bbox 953 2511 990 2536; x_wconf 88' lang='lat' dir='ltr'>ct</span> <span class='ocrx_word' id='word_1_295' title='bbox 1017 2503 1153 2536; x_wconf 58' lang='lat' dir='ltr'>facium</span> <span class='ocrx_word' id='word_1_296' title='bbox 1181 2510 1237 2536; x_wconf 93' lang='lat' dir='ltr'>est</span> <span class='ocrx_word' id='word_1_297' title='bbox 1266 2505 1303 2536; x_wconf 91' lang='lat' dir='ltr'>in</span> <span class='ocrx_word' id='word_1_298' title='bbox 1332 2505 1443 2536; x_wconf 90' lang='lat' dir='ltr'>vitem</span> <span class='ocrx_word' id='word_1_299' title='bbox 1473 2505 1716 2536; x_wconf 86' lang='lat' dir='ltr'>luxuriantem</span> 
     </span>
     <span class='ocr_line' id='line_1_36' title="bbox 391 2547 1717 2588; baseline 0.002 -10"><span class='ocrx_word' id='word_1_300' title='bbox 391 2547 519 2579; x_wconf 89' lang='lat' dir='ltr'>humili</span> <span class='ocrx_word' id='word_1_301' title='bbox 539 2553 698 2586; x_wconf 88' lang='lat' dir='ltr'>statura;</span> <span class='ocrx_word' id='word_1_302' title='bbox 723 2548 774 2579; x_wconf 89' lang='lat' dir='ltr'>ita</span> <span class='ocrx_word' id='word_1_303' title='bbox 790 2554 830 2579; x_wconf 93' lang='lat' dir='ltr'>ut</span> <span class='ocrx_word' id='word_1_304' title='bbox 847 2548 1071 2588; x_wconf 88' lang='lat' dir='ltr'>respicerent</span> <span class='ocrx_word' id='word_1_305' title='bbox 1086 2548 1255 2588; x_wconf 87' lang='lat' dir='ltr'>palmites</span> <span class='ocrx_word' id='word_1_306' title='bbox 1272 2548 1351 2588; x_wconf 90' lang='lat' dir='ltr'>ejus</span> <span class='ocrx_word' id='word_1_307' title='bbox 1371 2549 1417 2580; x_wconf 91' lang='lat' dir='ltr'>ad</span> <span class='ocrx_word' id='word_1_308' title='bbox 1437 2548 1548 2586; x_wconf 90' lang='lat' dir='ltr'>illam,</span> <span class='ocrx_word' id='word_1_309' title='bbox 1568 2555 1605 2580; x_wconf 89' lang='lat' dir='ltr'>et</span> <span class='ocrx_word' id='word_1_310' title='bbox 1623 2549 1717 2580; x_wconf 85' lang='lat' dir='ltr'>radi-</span> 
     </span>
     <span class='ocr_line' id='line_1_37' title="bbox 392 2584 1717 2633; baseline 0.001 -11"><span class='ocrx_word' id='word_1_311' title='bbox 392 2600 452 2622; x_wconf 89' lang='lat' dir='ltr'>ces</span> <span class='ocrx_word' id='word_1_312' title='bbox 469 2590 548 2631; x_wconf 92' lang='lat' dir='ltr'>ejus</span> <span class='ocrx_word' id='word_1_313' title='bbox 564 2584 631 2622; x_wconf 78' lang='lat' dir='ltr'>su&#39;b</span> <span class='ocrx_word' id='word_1_314' title='bbox 649 2591 710 2622; x_wconf 91' lang='lat' dir='ltr'>illa</span> <span class='ocrx_word' id='word_1_315' title='bbox 726 2597 869 2629; x_wconf 87' lang='lat' dir='ltr'>essent;</span> <span class='ocrx_word' id='word_1_316' title='bbox 895 2591 947 2623; x_wconf 92' lang='lat' dir='ltr'>sic</span> <span class='ocrx_word' id='word_1_317' title='bbox 967 2590 1063 2623; x_wconf 60' lang='lat' dir='ltr'>faeta</span> <span class='ocrx_word' id='word_1_318' title='bbox 1080 2598 1134 2623; x_wconf 92' lang='lat' dir='ltr'>est</span> <span class='ocrx_word' id='word_1_319' title='bbox 1154 2591 1190 2623; x_wconf 92' lang='lat' dir='ltr'>in</span> <span class='ocrx_word' id='word_1_320' title='bbox 1208 2592 1319 2623; x_wconf 89' lang='lat' dir='ltr'>vitem</span> <span class='ocrx_word' id='word_1_321' title='bbox 1337 2602 1427 2633; x_wconf 90' lang='lat' dir='ltr'>quae</span> <span class='ocrx_word' id='word_1_322' title='bbox 1445 2592 1531 2623; x_wconf 81' lang='lat' dir='ltr'>fecit</span> <span class='ocrx_word' id='word_1_323' title='bbox 1550 2591 1717 2633; x_wconf 89' lang='lat' dir='ltr'>palmites</span> 
     </span>
     <span class='ocr_line' id='line_1_38' title="bbox 391 2634 1718 2676; baseline 0.002 -11"><span class='ocrx_word' id='word_1_324' title='bbox 391 2640 428 2666; x_wconf 88' lang='lat' dir='ltr'>et</span> <span class='ocrx_word' id='word_1_325' title='bbox 443 2634 565 2666; x_wconf 89' lang='lat' dir='ltr'>emisit</span> <span class='ocrx_word' id='word_1_326' title='bbox 577 2643 710 2667; x_wconf 89' lang='lat' dir='ltr'>ramos.</span> <span class='ocrx_word' id='word_1_327' title='bbox 761 2634 806 2666; x_wconf 83' lang='lat' dir='ltr'>Et</span> <span class='ocrx_word' id='word_1_328' title='bbox 821 2635 889 2666; x_wconf 79' lang='lat' dir='ltr'>fuit</span> <span class='ocrx_word' id='word_1_329' title='bbox 902 2635 1024 2676; x_wconf 89' lang='lat' dir='ltr'>aquila</span> <span class='ocrx_word' id='word_1_330' title='bbox 1036 2635 1151 2667; x_wconf 85' lang='lat' dir='ltr'>altera</span> <span class='ocrx_word' id='word_1_331' title='bbox 1163 2645 1308 2676; x_wconf 87' lang='lat' dir='ltr'>magna,</span> <span class='ocrx_word' id='word_1_332' title='bbox 1325 2644 1459 2676; x_wconf 86' lang='lat' dir='ltr'>magna</span> <span class='ocrx_word' id='word_1_333' title='bbox 1472 2635 1540 2667; x_wconf 93' lang='lat' dir='ltr'>alis</span> <span class='ocrx_word' id='word_1_334' title='bbox 1557 2642 1593 2667; x_wconf 91' lang='lat' dir='ltr'>et</span> <span class='ocrx_word' id='word_1_335' title='bbox 1610 2636 1718 2676; x_wconf 87' lang='lat' dir='ltr'>plena</span> 
     </span>
     <span class='ocr_line' id='line_1_39' title="bbox 393 2677 1718 2720; baseline 0.002 -11"><span class='ocrx_word' id='word_1_336' title='bbox 393 2677 537 2718; x_wconf 87' lang='lat' dir='ltr'>plumis,</span> <span class='ocrx_word' id='word_1_337' title='bbox 560 2677 606 2709; x_wconf 91' lang='lat' dir='ltr'>ad</span> <span class='ocrx_word' id='word_1_338' title='bbox 625 2687 732 2718; x_wconf 87' lang='lat' dir='ltr'>quam</span> <span class='ocrx_word' id='word_1_339' title='bbox 752 2688 835 2711; x_wconf 85' lang='lat' dir='ltr'>ecee</span> <span class='ocrx_word' id='word_1_340' title='bbox 854 2678 938 2710; x_wconf 88' lang='lat' dir='ltr'>vitis</span> <span class='ocrx_word' id='word_1_341' title='bbox 957 2679 1046 2711; x_wconf 91' lang='lat' dir='ltr'>haec</span> <span class='ocrx_word' id='word_1_342' title='bbox 1066 2679 1238 2719; x_wconf 88' lang='lat' dir='ltr'>applicuit</span> <span class='ocrx_word' id='word_1_343' title='bbox 1257 2679 1398 2711; x_wconf 89' lang='lat' dir='ltr'>radices</span> <span class='ocrx_word' id='word_1_344' title='bbox 1417 2689 1513 2716; x_wconf 89' lang='lat' dir='ltr'>suas,</span> <span class='ocrx_word' id='word_1_345' title='bbox 1537 2686 1572 2711; x_wconf 91' lang='lat' dir='ltr'>et</span> <span class='ocrx_word' id='word_1_346' title='bbox 1591 2679 1718 2720; x_wconf 91' lang='lat' dir='ltr'>palmi-</span> 
     </span>
     <span class='ocr_line' id='line_1_40' title="bbox 393 2721 1717 2763; baseline 0.002 -11"><span class='ocrx_word' id='word_1_347' title='bbox 393 2727 446 2752; x_wconf 89' lang='lat' dir='ltr'>tes</span> <span class='ocrx_word' id='word_1_348' title='bbox 463 2731 549 2752; x_wconf 94' lang='lat' dir='ltr'>suos</span> <span class='ocrx_word' id='word_1_349' title='bbox 566 2721 666 2753; x_wconf 88' lang='lat' dir='ltr'>misit</span> <span class='ocrx_word' id='word_1_350' title='bbox 682 2722 728 2763; x_wconf 78' lang='lat' dir='ltr'>ad</span> <span class='ocrx_word' id='word_1_351' title='bbox 745 2721 855 2759; x_wconf 88' lang='lat' dir='ltr'>illam,</span> <span class='ocrx_word' id='word_1_352' title='bbox 872 2722 918 2753; x_wconf 92' lang='lat' dir='ltr'>ad</span> <span class='ocrx_word' id='word_1_353' title='bbox 935 2722 1158 2762; x_wconf 89' lang='lat' dir='ltr'>irrigandum</span> <span class='ocrx_word' id='word_1_354' title='bbox 1173 2733 1253 2754; x_wconf 86' lang='lat' dir='ltr'>eam</span> <span class='ocrx_word' id='word_1_355' title='bbox 1271 2733 1315 2754; x_wconf 87' lang='lat' dir='ltr'>ex</span> <span class='ocrx_word' id='word_1_356' title='bbox 1331 2723 1464 2754; x_wconf 91' lang='lat' dir='ltr'>areolis</span> <span class='ocrx_word' id='word_1_357' title='bbox 1478 2723 1717 2763; x_wconf 89' lang='lat' dir='ltr'>plantationis</span> 
     </span>
     <span class='ocr_line' id='line_1_41' title="bbox 393 2759 1716 2807; baseline 0.002 -11"><span class='ocrx_word' id='word_1_358' title='bbox 393 2765 482 2805; x_wconf 87' lang='lat' dir='ltr'>ejus,</span> <span class='ocrx_word' id='word_1_359' title='bbox 503 2765 540 2796; x_wconf 89' lang='lat' dir='ltr'>in</span> <span class='ocrx_word' id='word_1_360' title='bbox 558 2774 647 2805; x_wconf 84' lang='lat' dir='ltr'>agro</span> <span class='ocrx_word' id='word_1_361' title='bbox 663 2766 762 2797; x_wconf 92' lang='lat' dir='ltr'>bono</span> <span class='ocrx_word' id='word_1_362' title='bbox 779 2765 876 2806; x_wconf 91' lang='lat' dir='ltr'>apud</span> <span class='ocrx_word' id='word_1_363' title='bbox 892 2775 1005 2806; x_wconf 90' lang='lat' dir='ltr'>aquas</span> <span class='ocrx_word' id='word_1_364' title='bbox 1023 2766 1155 2798; x_wconf 89' lang='lat' dir='ltr'>multas</span> <span class='ocrx_word' id='word_1_365' title='bbox 1173 2766 1235 2798; x_wconf 92' lang='lat' dir='ltr'>illa</span> <span class='ocrx_word' id='word_1_366' title='bbox 1251 2766 1426 2807; x_wconf 87' lang='lat' dir='ltr'>plantata,</span> <span class='ocrx_word' id='word_1_367' title='bbox 1446 2767 1491 2798; x_wconf 90' lang='lat' dir='ltr'>ad</span> <span class='ocrx_word' id='word_1_368' title='bbox 1509 2759 1716 2798; x_wconf 77' lang='lat' dir='ltr'>facieridum</span> 
     </span>
     <span class='ocr_line' id='line_1_42' title="bbox 393 2807 1718 2893; baseline 0.001 -53"><span class='ocrx_word' id='word_1_369' title='bbox 393 2818 545 2892; x_wconf 51' lang='lat' dir='ltr'>ramung,</span> <span class='ocrx_word' id='word_1_370' title='bbox 568 2814 604 2840; x_wconf 92' lang='lat' dir='ltr'>et</span> <span class='ocrx_word' id='word_1_371' title='bbox 623 2809 910 2893; x_wconf 63' lang='lat' dir='ltr'>adgportandum</span> <span class='ocrx_word' id='word_1_372' title='bbox 931 2807 1100 2847; x_wconf 62' lang='lat' dir='ltr'>fructum,</span> <span class='ocrx_word' id='word_1_373' title='bbox 1122 2816 1161 2842; x_wconf 87' lang='lat' dir='ltr'>ut</span> <span class='ocrx_word' id='word_1_374' title='bbox 1180 2816 1277 2842; x_wconf 87' lang='lat' dir='ltr'>esset</span> <span class='ocrx_word' id='word_1_375' title='bbox 1296 2810 1333 2841; x_wconf 91' lang='lat' dir='ltr'>in</span> <span class='ocrx_word' id='word_1_376' title='bbox 1354 2810 1463 2842; x_wconf 89' lang='lat' dir='ltr'>vitem</span> <span class='ocrx_word' id='word_1_377' title='bbox 1485 2809 1718 2851; x_wconf 85' lang='lat' dir='ltr'>magnificen-</span> 
     </span>
     <span class='ocr_line' id='line_1_43' title="bbox 392 2852 723 2885; baseline 0.006 -2"><span class='ocrx_word' id='word_1_378' title='bbox 392 2852 464 2884; x_wconf 89' lang='lat' dir='ltr'>tiae</span> <span class='ocrx_word' id='word_1_379' title='bbox 526 2852 612 2884; x_wconf 88' lang='lat' dir='ltr'>xvii.</span> <span class='ocrx_word' id='word_1_380' title='bbox 629 2861 670 2883; x_wconf 91' lang='lat'>1—</span> <span class='ocrx_word' id='word_1_381' title='bbox 716 2863 723 2885; x_wconf 91' lang='lat'>:</span> 
     </span>
    </p>
   </div>
   <div class='ocr_carea' id='block_1_10' title="bbox 218 2937 1715 3056">
    <p class='ocr_par' dir='ltr' id='par_1_11' title="bbox 218 2937 1715 3056">
     <span class='ocr_line' id='line_1_44' title="bbox 218 2937 1714 2993; baseline 0.001 -15"><span class='ocrx_word' id='word_1_382' title='bbox 218 2937 367 2992; x_wconf 88' lang='lat' dir='ltr'>agitur</span> <span class='ocrx_word' id='word_1_383' title='bbox 391 2938 451 2979; x_wconf 91' lang='lat' dir='ltr'>ibi</span> <span class='ocrx_word' id='word_1_384' title='bbox 482 2937 539 2979; x_wconf 90' lang='lat' dir='ltr'>de</span> <span class='ocrx_word' id='word_1_385' title='bbox 569 2938 895 2980; x_wconf 88' lang='lat' dir='ltr'>instauratione</span> <span class='ocrx_word' id='word_1_386' title='bbox 921 2938 1140 2980; x_wconf 89' lang='lat' dir='ltr'>ecclesiae</span> <span class='ocrx_word' id='word_1_387' title='bbox 1172 2939 1413 2993; x_wconf 89' lang='lat' dir='ltr'>spiritualis</span> <span class='ocrx_word' id='word_1_388' title='bbox 1445 2953 1470 2980; x_wconf 90' lang='lat' dir='ltr'>a</span> <span class='ocrx_word' id='word_1_389' title='bbox 1502 2939 1714 2986; x_wconf 85' lang='lat' dir='ltr'>Domino,</span> 
     </span>
     <span class='ocr_line' id='line_1_45' title="bbox 218 3001 1715 3056; baseline -0.001 -13"><span class='ocrx_word' id='word_1_390' title='bbox 218 3007 265 3043; x_wconf 90' lang='lat' dir='ltr'>et</span> <span class='ocrx_word' id='word_1_391' title='bbox 291 3001 557 3044; x_wconf 88' lang='lat' dir='ltr'>describitur</span> <span class='ocrx_word' id='word_1_392' title='bbox 581 3001 640 3043; x_wconf 89' lang='lat' dir='ltr'>ibi</span> <span class='ocrx_word' id='word_1_393' title='bbox 671 3002 714 3042; x_wconf 89' lang='lat' dir='ltr'>in</span> <span class='ocrx_word' id='word_1_394' title='bbox 746 3015 879 3043; x_wconf 84' lang='lat' dir='ltr'>sensu</span> <span class='ocrx_word' id='word_1_395' title='bbox 908 3002 1085 3044; x_wconf 89' lang='lat' dir='ltr'>interno</span> <span class='ocrx_word' id='word_1_396' title='bbox 1116 3016 1352 3056; x_wconf 86' lang='lat' dir='ltr'>processus</span> <span class='ocrx_word' id='word_1_397' title='bbox 1378 3003 1715 3043; x_wconf 85' lang='lat' dir='ltr'>instaurationis</span> 
     </span>
    </p>
   </div>
  </div>
 </body>
</html>
