2060 3476
389 343 471 388 540
797 343 1129 377 APOCALYPSIS
1160 345 1461 379 EXPLIGATA.

386 456 580 516 ecclesia
604 456 716 498 salvi
742 463 872 499 erunt
898 459 971 512 qui
1003 459 1047 500 in
1069 459 1189 500 bono
1215 460 1380 501 amoris
1410 460 1455 501 in
1482 460 1727 502 Dominum
1753 468 1871 504 sunt.

386 518 524 574 Apud
546 519 750 570 Esaiam,
1754 535 1760 542 ·

455 610 477 623 “
490 608 531 640 In
549 609 606 640 die
630 609 691 641 illo
709 610 774 642 erit
793 609 903 642 Israel
927 611 1033 643 tertia
1049 611 1216 652 Aegypto
1233 618 1268 644 et
1284 612 1448 650 Aschuri‚
1469 611 1671 646 benedietio
1695 613 1732 646 in
1756 613 1874 647 medio

559 659 685 690 terrae,
706 654 760 685 cui
778 654 963 686 benedicet
986 654 1160 696 Jehovah,
1181 656 1342 694 dicendo,
1365 655 1580 688 Benedicstus
1604 658 1756 698 populus
1773 667 1874 691 meus

559 696 757 737 Aegyptus.
785 704 820 729 et
847 707 938 738 opus
966 708 1135 730 manuum
1165 709 1324 731 mearum
1349 699 1499 738 Aschur,
1527 706 1562 732 et
1587 701 1765 734 hereditas
1794 711 1875 734 mea

561 739 672 772 Israel
684 739 701 752 ‘'
719 740 803 780 (xix.
823 749 874 780 24,
893 741 967 782 25);
1623 748 1626 751 '

383 812 464 868 per
480 818 506 836 “
519 815 758 857 Israelem’'
775 816 1046 870 intelligitur
1063 817 1295 871 spirituale
1312 818 1545 868 ecclesiae,
1565 833 1644 874 per
1660 819 1872 861 “Aschu-

385 891 479 918 rem
492 877 511 893 ’'
536 879 758 920 rationale
785 879 1017 920 hominum
1043 879 1150 933 ejus,
1178 887 1224 922 et
1251 895 1329 935 per
1353 881 1659 936 “Aegyptum
1674 882 1694 898 ’'
1716 884 1872 937 cogni-

386 942 534 983 tiones
556 948 602 983 et
625 941 897 994 scientifica;
930 943 1034 984 inde
1056 950 1266 985 constare
1289 951 1443 998 potest
1465 946 1570 999 quid
1596 945 1874 1000 significatur

384 1017 463 1057 per
479 1005 599 1058 quod
617 1005 794 1046 “Israel
817 1006 900 1046 erit
925 1006 1060 1047 tertia
1078 1005 1299 1061 Aegypto
1322 1014 1367 1049 et
1386 1007 1595 1058 Aschuri,
1615 1004 1873 1051 benediffio

384 1067 429 1108 in
452 1067 601 1108 medio
624 1067 812 1117 terrae‚''
833 1069 953 1122 quod
977 1082 1139 1123 nempe
1158 1070 1389 1124 spirituale
1411 1072 1495 1112 erit
1519 1085 1653 1113 omne
1679 1072 1753 1122 ibi,
1777 1077 1872 1114 tam

384 1130 606 1171 rationale
633 1143 767 1184 quam
793 1132 1076 1184 cognitivum
1105 1138 1151 1173 et
1181 1132 1503 1185 scientificum;
1546 1134 1727 1189 quando
1753 1135 1871 1176 enirn

383 1192 590 1233 intimum
605 1199 675 1234 est
693 1193 937 1247 spirituale,
953 1195 1073 1248 quod
1088 1201 1158 1236 est
1173 1209 1327 1236 verum
1342 1210 1401 1238 ex
1417 1197 1551 1245 bono,
1572 1203 1679 1239 tunc
1695 1211 1872 1252 quoque

383 1255 619 1304 rationale,
647 1256 766 1309 quod
790 1257 892 1298 inde
919 1264 1003 1306 est,
1031 1258 1169 1299 etiam
1195 1259 1426 1313 spirituale
1452 1266 1537 1308 est,
1566 1266 1614 1301 ut
1641 1267 1688 1301 et
1714 1261 1871 1314 cogni-

383 1318 526 1358 tivum
552 1324 599 1359 et
626 1319 950 1371 scientificum3
983 1327 1221 1375 utrumque
1244 1322 1363 1363 enirn
1385 1321 1602 1363 formatur
1627 1337 1686 1364 ex
1713 1324 1872 1364 intimo

383 1381 503 1434 quod
531 1387 600 1423 est
627 1395 781 1423 verum
808 1396 867 1424 ex
894 1383 1015 1424 bono
1036 1397 1114 1425 seu
1140 1384 1383 1438 spirituale.
1445 1384 1583 1439 Apud
1609 1385 1871 1435 Jeremiam,

452 1473 474 1486 ‘⁴
487 1470 653 1555 Frazsturn·
669 1479 723 1557 es)t
739 1483 800 1505 cor
816 1483 935 1506 meum
952 1474 987 1506 in
1006 1474 1124 1506 medio
1138 1474 1207 1506 mei
1221 1484 1228 1513 ;
1253 1481 1421 1516 quassata
1433 1482 1516 1521 sunt
1533 1476 1655 1507 omnia
1667 1485 1751 1508 ossa
1763 1485 1843 1508 mea
1855 1475 1874 1488 ”

570 1526 666 1548 xxm.
681 1526 702 1557 9
728 1526 735 1555 ;

386 1596 411 1612 ‘¹
426 1590 638 1633 Praetum
653 1593 786 1634 corin
806 1594 955 1634 medio
970 1594 1056 1635 mei
1068 1593 1087 1609 ”
1102 1593 1326 1648 significat
1342 1594 1545 1636 dolorem
1561 1595 1617 1636 ab
1631 1595 1800 1636 intimis
1814 1595 1871 1636 ad

383 1654 542 1696 ultima
564 1669 642 1696 seu
665 1670 742 1710 per
760 1662 936 1707 totum;
969 1671 1105 1711 quare
1127 1658 1266 1698 etiam
1289 1657 1464 1707 dicitur,
1483 1662 1507 1678 ‘⁴
1522 1657 1750 1711 Quassata
1768 1665 1872 1700 sunt

383 1719 534 1759 omnia
548 1733 650 1759 ossa
665 1732 765 1760 mea
783 1719 817 1770 ;”
843 1724 868 1740 “
881 1720 1007 1761 ossa”
1021 1720 1277 1774 significant
1293 1720 1464 1762 ultima.
1510 1721 1562 1762 In
1581 1722 1872 1775 sequentibus

383 1783 523 1823 etiam
543 1783 625 1823 “in
648 1782 828 1824 medio”
851 1782 1076 1836 significat
1099 1784 1144 1824 in
1167 1789 1269 1825 toto
1291 1797 1369 1825 seu
1395 1797 1473 1838 per
1495 1789 1644 1825 totum
1663 1782 1872 1838 :—-Apud

382 1844 586 1895 Esaiam,

453 1938 475 1950 ⁴·
487 1935 562 1967 Erit
579 1936 615 1967 in
633 1936 750 1968 medio
767 1942 894 1972 terrae.
916 1936 950 1968 in
969 1937 1087 1968 medio
1105 1937 1330 1977 populorum,
1350 1937 1440 1968 sicut
1464 1934 1629 1968 strietura
1652 1936 1763 1975 oleae,
1783 1936 1872 1968 sicut

557 1980 816 2012 racemationes
834 1980 976 2021 quando
992 1987 1240 2012 consummata
1256 1986 1310 2012 est
1324 1979 1533 2012 vindemia’'
1549 1979 1656 2020 (xxiv.
1676 1979 1749 2020 13);

383 2055 494 2096 haec
518 2054 638 2097 dieta
661 2062 765 2098 sunt
792 2056 848 2098 de
871 2056 1063 2098 ecclesia
1085 2062 1268 2098 vastata
1289 2057 1438 2110 quoad
1465 2057 1632 2098 bonum
1655 2062 1701 2098 et
1724 2057 1870 2110 quoad

374 2131 552 2167 verum,
579 2125 625 2160 et
653 2120 695 2159 in
723 2133 810 2173 qua
836 2133 926 2160 non
949 2120 1032 2160 nisi
1054 2132 1188 2174 quam
1211 2119 1379 2160 malum
1402 2125 1448 2160 et
1470 2119 1630 2160 falsum
1657 2125 1754 2170 est;
1790 2120 1872 2160 “in

383 2181 533 2222 medio
557 2187 703 2222 terrae
716 2182 735 2197 ”
762 2189 831 2223 est
858 2183 977 2236 quod
1006 2196 1084 2236 per
1110 2188 1259 2223 totum
1286 2181 1504 2223 ecclesiae
1531 2183 1589 2223 sit
1615 2181 1797 2232 malum,
1826 2188 1874 2223 et

386 2245 467 2284 “in
490 2245 638 2285 medio
661 2244 960 2298 populorum'’
982 2251 1051 2286 est
1075 2245 1194 2299 quod
1217 2258 1295 2299 per
1317 2251 1467 2286 totum
1489 2245 1582 2298 ejus
1605 2246 1662 2286 sit
1685 2244 1870 2286 salsum:

383 2320 519 2360 quare
542 2314 830 2360 comparatur
851 2321 952 2349 cum
978 2306 1224 2349 “strie'tura
1246 2307 1414 2356 oleae,”
1436 2314 1482 2349 et
1506 2321 1607 2349 cum
1632 2311 1872 2350 “racema-

383 2370 580 2410 tionibus
598 2368 764 2410 relistis
782 2371 963 2424 quando
980 2377 1297 2412 consummata
1310 2377 1380 2411 est
1398 2371 1626 2412 vindemia
1642 2370 1677 2422 ;''
1702 2375 1728 2391 ‘⁴
1741 2371 1842 2413 olea
1853 2371 1873 2387 '¹

383 2432 607 2487 significat
634 2433 801 2474 bonum
825 2433 1057 2482 ecclesiae,
1076 2434 1372 2475 “vindemia‘’
1393 2442 1548 2475 verum
1574 2434 1681 2487 ejus,
1703 2435 1871 2475 “stric-

383 2503 484 2537 tura
495 2495 514 2511 ’'
536 2502 583 2537 et
604 2497 1004 2538 “racemationes’'
1021 2495 1205 2539 reliStae
1227 2511 1380 2539 earum
1398 2497 1655 2551 significant
1678 2498 1871 2539 vastati-

383 2572 530 2601 onem.
593 2559 731 2613 Apud
759 2560 997 2610 Davidem,

451 2650 474 2663 “
486 2647 711 2689 Investigant
727 2650 978 2690 perversitates
982 2675 1074 2688 .....
1083 2660 1166 2682 nam
1184 2651 1339 2683 medium
1354 2651 1420 2682 viri
1437 2657 1541 2693 atque
1553 2661 1613 2683 cor
1626 2651 1842 2692 profundum
1854 2651 1873 2664 ”

557 2692 703 2732 (Psalm.
722 2691 839 2726 [¹]lxiv.
858 2701 876 2732 7
897 2692 957 2735 [B.
973 2695 1020 2726 A.
1037 2691 1089 2735 6])
1104 2703 1111 2733 ;

385 2769 621 2810 “medium
647 2769 758 2809 viri'’
783 2776 852 2811 est
879 2769 1188 2812 intelleRuale
1211 2771 1283 2811 ubi
1309 2777 1430 2812 esset
1457 2783 1626 2820 verum,
1654 2777 1702 2812 et
1726 2771 1872 2813 “cor’'

381 2831 671 2873 voluntarum
688 2833 761 2873 ubi
784 2839 904 2875 esset
923 2833 1091 2880 bonum
1109 2848 1118 2885 ;
1145 2834 1216 2875 hic
1235 2840 1472 2888 utrumque
1490 2843 1764 2888 perversum,
1783 2834 1870 2876 hoc

381 2895 425 2936 in
452 2894 620 2936 malum
646 2901 692 2936 et
714 2895 824 2936 illud
850 2896 894 2937 in
919 2896 1092 2938 falsum.
1154 2896 1293 2950 Apud
1319 2897 1526 2947 eundem,

451 2983 565 3016 ‘⁴Non
590 2985 721 3070 ἰῖἕτὲ
735 2984 890 3070 ωῧιενίε
916 2992 1061 3025 certum,
1082 2986 1237 3018 medium
1262 2996 1384 3018 eorum
1410 2986 1627 3027 perditiones
1637 2986 1655 2999 ''
1672 2986 1817 3027 (Psalm.
1834 2996 1867 3020 v,

558 3036 599 3059 10
667 3053 675 3061 .
728 3053 735 3061 .
752 3038 773 3070 9
816 3038 824 3068 ;
