2060 3476
628 326 733 360 CAP.
756 326 835 368 1v.,
859 326 998 359 VERS.
1019 316 1168 358 6.-Ν,
1192 315 1361 371 277[a].
1655 327 1740 371 447

408 442 666 486 providentiam
680 445 712 473 et
725 441 906 472 custodiam
926 439 978 483 [n.
996 438 1099 482 284];
1126 442 1183 473 “ot
1197 439 1350 482 requiem
1366 449 1432 473 non
1451 439 1622 473 habebant
1636 439 1691 472 die
1708 442 1743 473 et

416 489 526 524 nocte,
551 485 708 523 dicentia,
734 484 892 522 Sanctus,
916 486 1073 522 canctus,
1101 484 1275 522 sanctus,'¹
1299 483 1465 525 significat
1491 485 1741 515 sanc‘lissimum

416 533 507 574 quod
507 531 660 573 procedit
668 541 690 562 a
700 530 850 562 Domino
863 529 914 572 [n.
927 528 969 560 28
971 528 1009 571 5]
1020 540 1029 567 ;
1056 528 1240 562 “Dominus
1253 528 1346 562 oeus
1359 528 1582 571 omnipotens,
1595 527 1656 572 qui
1666 531 1743 562 erat

418 578 455 610 et
468 575 529 620 qui
542 578 599 610 eet
611 577 650 609 et
658 573 720 619 ψη·
733 574 928 612 uonturus,''
941 572 1106 615 significat
1120 573 1183 615 qui
1193 573 1351 616 infinum
1362 578 1393 604 et
1403 578 1559 605 aeternus
1575 573 1626 617 [n.
1642 572 1740 616 286].

320 695 524 750 277[a].
563 700 587 719 ⁹
597 695 649 736 Et
677 694 718 735 in
749 694 880 735 medio
917 693 1056 735 throni
1083 697 1128 735 et
1158 693 1315 735 circum
1349 694 1533 735 thr-onum
1567 698 1745 748 quatuor·

240 755 436 796 Animalia
459 757 583 809 plana
611 755 742 796 oculis
769 759 866 796 ante
895 758 940 795 ot
963 754 1314 807 mtr0.’'-Qu0d
1345 754 1572 808 significet
1597 761 1740 795 custo-

241 818 363 859 diam
393 824 436 859 et
462 817 795 871 providentiam
824 816 1008 858 Domini
1039 830 1091 857 ne
1119 816 1353 857 interiores
1383 816 1495 857 caeli
1520 816 1741 858 adeantur

242 881 334 922 nisi
354 896 383 923 a
404 881 509 922 bono
529 881 696 922 amoris
718 887 760 921 et
779 871 1030 929 eharitatis,
1054 886 1104 920 ut
1123 879 1355 932 inferiora,
1379 894 1491 933 quae
1510 880 1612 921 inde
1629 886 1739 933 pen-

242 945 357 995 dent,
396 945 442 986 in
478 944 632 985 ordine
666 944 770 993 sint,
804 949 989 985 constat
1027 957 1087 984 ex
1125 940 1456 996 significatione
1491 947 1554 985 “e
1591 944 1742 985 medio

243 1008 433 1057 throni,’'
451 1008 571 1062 quod
589 1008 647 1049 sit
665 1022 691 1048 a
714 1008 913 1048 Domino
933 1006 981 1061 (“
994 1005 1198 1048 Sedens”
1216 1007 1335 1047 enim
1356 1010 1526 1060 “super
1543 1007 1742 1048 throno‘'

244 1078 341 1113 erat
368 1071 603 1120 Dominus,
627 1071 834 1112 videatur
856 1084 1003 1123 supra,
1028 1083 1069 1110 n.
1095 1069 1195 1123 268)
1215 1084 1224 1121 3
1257 1076 1304 1111 et
1327 1084 1386 1111 ex
1409 1069 1741 1123 significatione

247 1135 451 1176 “circum
469 1134 725 1183 thronum,'’
742 1134 863 1188 quod
882 1134 972 1174 sint
990 1133 1104 1174 caeli
1122 1134 1359 1174 interiores
1377 1148 1455 1174 seu
1474 1134 1739 1187 superiores,

244 1199 307 1239 illi
330 1199 449 1240 enim
472 1203 577 1239 sunt
597 1197 764 1238 circum
788 1197 1034 1238 Dominum
1057 1198 1292 1251 proxime;
1326 1211 1385 1238 ex
1409 1197 1743 1251 significatione

247 1267 478 1316 “quatuor
503 1260 824 1309 Animalium,”
850 1274 965 1314 quae
997 1266 1127 1301 erant
1158 1260 1356 1310 cherubi,
1385 1260 1506 1315 quod
1538 1262 1628 1302 sint
1662 1260 1743 1301 Di-

244 1327 349 1367 vina
374 1325 583 1367 custodia
607 1330 655 1366 et
686 1324 972 1378 providentia
998 1337 1054 1364 ne
1087 1323 1200 1365 caeli
1231 1325 1468 1365 interiores
1500 1338 1579 1365 seu
1610 1338 1743 1378 supe-

244 1391 383 1431 riores
414 1389 637 1430 adeantur
667 1388 750 1428 nisi
785 1402 811 1428 a
847 1387 969 1428 bono
1000 1388 1166 1428 amoris
1198 1394 1245 1428 et
1277 1387 1515 1428 charitatis
1550 1387 1625 1442 (de
1657 1402 1745 1442 qua

245 1451 495 1507 sequitur);
538 1457 585 1493 et
619 1466 679 1493 ex
717 1449 1049 1504 significatione
1084 1450 1386 1492 “oculorum”
1418 1451 1576 1505 quibus
1613 1458 1744 1493 erant

248 1516 422 1570 “plena
436 1521 544 1556 ante
562 1521 608 1556 et
625 1514 788 1563 retro,’'
802 1514 923 1568 quod
938 1515 1028 1555 sint
1048 1514 1213 1555 Divina
1227 1515 1513 1569 providentia
1532 1515 1716 1556 Domini
1734 1530 1743 1566 ;

249 1579 435 1621 “oculi'’
463 1579 599 1627 enim,
623 1591 726 1619 cum
753 1577 808 1618 de
833 1577 1033 1627 homine,
1058 1577 1318 1631 significant
1344 1576 1643 1627 intelleefflm,
1671 1579 1745 1632 qui

246 1650 317 1684 est
349 1643 470 1684 visus
503 1641 596 1695 ejus
633 1642 862 1692 internus;
905 1654 1008 1682 cum
1039 1647 1194 1682 autem
1228 1641 1415 1682 “oculi’'
1447 1642 1658 1682 dicuntur
1689 1642 1745 1682 de

247 1706 360 1755 Deo,
385 1705 643 1759 significant
670 1705 884 1745 Divinam
911 1704 1246 1758 providentiam
1275 1702 1503 1758 (videatur
1528 1718 1676 1758 supra,
1701 1718 1744 1745 n.

245 1770 299 1811 68
331 1776 378 1810 et
415 1767 542 1822 152):
586 1775 633 1809 et
664 1768 768 1822 quia
803 1782 882 1822 per
916 1767 1149 1808 “oculos'’
1181 1768 1240 1808 ibi
1271 1767 1550 1821 significatur
1581 1767 1747 1809 Divina

246 1832 534 1886 providentia
571 1832 768 1880 Domini,
805 1845 861 1872 ne
898 1831 1012 1872 caeli
1053 1832 1304 1884 superiores
1341 1831 1563 1872 adeantur
1599 1832 1682 1872 nisi
1719 1845 1746 1872 a

246 1897 368 1937 bono
390 1896 556 1936 amoris
582 1901 628 1936 et
652 1894 903 1943 charitatis,
928 1894 1031 1935 ideo
1053 1895 1136 1935 visi
1163 1900 1267 1935 sunt
1292 1894 1475 1935 cherubi
1497 1894 1560 1935 illi
1586 1894 1746 1948 “pleni

187 1991 192 1996 .
246 1959 388 2001 oculis
412 1966 520 2000 ante
543 1965 589 2000 et
612 1965 735 1999 retro
751 1957 786 1998 :”
808 1957 928 2011 quod
951 1972 1010 1998 ex
1029 1957 1105 1998 illa
1123 1957 1408 2011 providentia
1427 1957 1611 1998 Domini
1633 1971 1745 2011 pen-

247 2024 386 2064 deant
405 2023 625 2071 inferiora,
647 2036 762 2076 quae
781 2028 887 2062 sunt
905 2021 1019 2062 caeli
1042 2021 1271 2062 inferiores
1288 2027 1334 2062 et
1358 2035 1535 2075 quoque
1553 2021 1748 2062 ecclesia

247 2088 291 2128 in
324 2088 468 2136 terris,
503 2093 551 2128 ut
588 2087 633 2127 in
665 2086 822 2126 ordine
855 2086 959 2134 sint,
993 2091 1064 2126 est
1096 2085 1200 2139 quia
1231 2085 1428 2125 influxus
1460 2085 1644 2125 Domini
1677 2091 1747 2126 est

247 2151 535 2192 immediatus
562 2164 588 2190 a
614 2149 671 2190 Se
695 2155 742 2190 et
764 2163 941 2203 quoque
964 2148 1190 2190 mediatus
1216 2162 1296 2202 per
1319 2148 1472 2189 caelos
1494 2149 1747 2202 superiores

248 2215 292 2254 in
319 2214 471 2255 caelos
497 2214 727 2254 inferiores
754 2220 800 2254 et
827 2214 871 2253 in
899 2212 1166 2263 ecclesiam;
1199 2226 1336 2266 quare
1363 2213 1447 2252 nisi
1474 2212 1587 2252 caeli
1614 2226 1747 2266 supe-

248 2277 387 2318 riores
413 2277 457 2317 in
484 2277 639 2318 ordine
662 2277 768 2325 sint,
795 2276 1026 2317 inferiores
1054 2289 1135 2316 nec
1165 2281 1354 2329 possent
1380 2275 1424 2315 in
1451 2275 1607 2316 ordine
1633 2289 1746 2316 esse.

249 2349 316 2387 (De
330 2358 396 2386 quo
417 2349 548 2378 Influxu
562 2349 707 2377 videatur
720 2348 753 2377 in
770 2349 927 2378 Doz‘lrina
945 2349 1055 2377 Novae
1073 2348 1317 2386 Hierosolymae,
1334 2357 1365 2377 n.
1382 2356 1450 2384 277,
1467 2347 1551 2386 278.)
1610 2335 1747 2389 Quod

250 2399 434 2441 cherubi
460 2400 550 2440 sint
577 2400 650 2454 qui
676 2400 746 2440 hic
773 2399 1090 2452 intelliguntur
1115 2413 1194 2452 per
1219 2402 1450 2452 “quatuor
1475 2398 1749 2448 Animalia,”

250 2469 433 2504 constat
462 2462 581 2517 apud
612 2462 898 2511 Ezechielem,
927 2463 996 2503 cui
1028 2462 1190 2502 similia
1214 2463 1311 2502 visa
1342 2468 1447 2503 sunt
1479 2462 1537 2503 ad
1567 2462 1748 2503 fluvium

252 2525 420 2575 Kebar‚
448 2540 562 2580 quae
588 2526 902 2567 describuntur
927 2525 985 2566 ab
1015 2525 1094 2566 illo
1125 2526 1169 2566 in
1201 2526 1350 2579 capite
1379 2526 1405 2566 i.
1433 2531 1480 2566 et
1512 2526 1663 2579 capite
1686 2540 1747 2574 x.‚

231 2597 297 2631 .et
322 2590 367 2630 in
393 2588 479 2630 hoc
507 2588 668 2630 ultimo
694 2594 916 2629 vocantur
945 2588 1198 2629 “cherubi''
1227 2587 1360 2641 (vers.
1389 2599 1422 2637 1,
1447 2599 1487 2637 2,
1509 2600 1550 2640 4,
1578 2597 1614 2642 5,
1643 2588 1683 2637 6,
1708 2598 1747 2641 7,

251 2654 290 2702 8,
313 2664 353 2706 9,
383 2663 445 2703 14,
475 2651 537 2702 16,
567 2653 628 2701 18,
659 2651 744 2705 19),
773 2658 819 2693 et
846 2651 903 2692 de
929 2651 1016 2692 illis
1041 2651 1218 2700 dicitur,
1583 2651 1586 2653 ’

319 2748 341 2761 “
353 2746 579 2778 Sustulerunt
590 2755 629 2777 se
640 2745 784 2777 cherubi
798 2755 805 2784 ;
829 2746 916 2776 haec
928 2745 1108 2777 Animalia
1119 2755 1208 2786 quae
1222 2746 1294 2777 vidi
1307 2746 1352 2777 ad
1365 2745 1512 2777 fluvium
1529 2745 1660 2778 Kebar.
1694 2770 1700 2777 .
1716 2771 1723 2777 .
1738 2770 1745 2777 .

427 2789 528 2821 Haec
551 2790 733 2820 Animalia
749 2799 838 2830 quae
854 2789 926 2821 vidi
951 2790 1018 2821 sub
1043 2789 1121 2820 Deo
1147 2789 1291 2821 Israelis
1313 2790 1358 2821 ad
1381 2789 1527 2821 fluvium
1548 2790 1678 2827 Kebar‚
1699 2789 1750 2820 in-

425 2833 546 2865 tellexi
563 2834 657 2874 quod
674 2833 819 2864 cherubi
835 2833 887 2864 illi
898 2832 917 2844 ’'
933 2832 1024 2874 (cap.
1041 2842 1074 2865 x.
1094 2840 1145 2872 15,
1163 2833 1229 2874 20).

252 2922 460 2976 Quatuor
495 2921 741 2971 Animalia,
780 2935 894 2976 quae
934 2921 1132 2971 cherubi,
1171 2922 1237 2963 ita
1277 2922 1592 2963 describuntur
1631 2901 1759 2975 apud}

252 2986 378 3027 illum
404 2985 702 3040 prophetam:
