2060 3476
615 368 722 401 CAP.
745 367 825 409 1v.,
848 367 987 400 VERs.
1010 368 1159 412 7.—N.
1182 358 1349 413 281[b].
1650 359 1737 414 467

235 483 540 536 intelligentia
557 482 813 538 spiritualis,
829 483 992 524 dicitur
1009 483 1129 537 quod
1150 484 1290 524 “vitis
1313 484 1369 524 ad
1392 483 1557 533 illam‚'’
1575 498 1738 538 nempe

233 546 444 600 aquilam,
466 546 770 601 “applicuerit
787 547 961 587 radices
983 560 1086 587 suas
1108 553 1154 587 et
1178 547 1348 587 miserit
1370 547 1582 600 palmites
1599 547 1633 598 ;'’
1658 562 1738 601 per

190 613 203 627 “
237 609 480 650 “radices”
506 611 626 651 enim
652 608 964 663 significantur
995 610 1226 658 scientiae,
1260 616 1306 651 et
1338 624 1417 663 per
1455 610 1738 664 “palmites''

235 673 526 725 cognitiones
562 673 655 714 veri
696 679 743 714 et
783 673 906 722 boni,
940 686 1055 726 quae
1096 686 1255 713 omnes
1296 672 1581 726 applicantur
1620 674 1738 715 veris

235 749 350 789 quae
382 742 487 777 sunt
525 737 569 777 in
607 735 825 789 spirituali
863 749 941 776 seu
978 736 1159 776 interno
1195 735 1406 787 homine;
1450 737 1546 777 sine
1583 750 1737 778 earum

234 798 540 852 applicatione
581 798 800 853 spirituali
831 798 970 840 homo
1007 798 1117 839 nihil
1149 799 1294 852 sapit:
1338 799 1659 853 multiplicatio
1690 806 1737 842 et

233 860 516 903 fructificatio
547 862 640 903 veri
671 876 731 903 ex
763 862 900 911 bono,
933 863 997 904 ita
1027 863 1357 904 incrementum
1388 862 1735 916 intelligentiae,

235 926 502 967 describitur
538 939 617 979 per
648 925 769 979 quod
804 925 919 966 “illa
956 925 1166 979 plantata
1201 925 1332 967 fuerit
1369 926 1414 966 in
1450 938 1563 978 agro
1599 926 1735 975 bono,

235 989 353 1042 apud
375 1003 514 1044 aquas
536 988 717 1038 multas,
742 988 799 1029 ad
821 989 1074 1030 faciendum
1097 1002 1284 1038 ramum,
1308 995 1354 1031 et
1377 989 1434 1030 ad
1461 990 1736 1046 portandum

234 1050 438 1101 fructum,
466 1058 515 1093 ut
544 1058 666 1093 esset
696 1052 742 1092 in
767 1053 908 1093 vitem
935 1051 1299 1106 magnificentiae
1316 1052 1351 1104 ;''
1384 1056 1531 1106 “ager
1562 1051 1737 1094 bonus‘’

235 1122 304 1157 est
330 1115 522 1156 ecclesia
547 1114 695 1169 quoad
722 1115 893 1156 bonum
920 1115 1171 1164 charitatis,
1197 1120 1379 1170 i‘aquae
1405 1116 1576 1157 multae
1589 1115 1609 1131 ’'
1631 1123 1737 1157 sunt

235 1179 521 1232 cognitiones
547 1179 654 1219 boni
685 1184 732 1219 et
758 1179 865 1227 veri,
895 1179 1081 1220 “facere
1107 1183 1281 1220 ramum
1294 1179 1313 1194 ''
1339 1186 1409 1221 est
1436 1179 1738 1233 multiplicare

234 1256 354 1292 vera,
395 1246 618 1296 “portare
655 1240 878 1283 frufiaeuffl
914 1249 986 1283 est
1028 1243 1275 1296 producere
1316 1243 1437 1284 bona
1476 1257 1591 1297 quae
1632 1249 1737 1284 sunt

235 1320 353 1355 usus,
383 1306 526 1347 “vitis
553 1305 918 1359 magnificentiae
930 1305 950 1321 ''
976 1313 1045 1347 est
1072 1306 1265 1347 ecclesia
1290 1306 1546 1360 spiritualis,
1574 1307 1636 1354 sic
1668 1306 1738 1346 in-

234 1374 367 1408 terna
393 1373 439 1408 et
466 1373 677 1408 externa.
737 1378 816 1416 (Sed
830 1378 921 1422 haec,
938 1378 1015 1415 quia
1037 1387 1155 1408 arcana
1177 1379 1427 1416 regenerationis
1449 1383 1480 1407 et
1503 1378 1740 1408 instaurationis

234 1427 385 1456 ecclesiae
399 1428 487 1465 apud
497 1427 661 1456 hominem
673 1432 756 1461 sunt,
769 1427 882 1456 melius
893 1427 1027 1464 perspici
1039 1432 1173 1464 possunt
1185 1436 1224 1455 ex
1239 1427 1299 1456 illis
1313 1435 1396 1464 quae
1411 1427 1443 1456 in
1457 1427 1618 1456 Doctrina
1629 1427 1741 1456 Novae

235 1473 480 1511 Hierosolymae,
497 1481 536 1501 ex
551 1472 692 1501 Arcanis
707 1472 905 1506 Caelestibus,
923 1472 974 1501 De
988 1472 1133 1502 Scientiis
1148 1477 1179 1501 et
1194 1472 1448 1510 Cognitionibus,
1466 1481 1497 1502 n.
1510 1479 1559 1509 51,
1573 1477 1640 1501 tum
1656 1481 1740 1509 quae

236 1519 286 1547 De
303 1518 566 1555 Regeneratione,
582 1527 613 1547 n.
632 1520 689 1555 183
704 1518 758 1552 ibi,
773 1518 869 1547 allata
882 1517 980 1556 sunt.)

324 1568 408 1623 [ἰὴ]
454 1568 589 1622 Quod
610 1568 825 1622 “aquila'’
843 1568 1194 1622 intelligentiam
1213 1567 1450 1622 significet,
1471 1569 1608 1610 etiam
1626 1581 1737 1610 con-

235 1638 356 1674 stare
382 1638 535 1686 potest
561 1632 678 1687 apud
704 1631 908 1682 Esazam,

304 1720 600 1762 “Exspedzantes
631 1721 807 1764 Jehovam
839 1722 1059 1754 innovantur
1090 1723 1230 1760 robore,
1258 1728 1293 1754 et
1325 1722 1525 1754 ascendunt
1556 1722 1614 1754 ala
1646 1722 1738 1753 sicut

411 1766 551 1807 aquilae
563 1765 583 1778 '’
602 1765 663 1804 (xl.
681 1765 758 1806 31);

237 1850 519 1891 “ascendere
545 1849 617 1891 ala
642 1850 756 1891 sicut
783 1849 998 1904 aquilae‚’'
1024 1856 1094 1891 est
1116 1850 1160 1890 in
1188 1849 1334 1891 lucem
1358 1849 1484 1899 caeli,
1508 1850 1572 1890 ita
1597 1850 1641 1890 in
1669 1850 1737 1890 in-

237 1913 555 1967 telligentiam.
616 1912 755 1966 Apud
784 1913 1022 1963 Davidem,

305 2004 327 2017 ‘⁴
337 2002 500 2045 Jehovah
512 2003 570 2044 qui
581 2008 718 2034 saturat
727 2012 768 2034 os
779 2009 934 2041 tuum,ut
945 2003 1130 2035 renoveris
1142 2003 1233 2035 sicut
1243 2003 1378 2045 aquila.
1391 2028 1400 2036 .
1413 2028 1422 2035 .
1431 2002 1450 2015 '¹
1461 2002 1683 2043 (Psalm.ciii.
1691 2002 1739 2044 5);

239 2092 484 2133 “renovari
516 2092 631 2132 sicut
663 2091 843 2146 aquila”
874 2098 945 2133 est
982 2091 1132 2146 quoad
1170 2091 1537 2145 intelligentiam.
1598 2091 1738 2145 Apud

239 2155 416 2204 Mosen,
1142 2176 1144 2178 v
1692 2153 1695 2154 ⁷

306 2237 505 2270 “Vidistis.
519 2263 527 2270 .
541 2263 549 2270 .
564 2238 761 2279 ,quomodo
781 2238 924 2269 tulerim
944 2248 1010 2269 vos
1035 2238 1126 2270 sicut
1145 2238 1211 2269 alis
1236 2238 1447 2279 aquilarum,
1470 2244 1506 2270 et
1529 2239 1738 2270 adduxerim

412 2291 478 2313 vos
497 2282 542 2313 ad
563 2281 653 2313 Me”
673 2282 798 2321 (Exod.
817 2282 889 2314 xix.
906 2281 962 2322 4);

241 2369 266 2385 ‘⁸
279 2365 390 2406 ferre
408 2365 522 2406 sicut
539 2365 621 2406 alis
638 2365 885 2419 aquilarum
905 2372 951 2407 et
970 2366 1195 2406 adducere
1207 2365 1226 2380 ’¹
1243 2372 1313 2407 est
1336 2380 1513 2420 quoque
1535 2367 1580 2407 in
1602 2367 1739 2408 intel-

239 2430 489 2484 ligentiam,
513 2430 616 2483 quia
637 2430 680 2470 in
703 2430 878 2471 caelum
901 2437 948 2471 et
970 2429 1063 2483 ejus
1085 2429 1246 2470 lucem.
1308 2429 1447 2483 Apud
1471 2431 1680 2480 eundem,

304 2515 468 2553 Jehovah
491 2515 662 2547 “invenit
681 2516 763 2547 eum¹
784 2516 820 2547 in
845 2522 940 2547 terra
963 2516 1094 2547 deserti
1099 2540 1192 2553 .....
1200 2516 1435 2548 circumduxit
1458 2526 1552 2554 eum,
1573 2516 1740 2548 instruxit

414 2568 508 2597 eum,
522 2559 714 2590 custodivit
727 2569 809 2591 eum
821 2560 912 2591 sicut
925 2560 1097 2600 pupillum
1111 2560 1204 2591 oculi
1219 2569 1226 2597 ;
1244 2560 1334 2591 sicut
1347 2560 1466 2601 aquila
1476 2561 1606 2592 excitat
1617 2560 1739 2591 nidum

414 2612 529 2640 suum,
557 2613 664 2644 super
688 2603 795 2643 pullis
819 2603 961 2634 motitat
989 2613 1039 2641 se,
1067 2603 1239 2643 expandit
1266 2604 1343 2635 alas
1368 2613 1462 2642 suas,
1491 2604 1619 2644 accipit
1643 2613 1735 2641 eum,

415 2652 534 2687 portat
553 2656 634 2678 eum
648 2656 761 2730 )super
779 2646 837 2678 ala
860 2656 947 2683 sua:
972 2647 1022 2678 sic
1038 2646 1202 2689 Jehovah
1227 2648 1326 2679 solus
1348 2647 1444 2679 ducit
1468 2647 1578 2679 eum”
1598 2647 1737 2687 (Deutr.

414 2700 524 2722 xxxii.
541 2698 646 2722 10—12
673 2701 680 2722 :

238 2775 389 2829 agitur
410 2774 469 2815 ibi
492 2774 549 2815 de
571 2774 897 2815 instauratione
919 2774 1155 2815 Ecclesiae
1178 2774 1425 2829 Antiquae,
1445 2788 1496 2816 ac
1519 2775 1576 2816 de
1598 2775 1741 2828 prima

239 2838 560 2880 reformatione
577 2851 731 2878 eorum
749 2839 823 2891 qui
841 2838 898 2878 ab
916 2852 969 2879 ea
986 2837 1178 2878 ecclesia
1195 2852 1205 2889 ;
1231 2839 1400 2891 primus
1418 2845 1566 2879 status
1585 2850 1739 2878 eorum

239 2901 510 2954 intelligitur
528 2914 607 2954 per
627 2904 650 2920 “
665 2907 831 2941 terram
849 2901 1017 2942 deserti
1032 2901 1050 2916 '²
1067 2902 1111 2941 in
1129 2915 1216 2955 qua
1234 2902 1406 2942 invenit
1424 2901 1525 2942 illos
1543 2915 1552 2952 ;
1582 2904 1740 2941 “terra

239 2964 408 3006 deserti
421 2963 440 2979 ''
472 2970 542 3005 est
579 2964 652 3004 ubi
689 2977 780 3004 non
813 2964 982 3005 bonum
1019 2965 1122 3018 quia
1158 2978 1248 3005 non
1280 2978 1460 3015 verum3
1502 2961 1739 3004 instructio

240 3040 394 3068 eorum
425 3027 470 3068 in
502 3027 632 3077 veris,
667 3027 913 3068 custoditio
945 3041 970 3068 a
1000 3027 1136 3077 falsis,
1170 3041 1221 3069 ac
1253 3027 1443 3081 aperitio
1473 3027 1738 3068 interiorum
