2060 3476
690 337 797 370 CAP.
821 337 907 379 111.,
930 337 1069 370 VERS.
1093 329 1238 370 8.—N.
1262 339 1356 382 209.
1691 340 1771 383 313

274 459 323 495 et
348 452 473 494 falsa.
535 451 695 495 Omnis
720 453 930 507 potentia
951 466 1065 506 quae
1087 458 1158 493 est
1184 451 1360 505 angelis
1387 457 1433 492 et
1457 464 1634 505 quoque
1657 465 1771 505 quae

275 522 346 557 est
383 516 640 558 hominibus
676 522 746 557 est
783 529 810 556 a
847 515 1072 566 Domino;
1115 521 1162 556 et
1195 521 1416 569 quantum
1451 513 1516 555 illi
1549 515 1771 568 recipiunt

276 578 522 621 Dominum
549 586 729 621 tantum
755 580 990 633 potentiae
1016 578 1104 619 illis
1130 584 1213 619 est.
1276 577 1365 631 Qui
1391 578 1535 619 credit
1562 578 1682 631 quod
1712 592 1771 619 ex

275 644 455 696 proprio
487 643 681 684 hominis
712 643 922 696 potentia
947 642 1006 682 sit
1038 648 1198 682 contra
1229 640 1320 690 illa,
1349 641 1542 682 multum
1574 641 1770 691 fallitur;

275 712 380 747 sunt
407 707 527 748 enim
550 705 656 748 mali
678 707 874 760 spiritus,
898 705 972 760 qui
999 703 1225 758 conjunc'ti
1252 710 1357 746 sunt
1383 705 1579 754 infernis,
1604 705 1677 759 qui
1703 705 1770 745 in-

274 769 421 811 serunt
453 770 572 824 apud
609 769 816 810 homines
847 768 968 809 mala
1000 775 1047 810 et
1084 769 1189 810 inde
1225 768 1365 820 falsa;
1408 775 1455 810 et
1493 768 1558 809 illi
1589 769 1771 822 spiritus

275 832 424 886 plures
447 839 566 882 sunt,
586 839 633 874 et
655 833 841 887 quisque
863 829 1127 885 conjunctus
1150 831 1349 885 pluribus
1371 831 1567 881 infernis,
1591 832 1636 872 in
1658 845 1771 885 quo-

274 909 371 936 rum
395 897 644 950 unoquovis
667 897 805 938 etiam
828 895 959 937 multi
981 902 1112 946 sunt;
1145 895 1248 936 illos
1274 895 1331 936 ab
1357 895 1541 936 homine
1563 901 1771 936 avertere

275 972 366 1000 non
392 966 547 1013 potest
573 973 708 1014 quam
734 958 856 1000 solus
883 959 1118 1008 Dominus,
1143 958 1266 1000 solus
1289 959 1411 1000 enim
1439 958 1661 1000 Dominus
1687 973 1769 1013 po-

274 1029 496 1063 testatem
522 1023 662 1064 habet
689 1037 822 1076 super
845 1022 1030 1071 inferna,
1058 1029 1105 1064 et
1134 1036 1316 1076 prorsus
1342 1021 1514 1062 nullam
1546 1022 1684 1063 homo
1710 1037 1770 1064 ex

274 1099 322 1126 se
353 1099 431 1126 seu
463 1100 522 1127 ex
554 1100 635 1127 suo
661 1087 867 1140 proprio;
901 1092 1121 1140 quantum
1152 1087 1306 1140 itaque
1337 1084 1476 1126 homo
1504 1084 1770 1138 conjunctus

274 1155 345 1190 est
377 1149 576 1190 Domino
607 1163 686 1203 per
710 1163 927 1199 amorem,
955 1155 1137 1190 tantum
1168 1150 1405 1203 potentiae
1437 1150 1476 1190 ei
1508 1155 1592 1190 est.
1655 1148 1769 1191 Sunt

273 1213 364 1254 bini
401 1226 578 1254 amores
609 1214 682 1267 qui
718 1219 913 1266 regnant
951 1213 995 1253 in
1032 1213 1170 1254 caelis
1207 1219 1253 1254 et
1285 1213 1359 1267 qui
1395 1213 1564 1254 faciunt
1601 1213 1768 1262 caelos,

273 1289 436 1330 nempe
462 1289 590 1317 amor
613 1277 659 1317 in
691 1276 937 1317 Dominum
964 1283 1010 1317 et
1037 1290 1165 1317 amor
1190 1289 1299 1329 erga
1325 1277 1611 1330 proximum;
1644 1290 1771 1317 amor

271 1340 317 1380 in
348 1339 594 1380 Dominum
620 1346 810 1380 vocatur
835 1353 962 1380 amor
988 1339 1215 1388 caelestis,
1243 1346 1290 1380 et
1322 1353 1449 1380 amor
1474 1353 1583 1392 erga
1614 1341 1769 1393 proxi-

272 1416 394 1444 mum
425 1409 616 1444 vocatur
643 1416 770 1443 amor
795 1402 1065 1456 spiritualis:
1099 1402 1187 1443 illis
1213 1403 1287 1457 qui
1318 1404 1375 1444 in
1395 1416 1550 1443 amore
1582 1402 1770 1444 caelesti

271 1473 377 1508 sunt
399 1473 470 1508 est
493 1466 638 1507 multa
660 1467 884 1520 potentia,
903 1473 951 1507 at
974 1466 1062 1507 illis
1080 1467 1154 1520 qui
1176 1467 1221 1507 in
1243 1479 1396 1507 amore
1420 1465 1642 1519 spirituali
1664 1473 1769 1507 sunt

271 1536 342 1571 est
361 1529 579 1571 nonnulla
595 1530 804 1583 potentia
821 1544 830 1581 ;
858 1536 904 1571 et
922 1531 1025 1584 quia
1042 1531 1086 1570 in
1104 1530 1283 1583 scriptis
1306 1529 1363 1570 ad
1382 1528 1617 1582 Angelum
1640 1529 1770 1582 hujus

272 1592 508 1634 Ecclesiae
534 1594 684 1646 agitur
708 1593 764 1633 de
789 1592 877 1634 illis
899 1594 973 1647 qui
999 1594 1043 1634 in
1069 1607 1222 1634 amore
1249 1606 1358 1646 erga
1383 1593 1641 1646 proximum
1664 1599 1769 1634 sunt

272 1670 350 1697 seu
375 1657 420 1696 in
446 1655 672 1697 charitate
698 1662 745 1697 et
777 1655 882 1697 inde
913 1655 1000 1697 fide
1027 1663 1147 1706 sunt,
1175 1657 1249 1710 qui
1280 1669 1407 1697 amor
1429 1661 1500 1696 est
1527 1669 1654 1697 amor
1679 1657 1770 1710 spi-

271 1719 460 1768 ritualis,
491 1719 593 1760 ideo
625 1719 788 1760 dicitur
821 1719 1140 1760 “Nonnullam
1171 1719 1314 1760 habes
1345 1719 1641 1772 potentiam.'’
1701 1719 1769 1761 At

272 1782 506 1823 sciendum
543 1788 613 1823 est
650 1782 771 1836 quod
811 1783 958 1823 omnis
998 1783 1208 1836 potentia
1244 1796 1359 1836 quae
1395 1796 1421 1822 a
1462 1782 1662 1823 Domino
1698 1790 1769 1824 est

270 1845 447 1899 angelis
473 1851 519 1886 et
546 1845 817 1894 hominibus,
845 1847 903 1887 sit
930 1860 991 1886 ex
1019 1846 1141 1886 bono
1166 1846 1359 1897 amoris3
1393 1852 1439 1886 et
1467 1847 1570 1899 quia
1601 1846 1769 1887 bonum

271 1910 436 1949 amoris
462 1922 554 1950 non
586 1923 645 1950 ex
678 1923 726 1950 se
757 1910 854 1962 agit
883 1909 963 1950 sed
996 1923 1075 1963 per
1099 1923 1219 1957 vera,
1248 1909 1350 1950 ideo
1382 1910 1528 1950 omnis
1561 1911 1770 1962 potentia

270 1978 342 2013 est
365 1972 486 2013 bono
507 1973 673 2013 amoris
696 1986 774 2026 per
796 1987 915 2022 vera,
941 1979 986 2013 et
1013 1973 1132 2026 apud
1155 1972 1412 2026 spirituales
1435 1986 1495 2013 ex
1517 1972 1638 2013 bono
1660 1973 1768 2014 cha-

269 2035 419 2076 ritatis
451 2049 530 2089 per
559 2049 667 2076 vera
697 2034 828 2076 fidei:
871 2035 1040 2076 bonum
1071 2036 1191 2076 enirn
1228 2035 1373 2076 induit
1394 2036 1490 2076 ‚sibi
1521 2036 1654 2089 quale
1691 2051 1770 2090 per

270 2111 402 2149 vera;
445 2111 551 2139 nam
582 2098 751 2139 bonum
784 2098 954 2152 absque
985 2099 1102 2139 veris
1134 2112 1225 2139 non
1262 2098 1402 2139 habet
1434 2098 1581 2152 quale,
1616 2106 1662 2140 et
1696 2101 1770 2142 ubi

270 2173 362 2202 non
384 2161 516 2215 quale
538 2161 597 2203 ibi
619 2175 710 2202 non
732 2163 799 2203 vis
821 2168 899 2203 aut
926 2163 1160 2216 potentia-;
1194 2162 1298 2203 inde
1324 2168 1454 2215 patet
1477 2163 1596 2215 quod
1623 2165 1770 2205 omnis

270 2226 479 2278 potentia
501 2226 559 2266 sit
581 2225 702 2266 bono
725 2239 803 2278 per
824 2239 944 2274 vera,
964 2239 1041 2266 seu
1064 2225 1277 2266 charitati
1300 2239 1378 2278 per
1400 2224 1550 2274 fidem,
1570 2239 1622 2266 ac
1646 2223 1771 2268 nulla

270 2287 484 2329 charitati
506 2288 674 2342 absque
696 2288 799 2338 fide,
823 2302 905 2330 nec
929 2288 1021 2329 ulla
1046 2288 1148 2329 fidei
1170 2289 1340 2342 absque
1363 2288 1602 2330 charitate.
1666 2290 1768 2332 Hoc

270 2350 448 2405 quoqu‘e
479 2351 751 2404 intelligitur
780 2365 860 2405 per
885 2351 1036 2393 claves
1069 2352 1203 2393 Petro
1232 2352 1378 2400 datas,
1407 2366 1487 2406 per
1515 2353 1737 2395 “Petrum
1750 2354 1770 2370 ’'

270 2415 390 2455 enim
412 2414 471 2455 ibi
493 2415 537 2454 in
560 2427 694 2455 sensu
717 2415 936 2468 spirituali
959 2415 1230 2468 intelligitur
1248 2429 1402 2456 verum
1426 2430 1485 2456 ex
1507 2416 1630 2457 bono
1648 2418 1769 2471 quod

270 2492 330 2519 ex
354 2478 566 2526 Domino,
590 2477 654 2518 ita
674 2476 786 2519 fides
809 2492 869 2519 ex
891 2478 1131 2526 charitate,
1156 2485 1203 2519 et
1226 2492 1306 2532 per
1330 2478 1519 2520 “claves
1533 2479 1552 2494 '’
1574 2480 1614 2520 ei
1636 2480 1770 2521 datas

270 2541 478 2595 potentia
504 2554 636 2594 super
662 2540 782 2581 mala
808 2548 855 2582 et
879 2541 1006 2582 falsa.
1070 2541 1198 2583 Haec
1222 2540 1343 2582 dieta
1368 2549 1474 2583 sunt
1500 2542 1557 2583 ad
1586 2543 1768 2584 Petrum

270 2617 372 2645 cum
398 2603 474 2644 ille
500 2604 690 2657 agnovit
720 2604 933 2645 Divinum
967 2605 1150 2645 Domini
1181 2606 1225 2645 in
1259 2604 1475 2646 Humano
1502 2606 1662 2660 Ipsius,
1691 2621 1770 2661 per

269 2667 390 2721 quod
413 2667 551 2708 etiam
569 2667 839 2720 intelligitur
856 2668 976 2721 quod
998 2668 1086 2708 illis
1105 2669 1162 2709 sit
1186 2669 1395 2722 potentia
1413 2669 1486 2722 qui
1509 2678 1767 2722 agnoscunt

270 2731 483 2772 Divinum
516 2730 700 2771 Domini
733 2731 777 2771 in
811 2730 1026 2771 Humano
1058 2731 1218 2785 Ipsius,
1252 2738 1299 2772 et
1331 2732 1389 2772 ab
1421 2732 1528 2786 Ipso
1564 2733 1609 2773 in
1646 2733 1768 2774 bono

269 2794 507 2836 charitatis
539 2800 585 2834 et
617 2794 721 2835 inde
752 2795 869 2835 veris
899 2794 1002 2835 fidei
1034 2801 1164 2836 sunt:
1197 2795 1318 2848 quod
1349 2795 1427 2836 illa
1458 2802 1566 2837 tunc
1595 2796 1651 2836 ad
1684 2796 1767 2838 Pe-

269 2863 388 2898 trum
414 2855 535 2898 (1ίᾶ3,
561 2858 666 2906 sint,
695 2863 824 2911 patet
850 2858 908 2898 ab
933 2857 1002 2898 his
1028 2857 1147 2911 apud
1172 2857 1468 2908 Matthaeum,

332 2952 437 2994 Jesus
454 2952 543 2984 dixit
559 2952 753 2992 discipulis,
776 2952 884 2983 “Vos
902 2962 1006 2993 quem
1026 2951 1085 2984 Me
1102 2953 1218 2984 dicitis
1235 2954 1339 2986 esse?
1385 2953 1623 2994 Respondens
1642 2953 1766 2985 Simon

444 2996 580 3034 Petrus,
597 2996 696 3034 dixit,
714 2996 769 3028 Tu
786 3005 824 3028 es
843 2996 1006 3028 Christus
1025 2996 1134 3028 Filius
1154 2996 1221 3028 Dei
1238 2996 1392 3028 viventis
1408 3006 1415 3036 ;
1440 3003 1524 3028 tunc
1541 2997 1766 3038 respondens
