2060 3476
308 358 390 410 356
721 367 1055 402 APOCALvPsss
1087 369 1387 402 EXPLICATA.

306 485 409 520 runt
432 493 480 520 se
502 479 614 521 scire
636 486 682 522 et
705 480 959 535 intelligere
978 482 1130 524 omnia
1145 489 1194 524 ut
1213 496 1303 524 non
1321 481 1488 536 aliquid
1510 481 1652 523 desit:
1686 482 1799 523 inter

306 542 407 583 illos
439 550 568 584 erant
600 543 748 597 plures
774 546 848 598 qui
879 546 935 586 de
967 545 1064 586 sola
1094 545 1180 587 fide
1212 552 1258 587 et
1289 546 1346 586 de
1373 544 1693 598 justificatione
1724 559 1801 598 per

306 605 430 646 illam
462 607 748 660 scripserunt.
809 607 898 649 Sed
930 601 1163 649 ostensum
1196 615 1265 650 est
1297 608 1382 648 illis
1415 608 1533 662 quod
1571 608 1679 649 nihil
1710 610 1800 649 veri

307 669 468 718 sciant,
492 675 544 710 et
562 670 680 723 quod
706 684 812 724 prae
838 670 924 711 illis
950 671 1260 723 intelligentes
1287 677 1333 711 et
1359 672 1587 724 sapientes
1612 672 1701 712 sint
1727 672 1799 725 qui

309 732 450 772 vitam
482 731 598 781 fidei,
625 747 740 786 quae
771 739 840 774 est
873 734 1082 784 charitas,
1108 735 1333 783 vixerunt,
1363 740 1409 775 et
1435 733 1800 787 justificationem

278 844 281 851 Ι
308 808 387 848 per
417 794 560 836 solam
597 795 732 837 fidem
765 809 856 837 non
887 796 1241 847 intellexerunt;
1284 804 1330 838 et
1361 811 1538 851 quoque
1569 803 1800 838 ostensum

307 864 376 898 est
395 858 515 911 quod
541 858 618 899 illa
635 873 748 913 quae
771 860 996 900 sciverunt
1020 873 1109 900 non
1132 873 1238 900 vera
1259 860 1348 900 sint
1371 859 1451 901 sed
1473 859 1597 908 falsa,
1616 866 1662 901 et
1681 861 1800 914 quod

305 921 418 962 scire
450 928 495 962 et
529 923 730 975 cogitare
762 922 872 963 falsa
904 936 994 963 non
1027 923 1084 964 sit
1116 922 1375 976 intelligens
1407 929 1453 964 et
1485 924 1662 976 sapiens
1687 938 1799 972 esse,

306 985 517 1037 quoniam
548 985 850 1038 intelligentia
882 992 951 1027 est
977 986 1068 1027 veri
1100 992 1146 1027 et
1178 987 1397 1039 sapientia
1423 992 1492 1027 est
1518 988 1638 1027 vitae
1670 987 1798 1028 inde:

307 1060 441 1087 causa
472 1048 608 1088 etiam
641 1046 824 1090 detecta
855 1055 951 1099 est;
990 1062 1152 1102 nempe
1184 1048 1304 1102 quod
1336 1049 1379 1089 in
1412 1048 1535 1089 nulla
1566 1047 1800 1091 affectione

306 1110 397 1150 veri
429 1110 648 1163 spirituali
679 1111 855 1159 fuerint,
883 1112 963 1152 sed
990 1111 1134 1152 solum
1167 1112 1210 1152 in
1236 1109 1472 1152 affectione
1498 1112 1689 1153 naturali
1716 1114 1799 1154 sci-

307 1173 411 1213 endi
443 1173 518 1213 illa
543 1187 656 1227 quae
688 1175 974 1227 antesignani
1001 1174 1228 1223 dixerunt,
1257 1175 1436 1228 quidam
1469 1181 1652 1228 propter
1676 1175 1799 1217 func-

306 1236 468 1284 tiones,
501 1236 683 1290 quidam
716 1244 900 1290 propter
930 1237 1094 1278 famam
1127 1237 1416 1287 eruditionis;
1459 1243 1504 1278 et
1537 1238 1609 1291 qui
1641 1238 1684 1278 in
1717 1239 1800 1279 hac

306 1298 540 1340 affectione
572 1306 676 1340 sunt
708 1306 754 1341 et
787 1313 876 1340 non
909 1301 952 1340 in
984 1300 1073 1350 illa,
1102 1300 1292 1341 credunt
1324 1300 1444 1354 quod
1476 1301 1626 1341 omnia
1657 1302 1800 1359 sciant

306 1376 407 1404 cum
430 1362 520 1411 illa,
544 1369 590 1403 et
614 1362 712 1416 plus
734 1363 760 1403 ii
783 1364 856 1417 qui
879 1362 1199 1404 confirmarunt
1222 1363 1297 1404 illa
1320 1376 1398 1416 per
1419 1376 1599 1404 sensum
1623 1363 1800 1405 litterae

308 1426 463 1475 Verbi,
491 1439 542 1467 ac
576 1439 653 1479 per
683 1427 868 1467 rationis
900 1426 1099 1467 fallacias
1130 1432 1394 1480 sategerunt
1426 1425 1694 1468 connectere
1725 1426 1800 1468 illa

306 1502 407 1529 cum
434 1488 613 1542 reliquis
640 1477 773 1529 fassis.

394 1555 479 1610 [b.]
523 1555 600 1596 Ab
625 1557 907 1609 experientia
933 1557 1069 1607 etiarn
1101 1556 1268 1610 aliquid
1300 1557 1356 1598 de
1387 1557 1455 1598 his
1481 1557 1640 1598 dicam.
1701 1556 1800 1611 Spi-

241 1623 246 1628 “
306 1621 416 1662 ritus
439 1621 510 1674 qui
537 1620 643 1660 dum
670 1621 881 1661 vixerunt
908 1621 1113 1661 homines
1139 1621 1182 1661 in
1210 1620 1393 1670 mundo,
1418 1627 1464 1662 et
1490 1627 1596 1662 tunc
1624 1621 1680 1661 ab
1706 1621 1801 1662 aliis

302 1684 468 1724 eruditi
499 1683 659 1724 crediti
690 1690 809 1732 sunt,
844 1683 1070 1737 explorati
1102 1690 1205 1725 sunt
1238 1697 1343 1724 num
1375 1684 1519 1725 sciant
1550 1683 1655 1737 quid
1691 1683 1800 1725 fides

305 1746 559 1800 spiritualis
621 1746 849 1787 Dixerunt
881 1761 929 1788 se
961 1760 1120 1798 nosse;
1159 1761 1295 1801 quare
1327 1747 1447 1787 missi
1478 1754 1582 1788 sunt
1613 1746 1670 1787 ad
1701 1746 1800 1788 illos

306 1811 380 1864 qui
402 1811 445 1850 in
468 1809 554 1850 fide
576 1809 653 1850 illa
674 1809 865 1859 fuerunt,
884 1817 930 1851 et
953 1817 1059 1851 tunc
1079 1810 1186 1851 data
1204 1823 1303 1851 cum
1326 1811 1377 1850 iis
1395 1811 1801 1851 communicatione

306 1879 602 1927 perceperunt
629 1873 748 1926 quod
776 1886 865 1914 non
892 1873 978 1914 illis
1005 1873 1114 1914 fides
1140 1873 1283 1922 fuerit,
1311 1880 1357 1914 et
1384 1873 1503 1927 quod
1531 1873 1800 1914 nesciverint

308 1936 413 1990 quid
436 1935 546 1976 fides
564 1949 572 1976 :
606 1940 742 1989 qu'are
765 1936 851 1976 illis
868 1934 1037 1977 dictum
1056 1943 1139 1985 est,
1159 1936 1263 1990 quid
1286 1950 1402 1978 nunc
1421 1936 1608 1977 credant
1627 1936 1683 1977 de
1705 1935 1800 1976 sola

306 1999 407 2048 fide,
426 2012 558 2052 super
581 2013 667 2052 qua
689 1999 898 2040 fundatur
920 2006 1020 2040 tota
1042 1999 1260 2040 ecclesiae
1283 2012 1435 2040 eorum
1458 1997 1687 2049 doftrina;
1720 1999 1799 2040 sed

307 2060 531 2115 pudefacti
558 2063 894 2103 obmutuerunt.
956 2062 1100 2104 Erant
1130 2063 1266 2103 etiam
1294 2062 1441 2116 plures
1467 2076 1526 2103 ex
1553 2060 1698 2102 doctis
1725 2075 1798 2102 ec-

298 2124 482 2173 clesiae,
510 2125 583 2178 qui
609 2125 875 2178 interrogati
901 2132 1005 2166 sunt
1032 2125 1087 2165 de
1116 2125 1494 2178 Regeneratione,
1523 2138 1629 2165 num
1654 2125 1798 2166 sciant

305 2188 411 2241 quid
437 2189 521 2238 sit;
554 2188 883 2241 responderunt
909 2188 1029 2241 quod
1062 2189 1205 2229 sciant
1232 2202 1330 2228 esse
1363 2188 1661 2241 Baptismum‚
1688 2202 1798 2241 quo-

306 2251 426 2291 niam
453 2251 673 2291 Dominus
699 2251 822 2299 dicit,
847 2251 966 2304 quod
991 2251 1126 2291 “Nisi
1151 2251 1248 2304 quis
1273 2258 1513 2303 generatur
1539 2264 1617 2304 per
1639 2260 1798 2304 aquam

307 2320 353 2354 et
385 2314 587 2367 spiritum
620 2327 709 2354 non
742 2315 882 2367 possit
914 2314 1088 2367 ingredi
1126 2315 1170 2354 in
1204 2314 1413 2367 Regnum
1452 2314 1535 2355 Dei
1554 2314 1588 2364 ;'’
1619 2321 1667 2355 at
1700 2328 1799 2355 cum

306 2383 539 2418 ostensum
567 2384 636 2418 est
659 2377 744 2417 illis
767 2377 886 2430 quod
915 2377 1173 2430 Baptismus
1199 2391 1290 2418 non
1316 2379 1372 2418 sit
1399 2378 1696 2430 regeneratio,
1720 2378 1799 2418 sed

309 2441 429 2494 quod
467 2455 545 2495 per
578 2445 777 2494 “aquarn
809 2447 855 2481 et
887 2441 1089 2493 spiritum
1102 2440 1120 2454 ’'
1151 2440 1463 2493 intelligantur
1494 2454 1598 2481 vera
1630 2446 1675 2480 et
1707 2441 1799 2480 vita

305 2505 551 2544 secundum
577 2504 666 2552 illa,
694 2510 740 2544 et
767 2503 886 2557 quod
913 2516 1048 2543 nemo
1076 2504 1242 2544 intrare
1274 2504 1415 2556 possit
1447 2504 1489 2543 in
1517 2499 1690 2543 cae'lum
1718 2503 1799 2542 nisi

307 2573 601 2620 regeneratus
627 2568 684 2607 sit
712 2580 789 2620 per
814 2565 902 2614 illa,
930 2572 1036 2606 tunc
1063 2573 1345 2607 recesserunt
1371 2566 1556 2607 fatendo
1581 2579 1705 2606 suam
1731 2566 1797 2606 in'-

305 2631 493 2670 scitiam.
574 2630 811 2670 Praeterea
843 2643 943 2669 cum
975 2629 1241 2682 interrogati
1279 2636 1382 2670 sunt
1414 2629 1470 2670 de
1502 2628 1709 2681 Angelis,
1742 2628 1798 2669 de

307 2692 459 2742 Caelo,
479 2693 535 2734 de
559 2694 751 2741 Inferno,
771 2694 826 2733 de
850 2693 959 2733 Vita
981 2693 1173 2732 hominis
1195 2699 1298 2746 post
1322 2692 1533 2740 Mortem,
1553 2700 1598 2732 et
1621 2690 1797 2744 de'plu-

306 2756 425 2796 ribus
443 2755 552 2805 aliis,
573 2770 662 2796 non
685 2757 911 2796 sciverunt
933 2756 1112 2809 aliquid,
1133 2762 1178 2796 et
1201 2762 1330 2796 erant
1348 2756 1499 2796 omnia
1519 2755 1632 2795 sicut
1651 2754 1797 2807 caligo

305 2820 348 2859 in
364 2819 588 2859 mentibus
604 2832 756 2859 eorum
775 2833 783 2869 3
807 2833 942 2872 quare
959 2819 1063 2859 fassi
1080 2825 1183 2859 sunt
1198 2818 1318 2871 quod
1332 2818 1510 2871 quidem
1526 2817 1796 2858 crediderint

305 2896 353 2922 se
380 2883 561 2922 scivisse
583 2883 746 2930 omnia,
771 2882 849 2922 sed
876 2895 991 2922 nunc
1019 2882 1164 2922 sciant
1187 2881 1306 2935 quod
1329 2882 1405 2921 vix
1432 2881 1576 2921 sciant
1602 2879 1793 2933 aliquid:

294 2956 383 2998 'per
408 2945 520 2985 scire
547 2944 731 2997 aliquid,
759 2946 803 2984 in
835 2944 1052 2998 spirituali
1083 2945 1251 2985 mundo
1282 2943 1547 2997 intelligitur
1572 2943 1683 2983 scire
1714 2942 1794 2983 ali-

306 3006 410 3061 quid
436 3007 553 3058 veri;
587 3014 632 3048 at
660 3008 771 3048 scire
796 3007 906 3048 falsa
931 3021 1019 3048 non
1045 3014 1113 3048 est
1141 3008 1265 3055 scire,
1290 3007 1391 3060 quia
1417 3019 1505 3047 non
1533 3012 1600 3046 est
1627 3005 1793 3046 intelli-

2050 298 2060 407 -.-ρῳ
2008 0 2060 280 ...m-...A
