2060 3476
586 367 692 404 CAP.
715 367 800 408 111„
823 366 961 399 VERs.
983 350 1004 398 '1
1012 367 1158 411 7.—N.
1182 369 1205 399 2
1211 357 1348 413 36[b].
1636 369 1715 414 357

219 496 327 536 gere
352 488 399 524 et
425 495 607 536 sapere:
640 481 743 522 dein
766 480 853 522 illis
875 479 1043 522 dictum
1066 487 1136 522 est
1158 480 1278 534 quod
1305 480 1415 521 illud
1437 480 1720 534 intelligatur

219 559 298 599 per
320 546 502 587 Domini
525 545 675 594 verba,
700 548 725 565 ‘⁴
739 543 875 598 Quod
900 545 1024 585 dicas
1045 544 1167 598 quod
1189 545 1315 585 dives
1337 545 1420 584 sim
1443 550 1489 585 et
1516 543 1718 598 locuple-

219 615 382 658 tatus„
403 641 411 650 .
431 641 440 650 .
460 642 468 650 .
487 615 534 650 et
556 615 605 650 tu
626 622 718 649 non
740 609 826 649 scis
848 608 969 661 quod
995 613 1045 648 tu
1066 608 1126 648 sis
1148 621 1441 648 aerumnosus
1464 613 1510 648 et
1533 608 1719 648 misera·

219 673 318 714 bilis
336 679 382 714 et
401 687 567 727 pauper
584 679 630 714 et
648 686 809 714 caecus
825 678 872 713 et
890 671 1074 728 nudus.”
1134 670 1267 724 Quod
1286 675 1311 691 “
1325 671 1452 712 dives
1463 671 1483 687 ”
1500 672 1544 712 in
1563 671 1720 712 Verbo

220 736 443 790 significet
465 736 567 778 illos
590 737 664 790 qui
688 737 733 777 in
755 736 872 776 veris
898 741 1016 784 sunt,
1041 741 1112 776 est
1134 735 1237 789 quia
1258 735 1441 775 divitiae
1464 735 1720 788 spirituales

220 814 311 841 non
337 800 451 841 aliae
477 806 610 851 sunt;
642 799 747 841 inde
769 800 906 840 etiam
931 799 977 839 in
994 798 1151 840 Verbo
1173 812 1251 852 per
1276 798 1524 839 “divitias’'
1549 798 1719 851 signifi·

220 869 380 904 cantur
404 864 690 917 cognitiones
711 863 804 904 veri
835 868 881 903 et
907 862 1027 911 boni,
1054 875 1107 903 ac
1133 875 1213 915 per
1236 862 1437 902 “divites
1448 861 1467 876 ”
1488 861 1551 902 illi
1577 862 1650 915 qui
1675 862 1719 901 in

219 926 525 980 intelligentia
550 940 629 980 per
652 926 753 967 illas
778 932 911 977 sunt;
948 931 997 967 ut
1024 931 1235 966 constare
1261 931 1415 978 potest
1441 939 1500 966 ex
1527 938 1720 979 sequen·

220 990 339 1031 tibus
365 990 433 1030 his
460 989 570 1031 locis
588 989 799 1043 z—Apud
824 988 1110 1038 Ezechielem,

289 1086 311 1099 ⁸⁴
323 1084 366 1117 In
383 1084 561 1125 sapientia
577 1091 639 1116 tua
654 1090 690 1116 et
712 1084 750 1116 in
774 1075 1016 1124 intelligentia
1028 1089 1091 1115 tua
1112 1083 1249 1115 feceras
1265 1082 1329 1115 tibi
1353 1093 1440 1124 opes
1444 1108 1537 1121 .....
1545 1093 1670 1115 aurum
1687 1089 1723 1115 et

395 1134 583 1169 argentum
608 1128 645 1160 in
669 1128 846 1160 thesauris
862 1129 932 1159 tuis
945 1137 952 1166 ;
977 1137 1041 1168 per
1056 1127 1322 1159 multitudinem
1338 1127 1536 1168 sapientiae
1553 1133 1650 1159 tuae.
1665 1152 1672 1158 .
1686 1152 1694 1159 .
1708 1152 1716 1159 .

395 1172 638 1213 multiplicasti
655 1172 719 1203 tibi
737 1181 824 1212 opes
834 1171 853 1184 ’'
869 1171 1005 1211 (xxviii.
1021 1180 1053 1211 4,
1072 1170 1104 1211 5)
1118 1180 1126 1210 ;

220 1262 332 1302 haec
359 1259 479 1302 dicta
503 1266 608 1302 sunt
632 1260 690 1301 ad
717 1260 967 1313 Principem
990 1259 1113 1312 Tyri,
1138 1273 1216 1313 per
1238 1272 1372 1313 quem
1398 1260 1443 1300 in
1470 1273 1605 1301 sensu
1630 1260 1722 1314 spi-

219 1323 369 1366 rituali
393 1324 710 1378 intelliguntur
733 1323 798 1364 illi
823 1324 897 1377 qui
927 1323 972 1363 in
999 1323 1334 1375 cognitionibus
1360 1323 1453 1364 veri
1478 1329 1611 1374 sunt;
1644 1335 1724 1376 per

223 1387 401 1442 “opes’'
431 1389 555 1442 ipsae
585 1387 689 1428 illae
720 1388 1007 1441 cognitiones
1038 1387 1084 1427 in
1115 1399 1310 1440 genere;
1343 1400 1422 1440 per
1450 1389 1644 1427 “aurum
1674 1387 1720 1427 in

220 1451 442 1493 thesauris
452 1451 472 1467 ’'
489 1451 774 1505 cognitiones
795 1451 916 1499 boni,
935 1456 982 1491 et
1004 1463 1083 1503 per
1101 1453 1126 1470 “
1139 1456 1380 1503 argentum
1402 1450 1447 1490 in
1465 1449 1686 1491 thesauris
1700 1449 1722 1464 '’

221 1515 506 1568 cognitiones
541 1515 659 1555 veri:
703 1513 823 1568 quod
860 1527 939 1567 per
975 1513 1053 1554 illa
1089 1512 1398 1566 significentur
1435 1513 1723 1566 cognitiones

222 1584 350 1631 patet
376 1577 628 1626 manifeste,
652 1590 756 1618 nam
782 1577 946 1618 dicitur
970 1577 1062 1617 “In
1088 1577 1311 1630 sapientia
1337 1583 1415 1618 tua
1444 1583 1490 1618 et
1516 1577 1561 1617 in
1586 1577 1722 1618 intel—

223 1642 412 1694 ligentia
437 1647 515 1682 tua
544 1641 714 1682 feceras
740 1641 822 1681 tibi
849 1654 972 1694 opes,
993 1672 1002 1681 .
1021 1672 1030 1681 .
1049 1673 1057 1680 .
1078 1673 1086 1681 .
1105 1646 1151 1681 et
1183 1654 1262 1693 per
1287 1639 1625 1681 multitudinem
1652 1654 1722 1680 sa—

223 1703 424 1756 pientiae
461 1708 568 1743 tuae
606 1702 927 1755 multiplicasti
965 1702 1049 1742 tibi
1088 1701 1240 1755 opes.’'
1311 1712 1426 1751 (Quod
1443 1721 1502 1750 per
1520 1709 1726 1750 “pnneipem

222 1763 326 1802 Tyri''
342 1763 557 1801 intelligantur
573 1763 617 1792 illi
634 1763 689 1800 qui
710 1764 743 1792 in
765 1763 1000 1801 cognitionibus
1014 1763 1080 1792 veri
1101 1767 1185 1800 sunt,
1201 1767 1247 1791 est
1262 1763 1338 1799 quia
1353 1765 1370 1776 ¹¹
1380 1763 1528 1800 princeps
1538 1762 1554 1771 '¹
1571 1762 1727 1801 significat

222 1809 372 1847 primaria
385 1817 468 1844 vera,
484 1818 515 1838 n.
530 1811 617 1846 1482,
631 1811 719 1846 2089,
731 1807 859 1845 [¹15044;
883 1813 915 1837 et
926 1811 943 1822 “
954 1809 1059 1846 Tyrus
1069 1808 1085 1817 ''
1099 1808 1298 1845 cognitiones
1313 1807 1387 1842 veri,
1403 1817 1435 1838 n.
1450 1816 1545 1837 1201:
1567 1808 1657 1844 quod
1669 1817 1727 1845 per

222 1853 442 1884 ‘'thesauros’'
465 1854 681 1892 significentur
700 1854 916 1892 possessiones
937 1853 1167 1891 cognitionum.
1183 1853 1328 1881 videatur
1349 1862 1380 1882 n.
1398 1853 1486 1890 1694,
1502 1855 1592 1890 4508,
1611 1861 1725 1888 102273

222 1904 254 1929 et
268 1900 357 1937 quod
370 1909 428 1938 per
443 1902 584 1929 “aurum
595 1899 612 1909 ''
629 1899 823 1937 significetur
835 1899 969 1933 bonum,
986 1903 1017 1927 et
1030 1907 1088 1936 per
1102 1901 1120 1912 ⁴¹
1131 1903 1298 1936 argentum
1308 1897 1325 1907 ''
1344 1906 1466 1933 verum,
1481 1907 1514 1927 n.
1533 1905 1620 1934 1551,
1638 1904 1726 1934 1552,

222 1957 313 1988 2954,
328 1949 434 1989 5658.)
491 1939 633 1992 Apud
660 1938 947 1986 Samariam,

291 2028 315 2042 ‘⁴
324 2027 458 2069 Tyrus.
472 2052 480 2059 .
494 2052 502 2059 .
516 2026 669 2067 .colligit
681 2032 869 2067 argentum
884 2026 974 2057 sicut
988 2026 1185 2066 pulverem,
1197 2031 1232 2057 et
1245 2034 1370 2056 aurum
1385 2024 1476 2056 sicut
1489 2034 1638 2056 caenum
1652 2024 1728 2064 pla-

397 2077 534 2103 tearum
548 2080 556 2107 :
580 2080 662 2103 ecce
674 2070 851 2102 Dominus
863 2070 1119 2110 depauperabit
1132 2079 1223 2107 eam,
1237 2075 1273 2100 et
1283 2069 1439 2100 excutiet
1450 2069 1486 2099 in
1498 2078 1596 2099 mare
1608 2078 1696 2109 opes
1707 2067 1726 2079 ''

398 2115 458 2154 (ix.
475 2123 506 2154 3,
521 2115 556 2154 4)
570 2124 577 2153 ;

223 2204 361 2245 etiam
386 2204 446 2245 ibi
470 2204 655 2257 “Tyrus
667 2203 686 2219 ’‘
708 2217 789 2257 pro
814 2203 900 2244 illis
923 2203 996 2257 qui
1022 2208 1291 2256 comparant
1314 2202 1396 2242 sibi
1423 2202 1725 2254 cognitiones,

224 2281 338 2322 quae
355 2274 459 2308 sunt
476 2270 500 2287 “
513 2266 791 2321 argentum,''
806 2270 990 2307 “aurum
1003 2266 1023 2281 ”
1037 2273 1084 2307 et
1101 2270 1126 2286 ‘⁶
1140 2265 1286 2319 opes.'’
1327 2265 1467 2319 Apud
1486 2265 1724 2313 Davidem,

295 2356 318 2369 ·‘
330 2354 420 2386 Filia
435 2355 522 2395 Tyri
538 2354 664 2386 afferet
678 2354 743 2387 tibi
759 2354 927 2392 munus,”
945 2354 1018 2386 filia
1033 2354 1129 2395 regis
1145 2363 1152 2392 ;
1180 2355 1203 2369 “
1213 2353 1325 2387 facies
1341 2358 1422 2386 tuas
1439 2353 1724 2394 deprecabuntur

400 2398 529 2430 divites
546 2399 667 2439 populi
679 2398 698 2411 '’
714 2398 861 2439 (Psalm.
877 2396 981 2431 [²]xlv.
999 2407 1038 2437 13
1057 2396 1118 2441 [B.
1131 2399 1178 2430 A.
1195 2395 1288 2440 12]);

227 2484 494 2525 describitur
519 2483 579 2525 ibi
604 2483 797 2525 ecclesia
822 2483 971 2538 quoad
1000 2481 1285 2524 affectionem
1310 2482 1417 2532 veri,
1445 2495 1560 2536 quae
1585 2480 1722 2522 intel-

227 2547 382 2600 ligitur
412 2560 492 2600 per
524 2545 698 2587 “filiam
729 2546 888 2600 regis‚”
914 2559 1034 2597 nam>
1054 2545 1214 2587 “filia”
1245 2551 1318 2587 est
1348 2545 1542 2587 ecclesia
1572 2544 1723 2599 quoad

227 2606 514 2648 affeffiffionem
551 2617 597 2657 (n.
617 2618 708 2656 3262,
727 2618 818 2656 3963,
837 2618 927 2656 6729,
947 2625 1048 2656 9ο59ς
1077 2622 1109 2647 et
1129 2615 1214 2647 “rex
1224 2617 1242 2628 ⁰¹
1263 2622 1310 2647 est
1328 2626 1451 2652 verum,
1470 2626 1502 2647 n.
1525 2617 1613 2653 1672¹
1634 2622 1724 2653 2015,

227 2677 316 2714 2069,
336 2676 426 2713 3670,
445 2682 539 2718 4575,
555 2677 645 2713 4581.
665 2676 755 2714 4966,
775 2675 897 2716 6148);
933 2670 1214 2719 quapropter
1244 2665 1408 2705 dicitur
1438 2663 1561 2718 quod
1594 2663 1723 2703 “filia

226 2727 336 2780 Tyri
359 2726 515 2767 afferet
537 2726 737 2776 munus,”
753 2732 800 2767 et
822 2727 943 2780 quod
963 2727 1166 2768 “divites
1188 2726 1343 2781 populi
1360 2725 1724 2780 deprecabuntur

227 2790 362 2831 facies
379 2789 414 2841 ;”
448 2789 650 2830 “divites
682 2789 867 2844 populi''
892 2796 998 2831 sunt
1025 2790 1099 2844 qui
1129 2790 1366 2831 abundant
1391 2789 1521 2830 veris.
1583 2787 1722 2841 Apud

226 2852 488 2902 Hosclzeam,

296 2944 318 2957 ‘⁴
330 2942 430 2975 Dixit
445 2942 626 2983 Ephraim,
644 2941 812 2974 Profecto
825 2943 959 2975 ditatus
972 2953 1063 2981 sum,
1079 2943 1200 2975 inveni
1218 2953 1305 2983 opes
1319 2942 1419 2981 mihi,
1436 2951 1563 2973 ornnes
1579 2941 1723 2972 labores

401 2986 471 3018 mei
483 2996 557 3017 non
568 2986 754 3018 invenient
764 2987 850 3018 mihi
862 2987 1085 3028 iniquitatem
1094 2997 1185 3028 quae
1196 2992 1380 3027 peccatum
1395 2995 1420 3024 ;.
1434 3010 1441 3018 .
1456 3011 1464 3018 .
1472 2985 1535 3017 sed
1547 2985 1661 3016 adhuc
1671 2984 1723 3015 lo-

402 3039 490 3072 quar
499 3030 544 3062 ad
555 3030 761 3071 prophetas,
775 3036 811 3062 et
821 3030 998 3063 visionem
1010 3030 1254 3072 multiplicabo
1265 3029 1282 3041 ”
1294 3030 1404 3071 (xii.9,
1413 3038 1450 3060 11
1467 3027 1527 3071 [B.
1538 3029 1585 3060 A.
1599 3028 1628 3067 8,
1637 3025 1722 3070 10]);
1782 3047 1788 3055 ι
