2060 3476
273 333 357 385 428
688 339 1022 375 APOCALYPSIS
1053 340 1353 374 EXPLICATA.

275 460 321 496 et
348 454 467 508 apud
493 453 760 503 Johannem,

343 529 366 542 ‘⁸
378 527 460 559 Non
480 527 585 559 Pater
601 526 734 567 judicat
751 537 975 568 quemquam,
996 527 1059 558 sed
1076 526 1246 566 judicium
1265 535 1372 557 omne
1389 525 1485 557 dedit
1503 525 1591 557 Filio
1606 535 1629 564 ;.
1644 550 1651 557 .
1665 550 1672 557 .
1688 535 1764 566 ,po-

448 576 613 602 testatem
627 571 724 602 dedit
736 570 904 611 judicium
923 571 1050 608 facere,
1068 571 1150 612 quia
1168 570 1277 602 Filius
1290 569 1446 601 hominis
1462 574 1517 601 est
1527 568 1545 581 ’¹
1558 568 1606 609 (v.
1619 576 1672 608 22,
1688 568 1762 609 27):
1787 574 1790 583 ¹

274 653 486 706 quoniam
518 666 652 694 nemo
678 652 904 706 judicatur
935 667 993 693 ex
1026 653 1193 694 Divino
1225 652 1366 700 Bono,
1395 650 1475 692 sed
1507 665 1566 692 ex
1598 651 1763 692 Divino

275 715 413 765 Vero,
433 716 536 757 ideo
553 716 716 757 dicitur
732 716 852 770 quod
873 719 898 736 “
912 715 1046 756 Pater
1064 728 1154 755 non
1168 714 1337 767 judicet
1356 713 1665 767 quemquam‚”
1683 714 1763 755 sed

276 778 430 828 Filius,
458 779 561 833 quia
585 778 763 820 “Filius
789 778 983 820 hominis
1009 784 1079 819 est
1100 777 1134 829 ;‘’
1164 781 1189 798 “
1205 777 1339 818 Pater
1353 776 1373 792 ”
1395 777 1514 818 enim
1540 775 1763 830 significa-t

276 841 488 883 Divinum
529 842 719 892 Bonum,
757 855 809 882 ac
849 841 1030 882 “Filius
1070 840 1264 882 hominis
1278 839 1297 856 '’
1339 839 1552 881 Divinum
1593 839 1763 881 Verum

275 903 543 956 procedens.
581 914 693 952 (Quod
706 910 723 922 ‘⁸
737 913 829 943 Pater
839 912 856 923 “”
869 912 1024 951 significet
1037 912 1189 942 Divinum
1203 912 1341 946 Bonum,
1350 911 1495 940 videatur
1505 919 1610 948 supra,
1620 919 1652 940 n.
1663 909 1764 952 2543

274 971 305 995 et
320 967 408 1004 quod
427 963 555 996 “Filius
573 966 710 996 hominis
721 966 738 976 '⁹
760 966 912 996 Divinum
927 966 1048 995 Verum
1066 965 1253 1003 procedens,
1269 964 1363 994 etiam
1382 973 1487 1002 supra,
1502 972 1534 994 n.
1553 962 1602 1006 53
1625 968 1656 993 et
1675 962 1764 1005 151.

275 1014 373 1051 Quod
388 1017 404 1028 “
415 1014 547 1043 thronus
556 1014 573 1025 '¹
589 1015 640 1044 hic
654 1014 807 1052 significet
817 1014 982 1053 judicium,
998 1018 1044 1043 est
1058 1013 1135 1051 quia
1148 1013 1250 1051 agitur
1268 1013 1301 1042 in
1321 1012 1384 1042 hoc
1398 1012 1500 1050 capite
1514 1012 1554 1047 de
1569 1011 1766 1042 ordinatione

274 1064 418 1093 omnium
433 1065 475 1093 ad
485 1064 651 1102 judicium,
667 1064 812 1093 videatur
825 1072 930 1102 supra,
945 1072 976 1094 n.
994 1053 1103 1105 258.)

354 1115 486 1158 268.
517 1126 622 1164 [Vers.
638 1126 682 1165 3-]
714 1115 792 1156 “Et
816 1115 972 1156 Sedens
996 1118 1092 1156 emt
1114 1114 1256 1156 similis
1280 1117 1450 1167 aspectu
1472 1113 1596 1166 lapidi
1608 1113 1764 1167 jaspidi

276 1179 320 1216 et
357 1175 733 1229 sar-dio.''—Quod
776 1175 1003 1229 significet
1042 1175 1360 1228 apparentiam
1397 1174 1586 1215 Domini
1622 1172 1771 1226 quoad

274 1237 488 1278 Divinum
530 1237 691 1279 Verum
715 1237 936 1290 pellucens
972 1251 1000 1278 a
1029 1236 1194 1277 Divino
1228 1236 1348 1278 Bono
1377 1235 1539 1276 Divini
1564 1234 1762 1282 Amoris,

275 1306 459 1342 constat
482 1314 541 1341 ex
560 1299 890 1353 significatione
911 1298 1161 1341 “Sedentis
1184 1313 1316 1353 super
1339 1297 1546 1347 throno‚'’
1563 1298 1682 1352 quod
1705 1298 1764 1338 sit

277 1362 497 1403 Dominus
524 1363 672 1416 quoad
704 1362 912 1404 ultimum
939 1362 1153 1416 judicium
1188 1361 1263 1415 (de
1290 1375 1377 1415 qua
1407 1374 1517 1402 mox
1546 1375 1692 1415 supra,
1721 1374 1763 1401 n.

276 1425 406 1479 267);
449 1440 508 1467 ex
541 1425 870 1479 significatione
904 1425 1098 1466 “similis
1129 1423 1354 1478 aspe&u,‘’
1385 1424 1504 1479 quod
1536 1425 1594 1466 sit
1625 1438 1765 1478 appa-

275 1490 447 1540 rentia;
481 1503 539 1530 ex
567 1488 896 1542 significatione
925 1488 1124 1542 “lapidis
1151 1487 1378 1542 jaspidis,'’
1404 1487 1524 1542 quod
1553 1488 1610 1528 sit
1637 1488 1765 1540 spiri-

277 1552 410 1593 tualis
448 1566 574 1593 amor
609 1553 702 1593 veri
737 1551 813 1607 (de
850 1566 936 1606 qua
973 1550 1224 1606 sequitur);
1267 1557 1313 1592 et
1346 1565 1404 1592 ex
1436 1549 1766 1604 significatione

279 1615 478 1668 “lapidis
501 1614 675 1664 sardii,’'
697 1614 816 1669 quod
843 1615 900 1656 sit
924 1614 1135 1656 caelestis
1157 1627 1283 1655 amor
1304 1613 1435 1654 boni:
1469 1614 1533 1654 ita
1559 1627 1637 1667 per
1661 1612 1765 1653 “la-

276 1677 427 1731 pidem
459 1677 682 1731 jaspidem
713 1684 759 1718 et
792 1677 1028 1725 sardium,’'
1060 1677 1218 1730 quibus
1255 1676 1475 1717 Dominus
1507 1675 1662 1716 similis
1693 1689 1765 1716 as-

277 1738 409 1793 pectu
432 1740 695 1794 apparebat,
720 1738 997 1793 significatur
1021 1739 1232 1780 Divinum
1254 1738 1425 1779 Verum
1449 1737 1680 1792 pellucens
1706 1751 1766 1778 ex

278 1803 443 1844 Divino
485 1803 613 1844 Bono
655 1803 805 1844 Divini
845 1802 1042 1843 Amoris.
1124 1801 1257 1855 Quod
1298 1800 1472 1854 “jaspis
1487 1799 1506 1815 ”
1543 1800 1765 1855 significet

278 1866 490 1907 Divinum
528 1866 748 1907 Amorem
782 1861 900 1907 Veri*
928 1880 1006 1906 seu
1044 1865 1255 1906 Divinum
1292 1864 1463 1905 Verum
1500 1863 1763 1917 procedens,

277 1935 460 1970 constat
487 1943 546 1970 ex
574 1929 683 1970 locis
710 1929 753 1969 in
780 1928 935 1970 Verbo
962 1928 1034 1968 ubi
1061 1928 1331 1976 nominatur,
1360 1932 1409 1967 ut
1434 1925 1578 1967 Exod.
1605 1926 1764 1967 xxviii.

277 2001 344 2040 20,
372 1997 418 2048 et
443 1990 602 2032 Ezech.
631 1991 788 2032 xxviii.
818 2002 892 2043 13;
926 1997 1022 2032 tum
1049 1991 1093 2031 in
1118 1989 1405 2042 Apocahtpsz',

346 2082 368 2095 ‘¹
380 2080 601 2112 Luminare”
619 2079 770 2113 Sanctae
790 2080 1064 2120 Hierosolymae
1084 2079 1232 2111 “simile
1249 2078 1355 2119 lapidi
1373 2077 1644 2119 pretiosissimo,
1664 2077 1767 2109 sicuti

451 2125 559 2165 lapidi
576 2124 717 2165 jaspidi,
738 2125 849 2156 instar
865 2124 1023 2165 crystalli
1040 2122 1241 2164 splendenti
1253 2122 1271 2134 ”
1287 2122 1371 2162 (xxi.
1390 2121 1463 2162 11);

278 2221 356 2261 per
375 2207 631 2248 “luminare
650 2205 833 2248 sanctae
858 2206 1204 2259 Hierosolymae
1217 2205 1236 2220 ’'
1254 2204 1531 2259 significatur
1553 2205 1766 2246 Divinum

278 2269 449 2310 Verum
490 2269 708 2310 ecclesiae
750 2269 918 2317 lucens,
956 2268 1073 2322 [per]
1112 2272 1137 2289 “
1150 2268 1367 2309 luminare
1378 2267 1397 2283 ‘'
1430 2268 1576 2321 ipsum
1611 2280 1767 2308 verum

279 2332 447 2381 lucens,
464 2338 509 2372 et
528 2331 644 2386 [per]
664 2335 690 2352 “
704 2331 1071 2384 Hierosolymam
1084 2330 1103 2346 ''
1118 2330 1310 2371 ecclesia
1323 2330 1472 2384 quoad
1486 2328 1739 2371 doctrinam
1756 2344 1765 2381 ;

278 2394 363 2436 hoc
382 2394 655 2436 assimilatur
669 2394 806 2448 lapidi
819 2393 996 2448 jaspidi,
1013 2393 1116 2447 quia
1133 2392 1305 2446 “jaspis
1317 2392 1336 2408 ”
1351 2391 1496 2433 simile
1514 2391 1738 2446 significat
1755 2405 1764 2432 :

278 2462 325 2498 et
351 2456 471 2506 alibi,

347 2543 563 2578 “Structura
586 2546 677 2577 muri
689 2544 707 2557 '’
729 2543 874 2577 sanetae
901 2544 1175 2585 Hierosolymae
1196 2545 1304 2576 “erat
1326 2543 1449 2585 jaspis,
1476 2549 1512 2575 et
1534 2544 1619 2575 urbs
1642 2552 1768 2575 aurum

452 2599 578 2630 purum
596 2589 711 2620 simile
728 2589 821 2620 vitro
837 2598 926 2629 puro
938 2587 956 2601 '¹
972 2588 1056 2628 (xxi.
1076 2587 1128 2629 18)
1143 2597 1151 2626 ;

282 2675 470 2713 “murus
482 2671 501 2687 '’
528 2670 711 2713 sanctae
745 2671 1091 2725 Hierosolymae
1118 2671 1280 2712 dicitur
1308 2674 1405 2712 “ex
1425 2669 1640 2724 jaspide‚‘’
1665 2669 1768 2724 quia

279 2748 358 2788 per
400 2737 615 2774 “murum
633 2733 652 2749 '’
694 2733 972 2787 significatur
1014 2733 1226 2774 Divinum
1267 2732 1438 2774 Verum
1480 2738 1635 2773 tutans
1658 2745 1668 2782 ;
1719 2737 1766 2772 et

279 2797 381 2850 quia
406 2810 484 2850 per
508 2795 751 2836 “murum'’
774 2796 817 2836 id
840 2794 1129 2848 significatur,
1154 2795 1255 2836 ideo
1281 2795 1448 2848 primus
1471 2793 1583 2848 lapis
1608 2793 1766 2834 funda-

279 2858 535 2899 mentorum
553 2858 644 2911 ejus
663 2858 825 2899 dicitur
845 2857 1047 2911 “jaspis”
1069 2856 1201 2910 (vers.
1225 2856 1293 2911 19)
1313 2871 1323 2908 ;
1355 2861 1380 2877 “
1393 2856 1734 2897 fundamentum
1747 2855 1766 2870 ”

280 2920 503 2974 significat
521 2934 675 2961 verum
693 2934 825 2973 super
839 2934 927 2974 quo
944 2920 1154 2961 fundatur
1171 2919 1374 2960 ecclesia.
1437 2919 1611 2960 Dicitur
1628 2918 1765 2959 etiam

282 2982 531 3033 “sardius,”
558 2984 768 3037 quoniam
798 2996 876 3036 per
901 2982 1026 3024 illum
1059 2981 1254 3036 lapidem
1281 2980 1558 3034 significatur
1582 2980 1763 3028 bonum,

2043 2148 2060 2181 A
