2060 3476
665 390 772 424 cAP.
794 390 854 432 v.,
878 389 1015 423 VERs.
1045 389 1215 422 12.-—N.
1241 378 1406 434 340[·a].
1698 377 1781 434 635

289 502 463 545 dicitur·
488 503 608 558 quod
645 503 737 558 Ipsi
773 504 832 545 sit
869 509 1092 557 potestas,
1129 501 1402 555 intelligitur
1437 500 1558 555 quod
1595 499 1687 554 Ipsi
1723 499 1781 540 sit

289 568 435 608 omnis
452 574 674 622 potestas,
690 581 804 622 quae
821 573 892 608 est
910 566 1245 620 omnipotentia
1261 579 1270 615 ;
1298 571 1345 606 et
1363 577 1464 606 cum
1482 564 1645 605 dicitur
1661 561 1782 616 quod

290 629 381 684 Ipsi
407 632 498 672 sint
521 631 719 680 divitiae,
743 629 1014 684 intelligitur
1035 628 1156 683 quod
1183 628 1274 682 Ipsi
1300 629 1391 668 sint
1418 640 1576 668 omnes
1598 625 1782 667 divitiae

288 693 558 747 spirituales,
582 708 661 748 per
685 707 796 748 quas
822 692 1100 747 significatur
1125 691 1445 744 intelligentia,
1470 689 1658 744 proinde
1683 701 1781 731 om-

288 757 555 808 niscientia;
605 756 744 812 (quod
784 770 864 811 per
902 756 1124 797 “divitias
1138 754 1159 771 '¹
1195 755 1240 796 in
1277 754 1435 796 Verbo
1473 752 1784 807 significentur

288 820 576 873 cognitiones
611 821 712 861 veri
744 826 791 862 et
830 820 951 868 boni,
988 832 1040 860 ac
1079 818 1185 860 inde
1221 816 1541 870 intelligentia,
1575 816 1784 858 videatur

288 895 435 936 supra,
469 896 510 924 n.
539 882 622 935 236
640 882 672 937 ς)
706 889 753 924 et
785 896 886 924 cum
917 882 1082 923 dicitur
1112 880 1232 935 quod
1266 880 1358 934 Ipsi
1388 881 1448 920 sit
1482 877 1783 932 “sapientia,‘’

287 945 559 999 intelligitur
584 946 705 1000 quod
737 946 829 999 Ipsi
854 946 913 987 sit
940 945 1088 987 omnis
1111 944 1349 998 sapientia,
1377 956 1491 997 quae
1518 948 1588 983 est
1619 941 1783 991 Divina

287 1008 598 1061 providentia:
631 1022 738 1050 vera
763 1008 986 1062 sapientia
1011 1007 1130 1048 enim
1156 1012 1226 1047 est
1252 1005 1405 1046 videre
1437 1005 1542 1059 quid
1568 1004 1781 1045 conducit

288 1071 410 1111 vitae
436 1070 621 1124 alicujus
646 1071 692 1111 in
718 1077 968 1119 aeternum,
996 1076 1043 1111 et
1070 1083 1118 1110 se
1143 1069 1200 1110 ad
1226 1068 1271 1109 id
1297 1069 1551 1122 disponere,
1580 1067 1699 1121 quod
1731 1065 1781 1108 fit

287 1133 470 1186 quando
496 1133 633 1175 homo
655 1146 746 1174 non
769 1133 906 1176 modo
928 1133 1014 1174 scit
1040 1131 1118 1173 illa
1143 1137 1192 1172 et
1212 1129 1447 1172 intellectu
1474 1131 1663 1184 percipit
1689 1129 1780 1179 illa,

287 1195 369 1236 sed
400 1196 539 1237 etiam
568 1209 670 1237 cum
694 1195 792 1237 vult
825 1201 872 1236 et
902 1195 1008 1237 facit
1040 1194 1144 1244 illa;
1178 1194 1343 1234 Divina
1374 1199 1528 1234 autem
1560 1193 1783 1246 sapientia

288 1263 359 1299 est
377 1258 614 1311 providere
630 1257 708 1299 illa
724 1257 844 1312 apud
862 1257 1109 1302 hominem.
1129 1257 1193 1298 ita
1211 1262 1281 1298 est
1300 1255 1465 1296 Divina
1482 1255 1780 1309 providentia.

288 1321 504 1405 {igonggguid
530 1322 647 1351 Divina
672 1321 883 1355 Providentia,
905 1321 1050 1351 vidmtur
1072 1320 1105 1350 in
1127 1318 1323 1349 [¹]Doczrina
1345 1320 1457 1348 Novae
1482 1319 1729 1356 Hierosolyma,
1751 1327 1782 1348 n.

329 1375 347 1403 7
366 1422 504 1466 339.
538 1416 570 1453 γ’
581 1412 632 1453 ff
661 1411 852 1452 honorem
885 1414 930 1452 et
958 1410 1368 1465 ylariam.'¹—Quod
1407 1409 1633 1463 significet
1669 1409 1788 1463 quod

287 1473 390 1526 Ipsi
421 1474 484 1515 sit
516 1473 730 1514 Divinum
764 1473 940 1514 Bonum
968 1479 1010 1513 et
1043 1472 1258 1513 Divinum
1300 1471 1472 1520 Verum,
1506 1477 1690 1512 constat
1722 1485 1781 1512 ex

288 1536 620 1591 significatione
636 1540 662 1557 “
674 1536 858 1577 honoris
873 1542 919 1577 et
937 1535 1150 1589 gloriae‚'‘
1164 1548 1266 1577 cum
1281 1536 1337 1576 de
1356 1535 1568 1583 Domino,
1585 1534 1706 1588 quod
1724 1534 1782 1575 sit

289 1599 502 1641 Divinum
527 1599 702 1640 Bonum
720 1606 767 1640 et
791 1599 1003 1640 Divinum
1022 1598 1209 1646 Verum,
1230 1599 1287 1639 de
1313 1612 1400 1652 qua
1422 1612 1556 1651 supra
1581 1596 1642 1651 (n.
1663 1596 1780 1651 288).

366 1671 486 1715 340
493 1659 587 1714 [a].
611 1660 690 1701 “Et
701 1659 1251 1713 benedictionem.'¹—Quod
1269 1658 1493 1712 significet
1508 1658 1783 1711 agnitionem

287 1729 329 1763 et
347 1722 713 1777 glorificationem
736 1722 921 1763 Domini
936 1728 1189 1775 propterea,
1217 1735 1268 1762 ac
1285 1721 1548 1774 gratiarum
1573 1720 1784 1761 amonem

287 1785 407 1840 quod
431 1785 487 1827 ab
517 1785 622 1838 Ipso
652 1785 714 1826 sit
742 1799 864 1826 omne
893 1784 1049 1825 bonum
1077 1791 1121 1825 et
1147 1798 1313 1833 verum,
1346 1790 1389 1824 et
1419 1783 1520 1824 inde
1548 1783 1713 1824 caelum
1742 1789 1784 1824 et

283 1848 486 1901 felicitas
502 1855 684 1889 aeterna
705 1848 799 1889 illis
817 1848 898 1902 qui
914 1848 1141 1900 recipiunt,
1161 1842 1346 1889 constat
1369 1861 1428 1889 ex
1450 1845 1782 1900 significatione

290 1910 694 1961 “benedictionis'’
720 1925 821 1953 cum
847 1912 1010 1953 dicitur
1034 1911 1091 1952 de
1118 1911 1330 1959 Domino,
1358 1910 1479 1964 quod
1505 1910 1564 1950 sit
1590 1910 1780 1963 agnitio,

287 1973 358 2015 hic
382 1975 556 2028 agnitio
573 1974 693 2028 quod
717 1974 807 2028 Ipsi
830 1975 887 2015 sit
911 1974 1258 2027 omnipotentia,
1278 1973 1607 2021 omniscientia‚
1632 1973 1781 2026 provi-

286 2036 456 2086 dentia,
491 2037 704 2078 Divinum
742 2036 917 2078 Bonum
949 2042 996 2077 et
1031 2036 1244 2076 Divinum
1275 2035 1462 2083 Verum,
1495 2049 1610 2088 quae
1641 2036 1780 2088 signi-

280 2098 479 2140 ficantur
518 2113 598 2153 per
636 2099 851 2153 “Dignus
891 2106 962 2140 est
1002 2099 1207 2152 accipere
1247 2104 1545 2151 potestatem,
1584 2097 1780 2145 divitias,

280 2162 572 2219 sapientiam,
610 2161 830 2203 honorem
866 2168 913 2203 et
950 2160 1182 2214 gloriam,''
1213 2167 1260 2202 et
1297 2174 1475 2214 quoque
1511 2159 1782 2213 glorificatio

287 2230 553 2278 propterea:
587 2230 822 2278 praeterea
847 2222 1179 2271 “benedictio,’'
1197 2235 1300 2264 cum
1322 2223 1379 2263 de
1402 2223 1615 2271 Domino,
1640 2223 1780 2275 signi-

286 2285 392 2327 ficat
424 2287 671 2340 gratiarum
702 2285 929 2328 ac‘tionem
960 2286 1082 2340 quod
1117 2285 1177 2326 ab
1212 2285 1318 2339 Ipso
1351 2286 1409 2326 sit
1441 2298 1576 2326 omne
1612 2285 1780 2326 bonum

286 2349 452 2389 amoris
483 2355 530 2390 et
556 2363 710 2391 verum
740 2349 857 2398 fidei,
883 2355 931 2391 et
961 2349 1066 2390 inde
1091 2348 1268 2389 caelum
1300 2354 1347 2390 et
1378 2347 1568 2389 felicitas
1594 2354 1782 2390 aeterna

286 2410 374 2451 illis
400 2412 474 2465 qui
505 2412 738 2466 recipiunt.
801 2411 1028 2465 Quoniam
1059 2411 1235 2465 agnitio
1266 2417 1312 2451 et
1344 2409 1615 2464 glorificatio
1646 2412 1782 2464 prop-

287 2479 427 2522 terea,
446 2479 493 2515 et
511 2488 687 2528 quoque
705 2475 952 2528 gratiarum
969 2472 1103 2523 actio,
1123 2472 1402 2527 significatur
1418 2472 1490 2514 hic
1509 2486 1588 2526 per
1604 2476 1629 2492 “
1642 2472 1781 2514 bene-

286 2534 571 2586 dietionem?
607 2537 709 2578 ideo
745 2537 907 2578 ultimo
948 2536 1050 2578 loco
1086 2550 1165 2578 seu
1201 2542 1250 2577 ut
1288 2535 1490 2577 clausula
1526 2536 1690 2576 dicitur
1725 2536 1783 2576 ab

286 2599 462 2653 angelis
502 2599 570 2640 his
606 2601 679 2654 qui
720 2599 1036 2654 glorificabant
1075 2600 1334 2641 Dominum.
1410 2597 1546 2652 Quod
1587 2598 1664 2639 illa
1704 2612 1782 2652 per

290 2661 731 2713 “benedi&ionem‚”
756 2677 858 2705 cum
890 2664 946 2705 de
978 2664 1191 2712 Domino,
1219 2661 1542 2716 significentur,
1577 2668 1647 2703 est
1679 2658 1783 2715 quia

287 2739 379 2767 non
404 2726 530 2767 aliud·
557 2733 628 2768 est
653 2725 910 2769 benedictio
935 2740 1069 2781 quam
1095 2726 1216 2780 quod
1242 2726 1376 2767 datur
1401 2740 1427 2766 a
1453 2725 1665 2774 Domino,
1694 2725 1780 2766 hoc

285 2790 405 2831 enim
428 2790 557 2830 unice
579 2795 649 2831 est
675 2789 979 2839 benedictum,
1001 2790 1105 2844 quia
1124 2795 1196 2831 est
1224 2789 1436 2830 Divinum
1459 2795 1506 2829 et
1529 2792 1779 2837 aeternum,

285 2866 338 2894 ac
365 2853 409 2893 in
435 2866 483 2894 se
504 2852 680 2894 caelum
702 2859 750 2894 et
774 2853 1041 2895 felicitatem
1063 2859 1297 2894 aeternam
1319 2852 1459 2893 habet
1477 2866 1486 2902 ;
1520 2852 1672 2892 omnia
1694 2851 1780 2892 alia

285 2930 400 2971 quae
431 2929 522 2956 non
560 2916 772 2957 Divinum
809 2923 855 2958 et
893 2923 1126 2958 aeternum
1164 2917 1209 2956 in
1246 2929 1294 2956 se
1331 2915 1517 2963 habent,
1551 2928 1642 2955 non
1674 2921 1779 2955 sunt

284 2977 559 3027 benedictio,
586 2979 773 3019 tametsi
797 2979 861 3020 ita
885 2984 1110 3019 vocantur
1132 2987 1292 3027 (videatur
1308 2987 1464 3017 Donn'na
1478 2988 1588 3016 Novae
1603 2987 1779 3026 Hieroso&-

283 3058 360 3083 mae,
373 3057 404 3078 n.
418 3049 487 3087 269,
501 3048 587 3087 270).
646 3037 782 3092 Quod
802 3037 1140 3087 “benedififiost
1157 3038 1232 3078 ubi
1254 3037 1517 3078 nominatur
1537 3036 1582 3076 in
1601 3035 1774 3086 Verbo,
