2060 3476
394 333 479 386 604
810 343 1141 376 APOCALvPffls
1172 343 1470 377 EXPLICATA.

394 454 553 497 ficatur
574 469 652 509 per
674 456 793 510 quod
813 456 1019 509 Jehovah
1045 457 1290 498 “eduxerit
1313 457 1527 511 populum
1550 470 1608 498 ex
1630 456 1849 511 Aegypto
1859 456 1878 473 ”

393 532 444 559 ac
474 519 754 560 “redemerit
779 533 856 560 eos
872 519 1032 562 :'’—Ut
1058 520 1176 574 apud
1203 519 1378 569 Mosen,

460 608 482 622 “
494 606 671 638 Liberabo
687 617 753 639 vos
770 618 792 639 a
808 609 989 646 servitute,
1010 609 1045 640 'et
1060 609 1235 640 redimam
1252 618 1319 640 vos
1343 608 1492 639 brachio
1509 613 1659 640 extenso
1675 613 1712 640 et
1734 607 1877 648 judiciis

564 650 733 691 magnis”
751 651 872 691 (Exod.
893 652 939 684 vi.
956 651 1008 692 6);

457 693 571 726 Eduxi
584 704 649 726 vos
666 704 710 726 ex
723 694 890 736 Aegypto
906 695 1053 726 brachio
1066 701 1225 733 extenso¹
1240 700 1275 726 et
1293 694 1429 726 redemi
1446 704 1512 726 vos
1530 704 1549 726 e
1565 694 1675 726 domo
1688 702 1874 726 servorum

563 736 850 821 ἓξέαὲἓιὲνίἐὲῗ;
875 736 970 780 cap.]
986 738 1033 770 ix.
1050 738 1179 779 26-29;
1203 748 1281 778 cap.
1295 738 1368 770 xiii.
1385 738 1405 768 6
1423 735 1484 780 [B.
1500 738 1546 770 A.
1563 735 1596 779 5]
1613 746 1620 777 ;
1645 747 1721 778 cap.
1737 747 1795 770 κν.
1814 745 1852 776 15
1867 746 1875 776 ;

458 825 479 838 “
492 823 634 856 Duxisti
655 825 691 855 in
712 824 957 857 misericordia
979 824 1151 865 populum
1171 830 1272 856 tuum
1293 834 1398 866 quem
1418 824 1614 863 redemisti,
1635 830 1670 856 et
1693 823 1874 856 deduxisti

561 867 599 899 in
615 867 827 900 fortitudine
840 877 968 899 manus
985 874 1067 900 tuae
1081 868 1126 900 ad
1144 867 1385 899 habitaculum
1400 866 1604 900 sanctitatis
1620 873 1703 899 tuae
1713 867 1731 879 ¹'
1747 866 1872 907 (Exod.

562 921 620 944 xv,
639 910 713 952 13);

388 994 433 1028 et
459 987 579 1041 apud
603 987 816 1037 Affz‘clzam,

433 1062 672 1147 “Ascegrdere
696 1062 765 1095 feci
790 1068 824 1095 te
849 1073 868 1095 e
892 1069 989 1095 terra
1011 1063 1180 1105 Aegypti,
1207 1069 1242 1095 et
1266 1073 1286 1096 e
1309 1063 1419 1096 domo
1443 1062 1630 1096 servitutis
1654 1062 1789 1095 redemi
1807 1061 1872 1095 te''

573 1116 619 1138 vr.
635 1115 655 1145 4
679 1117 687 1139 :

386 1187 428 1227 in
456 1199 589 1228 sensu
615 1186 800 1228 litterae
821 1186 892 1228 hic
925 1186 1193 1241 intelligitur
1223 1188 1344 1241 quod
1375 1201 1434 1228 ex
1467 1187 1632 1228 Divina
1663 1187 1872 1244 potentia

385 1247 532 1290 eduffi
568 1249 729 1291 fuerint
762 1264 822 1291 ex
859 1249 1094 1305 Aegypto,
1133 1250 1206 1291 ubi
1243 1251 1358 1291 servi
1394 1248 1524 1301 facti3
1568 1255 1616 1290 at
1653 1250 1698 1290 in
1734 1263 1870 1291 sensu

385 1312 562 1353 interno
594 1326 672 1353 seu
703 1311 921 1366 spirituali
958 1326 1048 1354 non
1085 1312 1180 1354 tale
1215 1312 1501 1366 intelligitur,
1535 1311 1615 1353 sed
1651 1312 1771 1365 quod
1806 1311 1870 1352 illi

383 1375 456 1428 qui
487 1375 545 1415 ab
570 1374 762 1416 ecclesia
793 1381 911 1424 sunt,
945 1375 1018 1429 qui
1049 1381 1153 1417 sunt
1185 1376 1258 1429 qui
1289 1375 1591 1416 reformantur
1621 1388 1647 1415 a
1673 1374 1870 1416 Domino

318 1479 323 1484 ,
384 1451 462 1490 per
486 1451 593 1478 vera
618 1444 664 1479 et
693 1451 772 1491 per
797 1438 938 1478 vitam
970 1438 1216 1479 secundum
1247 1437 1338 1487 illa,
1365 1437 1582 1478 vindicati
1613 1443 1660 1478 et
1692 1436 1870 1478 liberati

383 1502 473 1543 sint
499 1517 558 1543 ex
585 1503 714 1544 malis
745 1509 791 1544 et
823 1503 926 1544 inde
957 1503 1093 1551 falsis,
1122 1503 1234 1544 haec
1267 1503 1387 1544 enim
1419 1509 1523 1543 sunt
1555 1516 1670 1556 quae
1699 1502 1869 1544 faciunt

383 1565 611 1607 hominem
634 1580 823 1607 servum.
880 1566 966 1607 Hic
990 1565 1230 1620 spiritualis
1253 1566 1430 1606 illorum
1452 1566 1688 1606 verborum
1711 1578 1868 1606 sensus

384 1634 467 1676 est,
495 1629 539 1668 in
566 1642 653 1682 quo
679 1635 783 1670 sunt
809 1628 960 1682 angeli
986 1629 1166 1682 quando
1192 1628 1330 1669 homo
1356 1635 1426 1669 est
1452 1629 1496 1669 in
1518 1642 1652 1669 sensu
1674 1628 1865 1669 litterae.

384 1689 554 1743 Angeli
582 1691 718 1732 etiam
745 1705 824 1745 per
851 1691 1275 1745 “redemptionem”
1306 1691 1571 1744 intelligunt
1597 1691 1867 1731 vindicatio-

384 1766 487 1793 nem
518 1767 544 1793 a
575 1753 703 1794 malis
731 1760 777 1795 et
809 1753 1122 1795 liberationem
1154 1767 1180 1795 a
1210 1753 1332 1794 salsis
1363 1754 1407 1794 in
1435 1753 1504 1794 his
1530 1753 1640 1794 locis
1658 1752 1866 1806 z—Apud

384 1814 559 1865 Mosen,

451 1905 472 1918 ‘¹
486 1904 623 1936 Ponam
638 1905 921 1946 redemptionem
936 1905 1028 1938 inter
1042 1905 1213 1946 populum
1228 1914 1346 1937 meum
1360 1911 1396 1937 et
1412 1905 1505 1937 inter
1518 1905 1688 1946 populum
1700 1903 1718 1917 ”
1733 1903 1868 1937 Phara-

554 1948 635 1980 onis
651 1940 773 1988 (Exod.
789 1948 862 1981 viii.
882 1957 921 1990 19
939 1947 999 1991 [B.
1015 1949 1061 1981 A.
1078 1946 1167 1990 23]):

381 2023 500 2076 apud
529 2023 767 2073 Davidem,

449 2100 471 2114 “
483 2099 781 2139 Redemptionem
796 2099 894 2131 misit
910 2100 1043 2141 populo
1060 2110 1138 2138 suo,
1154 2100 1335 2141 praecepit
1348 2100 1384 2131 in
1402 2106 1587 2132 aeternum
1601 2099 1728 2133 foedus
1742 2110 1858 2139 suum,

553 2141 717 2174 sandium
737 2149 772 2174 et
788 2143 1032 2174 venerandum
1049 2153 1182 2175 nomen
1201 2143 1318 2184 Ipsius
1329 2143 1347 2155 ''
1363 2142 1509 2183 (Psalm.
1526 2144 1592 2176 cxi.
1610 2143 1662 2184 9):

379 2218 498 2271 apud
522 2218 814 2267 Mamaeum,

448 2295 469 2308 “
481 2294 576 2335 Quid
593 2295 739 2334 prodest
754 2294 893 2326 homini
910 2284 940 2326 si
957 2300 1072 2326 totum
1090 2295 1263 2327 mundum
1278 2295 1435 2327 lucratus
1448 2295 1566 2333 fuerit,
1583 2296 1726 2327 animae
1742 2301 1863 2328 autem

550 2336 728 2378 jacturam
748 2338 893 2370 fecerit?
923 2344 958 2369 et
977 2338 1060 2379 quid
1079 2338 1178 2370 dabit
1197 2339 1305 2370 homo
1326 2339 1479 2379 pretium
1500 2339 1679 2371 sufficiens
1703 2339 1865 2380 redemp-

551 2381 819 2413 tionisanimae
836 2391 921 2413 suae
930 2380 964 2414 ?''
980 2381 1064 2422 (xvi.
1081 2382 1142 2421 26;
1162 2382 1274 2414 Marc.
1290 2382 1364 2414 viii.
1381 2380 1469 2424 [36,]
1488 2390 1530 2422 37
1543 2381 1564 2423 ;)

381 2469 674 2522 “redemptio
689 2468 708 2484 ”
733 2483 813 2522 pro
839 2469 1104 2510 liberatione
1129 2483 1155 2510 a
1181 2469 1486 2510 damnatione.

461 2532 544 2587 ΠΖ]
587 2531 663 2572 Ex
693 2532 762 2572 his
788 2538 1002 2573 constare
1033 2538 1189 2586 potest
1219 2532 1325 2586 quid
1355 2532 1582 2586 significat
1612 2533 1733 2586 quod
1763 2532 1860 2574 Do-

378 2594 523 2635 minus
541 2594 780 2634 redemerit
803 2593 1048 2634 humanum
1070 2607 1227 2646 genus,
1247 2607 1409 2647 nempe
1426 2594 1546 2648 quod
1563 2595 1860 2636 vindicaverit

377 2663 424 2697 et
450 2656 705 2696 liberaverit
731 2655 832 2696 illos
861 2656 918 2696 ab
942 2656 1128 2704 inferno,
1157 2663 1203 2697 et
1231 2656 1360 2697 malis
1385 2662 1432 2698 et
1463 2656 1584 2697 falsis
1609 2671 1723 2710 quae
1749 2670 1859 2698 con-

377 2719 500 2760 tinue
522 2718 625 2773 inde
643 2724 910 2771 exsurgunt,
929 2732 981 2760 ac
1005 2718 1234 2759 hominem
1257 2720 1300 2759 in
1322 2719 1662 2760 damnationem
1683 2719 1857 2770 ferunt;

376 2787 423 2822 et
464 2781 584 2835 quod
624 2782 838 2822 continue
877 2781 1076 2822 vindicet
1121 2781 1222 2822 illos
1267 2787 1313 2822 et
1358 2781 1517 2822 liberet
1557 2781 1684 2823 illos:
1737 2783 1856 2836 quod

375 2844 669 2885 vindicaverit
691 2849 737 2884 et
760 2843 1029 2893 liberaverit,
1048 2842 1212 2885 fa&um
1230 2850 1299 2885 est
1317 2858 1395 2897 per
1411 2844 1530 2898 quod
1552 2844 1855 2898 subjugaverit

376 2906 570 2957 inferna3
614 2912 660 2947 et
696 2906 816 2960 quod
853 2907 1066 2947 continue
1102 2906 1302 2947 vindicet
1338 2913 1384 2948 et
1417 2907 1591 2956 liberet,
1630 2921 1709 2961 per
1733 2908 1852 2961 quod

378 2968 638 3009 Humanum
669 2981 796 3009 suum
827 2968 1159 3022 glorificaverit,
1192 2968 1278 3010 hoc
1316 2975 1399 3018 est,
1435 2968 1645 3010 Divinum
1682 2969 1853 3017 fecerit,
