2060 3476
599 367 705 400 CAP.
728 367 807 407 Ν,
830 365 968 399 vans.
997 368 1013 398 1
1026 365 1167 398 1.—N.
1190 355 1369 411 294[d].
1648 366 1731 408 493

237 480 411 523 caelum
438 487 484 522 et
517 493 682 522 novam
709 486 877 522 terram
888 479 909 495 ”
934 485 981 521 et
1013 493 1093 534 per
1118 479 1396 521 creationem
1423 490 1590 527 eorum,
1618 491 1731 532 quae

234 545 278 586 in
305 543 415 586 locis
441 553 562 585 mox·
578 557 712 598 supra
736 543 902 584 allatis.

318 605 410 660 [d0]
453 605 591 659 Quod
611 609 637 626 ‘⁴
650 605 825 646 creatio
837 604 857 620 ''
871 605 916 645 in
934 604 1094 645 Verbo
1111 603 1340 657 significet
1356 603 1728 644 reformationem

234 673 279 708 et
311 668 687 709 instaurationem
714 666 948 715 ecclesiae,
976 679 1090 720 quae
1122 665 1172 707 fit
1205 679 1283 719 per
1315 665 1528 705 Divinum
1560 664 1728 706 Verum

232 731 354 784 quod
379 731 586 784 procedit
611 744 639 771 a
665 730 878 779 Domino,
905 730 1045 771 etiam
1071 735 1201 783 patet
1229 743 1288 770 ex
1314 728 1383 769 his
1409 728 1527 782 apud
1553 727 1730 776 Jolzan-

233 807 343 842 nem,

300 887 377 920 “In
398 887 573 929 principio
593 894 669 920 erat
685 888 856 926 Verbum,
879 894 915 919 et
934 888 1092 920 Verbum
1113 893 1190 919 erat
1209 887 1303 928 apud
1321 886 1453 924 Deum,
1476 892 1511 918 et
1538 886 1634 918 Deus
1655 892 1732 917 erat

404 931 574 964 Verbum.
614 957 622 964 .
636 957 644 964 .
659 957 667 964 .
680 932 831 964 .Omnia
844 942 907 972 per
925 932 1047 973 Ipsum
1061 930 1157 963 facta
1173 938 1268 969 sunt,
1287 937 1323 962 et
1336 931 1413 962 sine
1430 931 1515 971 Ipso
1529 929 1662 962 factum
1677 937 1732 961 est

404 975 493 1008 nihil
513 976 608 1017 quod
633 974 768 1007 faetum
792 982 859 1008 est.
910 975 952 1007 In
974 976 1059 1016 Ipso
1078 976 1153 1008 v-ita
1176 982 1263 1014 erat,
1286 981 1322 1007 et
1341 975 1414 1006 vita
1437 981 1514 1005 erat
1533 975 1593 1005 lux
1617 974 1732 1005 homi-

405 1029 490 1051 nurn
506 1029 513 1057 ;
538 1026 573 1051 et
590 1019 651 1051 lux
670 1019 706 1051 in
725 1019 882 1051 tenebris
902 1020 1006 1057 lucet,
1027 1023 1062 1051 et
1079 1020 1248 1051 tenebrae
1268 1029 1341 1050 non
1362 1018 1729 1058 comprehenderunt:

410 1088 418 1096 .
432 1088 440 1096 .
454 1088 462 1096 .
476 1070 569 1096 ‚erat
589 1063 650 1095 lux
668 1073 755 1095 vera
779 1073 868 1104 quae
893 1064 1072 1095 illuminat
1091 1073 1237 1095 omnem
1261 1063 1446 1094 hominem
1467 1063 1673 1093 venientem
1695 1062 1730 1093 in

403 1108 578 1140 mundum
594 1117 617 1143 ;.
632 1132 639 1139 .
654 1132 661 1139 .
676 1113 727 1139 .et
744 1108 898 1139 mundus
919 1117 982 1148 per
1001 1107 1122 1148 Ipsum
1140 1105 1256 1139 factus
1275 1113 1330 1138 est
1347 1116 1354 1144 ;
1379 1113 1414 1138 et
1433 1106 1588 1137 mundus
1608 1105 1730 1146 Ipsum

404 1161 478 1183 non
492 1151 663 1192 cognovit
677 1161 702 1189 ;.
716 1176 723 1182 .
738 1176 746 1183 .
760 1157 811 1183 .et
824 1151 982 1183 Verbum
996 1151 1090 1183 Caro
1103 1149 1238 1182 factum
1252 1157 1359 1189 est‚et
1372 1149 1547 1182 habitavit
1560 1151 1595 1181 in
1611 1149 1728 1184 nobis,

404 1202 440 1227 et
456 1195 611 1227 vidimus
630 1195 783 1236 gloriam
807 1194 954 1236 Ipsius'’
971 1194 1006 1236 (i.
1024 1202 1098 1234 1—5,
1112 1205 1143 1236 9,
1161 1204 1211 1231 10,
1229 1194 1282 1235 14)
1297 1204 1304 1232 ;

231 1294 311 1335 per
349 1280 621 1322 “Verbum’'
658 1281 716 1321 ibi
757 1280 1027 1334 intelligitur
1064 1280 1285 1321 Dominus
1326 1280 1475 1334 quoad
1517 1280 1730 1320 Divinum

230 1344 429 1395 Verum;
461 1344 582 1398 quod
609 1345 760 1385 omnia
791 1358 870 1398 per
897 1343 1007 1385 illud
1040 1350 1194 1385 creata
1225 1344 1330 1393 sint,
1358 1343 1627 1396 intelligitur
1653 1356 1732 1396 per

230 1408 351 1462 quod
379 1408 570 1449 “omnia
594 1421 673 1462 per
700 1407 854 1461 Ipsum
878 1405 996 1448 faeta
1022 1408 1126 1456 sint,
1154 1413 1200 1448 et
1227 1407 1322 1448 sine
1349 1407 1454 1460 Ipso
1479 1405 1646 1447 factum
1672 1407 1730 1447 sit

230 1471 339 1512 nihil
365 1471 485 1526 quod
511 1470 679 1513 factum
702 1470 812 1520 est,’'
835 1477 881 1511 et
908 1471 1028 1525 quod
1054 1470 1283 1511 “mundus
1309 1484 1388 1524 per
1410 1471 1562 1524 Ipsum
1588 1467 1731 1511 fastus

229 1534 287 1575 sit
303 1534 336 1584 ;''
368 1535 471 1588 quia
496 1548 575 1588 per
603 1534 844 1575 “Verbum
855 1534 874 1549 ’'
899 1533 1168 1587 intelligitur
1184 1533 1411 1574 Dominus
1433 1533 1582 1587 quoad
1610 1533 1732 1574 Divi-

231 1611 337 1638 num
364 1597 552 1647 Verum,
580 1597 682 1638 ideo
714 1597 890 1646 dicitur,
921 1597 1013 1638 “In
1046 1597 1152 1651 Ipso
1177 1597 1271 1637 vita
1297 1603 1408 1646 erat,
1436 1604 1481 1638 et
1508 1598 1602 1637 vita
1633 1603 1730 1638 erat

231 1660 312 1712 lux
338 1661 584 1710 hominem,
605 1693 613 1701 .
635 1693 643 1701 .
665 1693 673 1701 .
692 1667 789 1702 erat
816 1660 896 1701 lux
918 1674 1025 1701 vera
1043 1660 1077 1710 ;”·
1100 1659 1217 1701 “lux
1229 1659 1247 1675 '’
1269 1659 1494 1713 significat
1518 1660 1729 1702 Divinum

232 1724 420 1773 Verum,
447 1737 499 1765 ac
535 1724 697 1765 “vita”
724 1737 906 1765 omnem
938 1737 998 1764 ex
1030 1723 1196 1764 Divino
1222 1723 1347 1764 Vero
1378 1723 1728 1777 intelligentiam

229 1793 277 1828 et
300 1787 584 1841 sapientiam,
604 1800 714 1828 nam¹
730 1787 842 1828 haec
861 1787 967 1828 facit
988 1788 1131 1840 ipsam
1154 1786 1294 1826 vitam
1316 1786 1524 1836 hominis,
1550 1793 1595 1828 et
1618 1801 1728 1841 quo-

231 1864 317 1905 que
348 1850 596 1892 secundum
627 1850 751 1891 illam
783 1856 853 1891 est
879 1851 974 1891 vita
1004 1856 1215 1891 aeterna:
1259 1848 1514 1903 praesentia
1546 1850 1728 1891 Domini

231 1914 349 1968 apud
381 1914 725 1968 unumquemvis
752 1927 853 1955 cum
886 1913 1054 1955 Divino
1078 1927 1159 1954 suo
1185 1913 1324 1962 Vero,
1352 1927 1410 1954 ex
1443 1928 1532 1967 quo
1557 1915 1652 1954 vita
1683 1920 1729 1955 et

231 1978 326 2026 lux,
345 1977 615 2031 intelligitur
637 1991 715 2031 per
739 1981 763 1997 ‘⁴
778 1977 882 2018 Lux
905 1978 948 2018 in
974 1977 1174 2018 tenebris
1197 1976 1333 2026 lucet,
1354 2009 1363 2018 .
1384 2009 1392 2017 .
1410 2010 1418 2017 .
1437 1985 1483 2018 et
1506 1977 1728 2019 illuminat

230 2054 412 2082 omnem
435 2041 664 2082 hominem
682 2042 942 2082 venientem
964 2041 1008 2081 in
1027 2041 1244 2081 mundum
1261 2039 1298 2081 :’'
1323 2041 1404 2082 sed
1427 2042 1548 2096 quod
1571 2042 1634 2082 illi
1657 2043 1727 2096 qui

230 2106 274 2160 in
306 2105 427 2146 falsis
459 2105 564 2146 mali
601 2111 706 2146 sunt
739 2118 829 2146 non
861 2105 1111 2159 percipiant
1142 2105 1206 2145 ita
1237 2118 1319 2146 nec
1352 2106 1570 2159 recipiant
1603 2106 1727 2154 illud,

230 2168 500 2222 intelligitur
530 2182 609 2222 per
640 2169 760 2222 quod
788 2168 1042 2209 “tenebrae
1069 2181 1159 2208 non
1192 2169 1657 2222 comprehenderint,”
1684 2176 1728 2210 et

231 2232 351 2285 quod
379 2232 607 2273 “mundus
634 2232 787 2286 Ipsum
814 2245 904 2272 non
932 2232 1199 2285 cognoverit
1216 2231 1250 2282 ;'’
1269 2232 1568 2285 “‘tenebrae’'
1590 2233 1728 2286 signi-

231 2295 369 2336 ficant
385 2294 497 2355 salsa
514 2295 633 2336 mali.
677 2294 811 2349 Quod
830 2296 887 2336 sit
906 2295 1128 2336 Dominus
1145 2295 1295 2350 quoad
1319 2295 1530 2336 Divinum
1555 2296 1729 2337 Huma-

232 2372 354 2408 num,
381 2359 455 2412 qui
485 2358 555 2399 hic
588 2372 666 2412 per
694 2358 965 2400 “Verbum'’
990 2359 1274 2413 intelligitur,
1302 2366 1430 2413 patet
1463 2359 1597 2408 clare,
1625 2374 1728 2402 nam

232 2420 407 2470 dicitur,
429 2421 529 2462 “Et
547 2421 750 2462 Verbum
773 2420 890 2462 Caro
912 2420 1078 2462 factum
1101 2429 1185 2471 est,
1205 2429 1251 2463 et
1273 2422 1495 2463 habitavit
1518 2424 1562 2463 in
1585 2424 1728 2473 nobis,

232 2492 278 2527 et
300 2486 492 2526 vidimus
517 2484 709 2538 gloriam
735 2485 880 2538 Ipsius
897 2484 930 2534 ;'’
958 2484 1170 2538 “gloria”
1192 2485 1329 2526 etiam
1352 2486 1576 2539 significat
1604 2487 1728 2528 Divi-

233 2560 340 2588 num
363 2546 551 2587 Verum.
610 2557 724 2595 (Quod
739 2557 848 2586 omnia
860 2566 918 2595 per
931 2557 1083 2586 Divinum
1097 2557 1218 2587 Verum
1233 2559 1411 2596 procedens
1430 2568 1450 2588 a
1470 2559 1621 2594 Domino,
1642 2561 1729 2597 quod

230 2609 282 2638 hic
297 2608 479 2645 intelligitur
492 2617 549 2645 per
564 2610 581 2622 ‘⁶
592 2607 767 2642 Verbum,''
783 2613 889 2637 creata
909 2608 980 2642 sint,
995 2608 1141 2637 videatur
1155 2609 1187 2637 in
1209 2617 1305 2646 opere
1324 2609 1375 2637 De
1394 2610 1486 2638 Caelo
1501 2613 1532 2638 et
1545 2611 1683 2648 Inferna,
1699 2620 1730 2641 n.

233 2665 301 2696 137,
320 2667 395 2696 1393
425 2662 456 2686 et
470 2658 502 2686 in
516 2657 674 2686 Dodrina
688 2659 799 2687 Novae
810 2658 1054 2695 Hierosolymae‚
1067 2667 1098 2687 n.
1115 2658 1200 2697 263.)
1258 2648 1372 2688 Inde
1394 2663 1574 2702 quoque
1597 2656 1728 2702 patet

232 2710 353 2763 quod
387 2708 603 2749 “facere’'
635 2715 712 2750 aut
746 2708 965 2750 “creare’'
1001 2709 1072 2749 hic
1110 2723 1286 2763 quoque
1323 2710 1547 2763 significet
1584 2712 1729 2752 facere

232 2773 462 2813 hominem
495 2785 663 2812 novum
695 2785 774 2813 seu
805 2772 1073 2823 reformare;
1116 2786 1221 2813 nam
1254 2773 1459 2815 similiter
1489 2774 1560 2815 hic
1599 2781 1648 2815 ut
1685 2775 1749 2814 in.

231 2834 367 2876 Libro
395 2834 606 2876 Geneseos
632 2835 794 2876 dicitur
819 2836 973 2876 statim
1001 2836 1056 2877 de
1081 2835 1283 2886 “Luce‚”
1308 2851 1422 2891 quae
1448 2838 1568 2890 quod
1591 2838 1728 2890 signi-

231 2898 336 2940 ficet
360 2898 572 2939 Divinum
590 2898 761 2939 Verum
784 2899 1048 2952 procedens,
1069 2913 1148 2952 per
1164 2900 1284 2953 quod
1302 2913 1459 2941 omnes
1483 2901 1727 2941 reforman-

233 2965 319 3008 tur,
345 2959 556 3000 videatur
580 2959 625 2999 in
656 2973 794 3013 opere
818 2960 886 3000 De
912 2959 1045 3002 Caelo
1067 2966 1111 3001 et
1132 2960 1318 3013 Inferna
1343 2972 1387 3011 (n.
1410 2973 1578 3010 126-140),
1605 2968 1651 3002 et
1682 2963 1725 3003 in

232 3019 452 3069 Doc‘lrina
477 3019 633 3060 Novae
658 3019 994 3073 Hz‘erosohsmae
1017 3030 1063 3070 (n.
1079 3031 1144 3070 49).
