2060 3476
653 368 760 402 CAP.
784 369 869 410 111.‚
894 369 1032 417 VERs.
1061 369 1202 401 1.—N.
1231 360 1395 415 186[a].
1674 370 1758 415 257

258 482 424 523 amoris
455 482 623 531 mundi,
656 488 704 523 at
735 482 830 523 vita
869 481 1052 523 moralis
1093 496 1151 523 ex
1184 482 1278 523 vita
1316 475 1534 536 spirituali
1573 482 1631 524 sit
1651 480 1758 524 'vita

261 546 426 586 amoris
457 547 501 586 in
533 546 780 587 Dominum
811 552 859 587 et
890 547 1055 587 amoris
1087 560 1196 599 erga
1227 548 1484 600 proximum
1502 561 1511 597 ;
1557 553 1603 587 et
1635 547 1755 600 quod

258 608 370 649 haec
402 610 498 650 vita
535 610 593 650 sit
625 610 720 650 vita
751 609 877 658 caeli,
910 609 987 649 illa
1019 615 1170 650 autem
1196 611 1291 650 vita
1323 611 1381 651 sit
1421 624 1536 664 quae
1567 616 1760 666 vocatur·

259 687 380 714 mors
418 672 686 727 spiritualis;
731 687 791 714 ex
827 671 1072 714 intelleffls
1109 673 1196 714 illis
1233 687 1365 727 supra
1405 673 1468 728 (n.
1507 674 1620 727 182),
1654 675 1756 715 sciri

256 743 411 790 potest
442 737 547 790 quid
579 737 650 777 hic
682 736 952 790 intelligitur
983 750 1062 790 per
1090 738 1279 778 “vivere
1292 737 1311 751 '’
1338 743 1383 778 et
1411 743 1566 778 tamen
1595 741 1753 778 “mor-

255 808 359 841 tuus
396 800 533 841 esse.”
613 799 747 853 Quod
781 801 970 841 “vivere
987 800 1005 815 '⁹
1043 814 1121 841 seu
1155 802 1320 841 “vivus
1358 800 1490 841 esse”
1528 799 1753 853 significet

255 865 396 905 vitam
423 863 699 918 spiritual-em
726 864 851 917 apud.
870 864 1115 912 hominem,
1140 871 1186 905 et
1213 864 1334 918 quod
1358 868 1600 905 “mortuus
1623 878 1722 905 esse
1734 864 1754 879 '’

254 927 479 981 significet
511 928 871 981 deprivationem
904 927 997 980 ejus
1023 929 1143 968 vitae
1176 934 1222 968 et
1255 928 1613 975 damnationem,
1642 941 1752 968 con-

253 998 375 1039 stare
400 997 554 1044 potest
581 1005 607 1031 a
632 990 832 1044 pluribus
858 990 969 1032 loeis
995 991 1040 1031 in
1067 990 1236 1039 Verbo,
1265 1004 1454 1045 quorum
1480 991 1591 1032 haec
1615 990 1749 1031 velim

253 1055 409 1096 afferre
425 1054 635 1108 :—Apud
661 1054 945 1103 Ezechielem,

322 1163 344 1175 “
355 1160 446 1193 Cum
462 1160 587 1192 dixero
604 1160 727 1201 impio,
745 1159 936 1192 Moriendo
950 1157 1160 1198 sslmorieris,
1178 1171 1243 1192 nec
1260 1161 1491 1192 admonueris
1508 1161 1619 1198 illum,
1637 1171 1752 1202 neque

426 1204 565 1236 locutus
589 1204 699 1235 fueris
716 1204 761 1236 ad
785 1204 1047 1236 dehortandum
1073 1205 1221 1245 impium
1238 1215 1260 1236 a
1275 1205 1334 1236 via
1350 1204 1428 1245 ejus
1445 1205 1551 1243 mala,
1571 1205 1617 1236 ad
1640 1205 1753 1236 vivifi-

426 1248 578 1279 candum
597 1248 708 1286 illum,
728 1248 804 1288 ipse
829 1249 959 1288 impius
982 1248 1019 1279 in
1043 1248 1230 1289 iniquitate
1246 1259 1311 1280 sua
1328 1249 1536 1280 morieturz.
1550 1274 1558 1280 .
1573 1274 1580 1280 .
1594 1249 1704 1290 .quod
1721 1249 1752 1280 si

426 1292 656 1323 admonueris
680 1292 839 1332 impium,
861 1289 962 1323 1²]nec
987 1302 1151 1324 reversus
1175 1292 1280 1324 fuerit
1304 1302 1326 1323 a
1349 1293 1486 1324 malitia
1502 1302 1577 1330 sua,
1598 1298 1634 1324 et
1655 1302 1677 1324 a
1693 1293 1754 1324 via

426 1346 491 1367 sua
514 1336 619 1374 mala,
640 1336 698 1367 ille
722 1336 758 1367 in
784 1336 970 1376 iniquitate
995 1346 1059 1367 sua
1083 1337 1264 1374 morietur,
1285 1343 1323 1368 tu
1340 1343 1460 1367 tamen
1477 1337 1634 1367 animam
1653 1344 1751 1368 tuam
1794 1365 1801 1369 ,

426 1380 598 1420 eripuisti.
653 1404 749 1412 .....
758 1379 863 1421 Quod
887 1380 916 1411 si
941 1380 1172 1411 admonueris
1188 1380 1334 1420 justum,
1355 1387 1393 1411 ut
1411 1378 1520 1411 [³]non
1538 1386 1660 1421 peccet
1677 1390 1752 1411 am-

425 1424 590 1508 pli-us‚,(e.t.
608 1423 666 1499 ἱ11ξ
687 1434 764 1508 ζιῧῃ
789 1424 999 1464 peccaverit,
1019 1424 1175 1455 vivendo
1200 1425 1307 1462 vivet,
1328 1424 1410 1465 quia
1427 1424 1666 1455 admonitioni
1691 1434 1752 1465 pa-

426 1474 496 1499 ruit
555 1478 603 1500 111.
623 1476 637 1498 1
663 1485 686 1489 -
757 1477 764 1505 ;

252 1572 525 1612 “moriendo
557 1571 701 1612 mori”
726 1572 802 1612 -hic
836 1577 905 1612 est
942 1571 1085 1625 perire
1122 1578 1270 1612 morte
1301 1578 1501 1620 aeterna,
1534 1586 1648 1626 quae
1679 1578 1751 1613 est
1788 1591 1793 1596 ·

250 1636 498 1683 damnatio,
526 1635 687 1676 dicitur
712 1636 830 1675 enim
857 1636 913 1675 de
939 1636 1110 1689 impiis;
1144 1642 1190 1676 et
1218 1636 1450 1676 “vivendo
1476 1636 1625 1676 vivere
1638 1635 1657 1650 ”
1679 1643 1750 1677 est

249 1699 330 1739 frui
355 1699 449 1740 vita
473 1705 673 1746 aeterna,
697 1712 811 1752 quae
837 1705 907 1739 est
933 1698 1141 1747 salvatio,
1166 1712 1270 1739 nam
1297 1699 1460 1740 dicitur
1481 1700 1538 1740 de
1564 1699 1651 1740 illis
1673 1701 1748 1754 qui

249 1763 577 1816 paenitentiam
602 1769 745 1815 agunt
771 1768 818 1802 et
844 1762 900 1802 de
921 1761 1066 1814 justis.
1127 1761 1265 1815 Apud
1291 1752 1500 1811 eundem,

318 1865 340 1878 ‘⁴
352 1863 576 1895 Profanastis
594 1862 655 1896 Me
672 1863 766 1903 apud
782 1863 954 1903 populum
968 1872 1086 1894 meum
1091 1887 1184 1900 .....
1192 1863 1236 1894 ad
1254 1863 1487 1895 occidendum
1505 1864 1645 1896 animas
1659 1874 1751 1905 quae

424 1917 498 1938 non
515 1907 606 1938 mori
630 1907 773 1944 debent,
793 1913 828 1938 et
849 1907 894 1938 ad
918 1906 1169 1938 vivificandum
1187 1907 1327 1938 animas
1345 1918 1435 1948 quae
1459 1917 1534 1939 non
1551 1909 1674 1940 vivere
1690 1909 1752 1940 de-

423 1951 519 1990 bent,
535 1949 619 1982 dum
633 1951 835 1982 mentimini
853 1951 985 1991 populo
1005 1948 1132 1992 [me0],
1149 1951 1376 1982 audientibus
1389 1952 1616 1983 mendacium
1627 1951 1645 1963 '’
1658 1952 1748 1992 (xiii.

426 1994 501 2035 19);

248 2102 397 2154 agitur
421 2100 492 2141 hic
519 2100 576 2141 de
601 2099 911 2141 falsificatione
932 2100 1040 2148 veri,
1059 2114 1179 2153 quae
1206 2100 1474 2154 intelligitur
1499 2114 1578 2154 per
1602 2101 1749 2142 “Pro-

247 2165 435 2206 fanastis
480 2164 556 2205 Me
596 2164 715 2217 apud
760 2163 974 2217 populum
1015 2163 1203 2211 meum‚‘'
1243 2171 1289 2204 et
1335 2178 1414 2217 per
1456 2165 1750 2205 “mentimini

249 2228 430 2282 populo,
450 2228 733 2268 audientibus
755 2228 1039 2268 mendacium
1058 2227 1091 2278 ;”
1125 2228 1447 2268 “mendacium
1460 2228 1479 2243 '’
1496 2228 1555 2269 ibi
1577 2228 1748 2281 signifi—

249 2299 323 2333 cat
345 2292 503 2332 falsum
522 2298 568 2332 et
590 2291 873 2332 falsificatum
892 2305 901 2341 ;
936 2291 1178 2332 “occidere
1195 2292 1368 2332 animas
1386 2306 1500 2345 quae
1522 2305 1614 2332 non
1636 2293 1749 2333 mori

248 2355 456 2409 debent?
488 2362 558 2396 est
595 2353 828 2408 deprivare
863 2354 964 2395 illas
985 2355 1094 2411 *vita
1129 2369 1189 2395 ex
1222 2356 1364 2405 veris;
1406 2362 1452 2396 et
1487 2354 1750 2396 “vivificare

248 2419 421 2459 animas
452 2432 566 2472 quae
597 2432 688 2459 non
713 2419 863 2459 vivere
890 2418 1098 2465 debent?
1124 2425 1194 2459 est
1221 2419 1490 2472 persuadere
1516 2418 1602 2459 illis
1628 2420 1748 2473 quod

247 2484 342 2524 vita
372 2487 558 2523 aeterna
594 2483 651 2523 sit
688 2496 747 2523 ex
784 2482 933 2532 falsis;
971 2482 1091 2536 quod
1129 2482 1214 2522 hoc
1254 2496 1333 2535 per
1366 2482 1646 2523 “vivificari'’
1677 2483 1748 2524 hic

248 2545 544 2599 intelligatur,
570 2551 698 2599 patet
730 2546 787 2586 ab
812 2545 1116 2586 antecedente
1142 2559 1272 2586 versu
1303 2546 1375 2586 ibi.
1438 2545 1576 2599 Apud
1610 2545 1748 2597 Davi-

249 2610 368 2657 dem,

316 2706 441 2738 “Ecce
470 2705 594 2737 oculus
621 2704 780 2747 Jehovae
808 2715 916 2746 super
941 2705 1147 2737 timentibus
1178 2705 1301 2746 Ipsum
1305 2730 1397 2743 .....
1406 2705 1451 2737 ad
1479 2706 1702 2746 eripiendum
1727 2716 1749 2738 a

423 2756 538 2781 morte
562 2749 720 2780 animam
744 2759 879 2788 eorum,
900 2755 935 2781 et
958 2749 1003 2781 ad
1027 2749 1280 2781 vivificandum
1305 2759 1368 2781 eos
1393 2749 1428 2780 in
1454 2749 1580 2781 fame'’
1599 2750 1744 2790 (Psalm.

423 2791 580 2825 mxxxiii.
600 2794 651 2831 18,
670 2793 724 2834 19)
739 2802 746 2829 :

247 2870 366 2924 apud
393 2870 604 2919 eundem,

315 2946 524 2980 “Liberasti
546 2947 705 2979 animam
728 2956 846 2979 meam
869 2957 891 2980 a
914 2954 1040 2986 morte,
1066 2955 1102 2981 et
1126 2948 1236 2990 pedes
1260 2958 1360 2981 meos
1384 2950 1430 2981 ab
1453 2948 1680 2989 impulsione,
1701 2947 1747 2980 ad

421 2991 675 3023 ambulandum
692 3001 812 3023 coram
831 2991 908 3024 Deo
925 2992 961 3024 in
978 2992 1056 3024 luce
1073 2993 1270 3025 viventium
1281 2992 1300 3004 '¹
1317 2991 1463 3034 (psalm.
1481 2993 1540 3024 lvi.
1559 3001 1599 3031 14
1619 2990 1679 3034 [B.
1696 2992 1744 3025 A.

426 3032 499 3077 1³1)
512 3044 520 3075 ;
