2060 3476
315 359 368 400 28
727 367 1061 400 APOCALYPSIS
1091 368 1391 400 EXPLICATA.

1312 450 1331 463 s

319 479 530 521 Divinum
554 479 814 521 Humanum
837 481 1010 529 dicitur,
1030 480 1132 534 quia
1150 480 1369 522 Dominus
1393 480 1652 521 Humanum
1674 493 1800 522 suum

315 543 421 584 fecit
447 542 658 584 Divinum
698 557 798 587 cum
823 543 903 584 fuit
935 544 979 584 in
1006 544 1188 593 mundo,
1215 544 1357 585 univit
1388 544 1506 584 enim
1537 544 1581 584 id
1613 557 1694 584 suo
1721 543 1801 587 Di-

314 607 418 646 vino
440 606 559 660 quod
578 605 656 647 suit
674 606 718 647 in
737 606 841 660 Ipso
858 620 884 647 a
902 607 1214 660 conceptione,
1235 613 1281 647 et
1300 607 1420 660 quod
1442 606 1521 647 fuit
1540 606 1630 660 Ipsi
1652 606 1801 647 anima

312 682 372 709 ex
405 669 550 718 Patre,
574 670 638 710 ita
663 670 783 724 quod
808 670 887 711 suit
919 669 1010 724 Ipsi
1035 671 1130 711 vita
1154 683 1258 710 sua:
1291 683 1397 710 nam
1429 670 1578 710 anima
1608 669 1800 721 cujusvis
1852 695 1854 697 -

312 738 383 772 est
414 732 508 772 vita
538 732 658 784 ejus;
696 738 742 773 et
773 745 948 786 corpuS,
981 733 1100 786 quod
1133 739 1202 773 est
1238 733 1496 781 humanum,
1528 732 1632 773 inde
1662 733 1800 784 vivit3

313 801 587 849 quapropter
612 808 712 836 cum
740 795 951 836 Divinum
976 795 1055 836 fuit
1082 796 1254 836 unitum
1283 795 1496 835 Humano
1517 795 1561 835 in
1584 794 1795 844 Domino,

313 858 427 899 sieut
458 858 607 898 anima
638 858 826 912 corpori,
859 857 1070 898 Divinum
1104 858 1363 899 Humanum
1401 858 1574 898 dicitur.
1635 867 1748 905 (Quod
1762 876 1801 897 ex

310 919 456 949 docftrina
467 919 615 949 ecelesiae
626 920 673 954 sit,
686 921 774 957 quod
788 920 868 949 sicut
881 920 988 950 anima
1002 924 1033 950 et
1044 929 1158 958 cot-pus
1169 920 1287 949 faciunt
1297 929 1397 949 unum
1411 920 1583 954 hominem,
1595 919 1639 948 ita
1650 918 1801 948 Divinum

311 971 342 996 et
358 967 547 997 Humanum
561 967 653 997 fuerit
666 977 749 997 unus
764 967 915 1002 Christus,
930 972 966 996 ut
987 972 1017 996 et
1039 969 1127 1004 quod
1150 968 1301 997 Divinum
1322 971 1354 997 et
1376 967 1565 996 Humanum
1588 966 1691 1004 Ipsius
1711 965 1802 995 fuerit

310 1027 376 1048 una
391 1019 537 1055 Persona,
548 1019 692 1048 videatur
705 1028 809 1057 supra,
826 1028 857 1050 n.
878 1019 953 1059 10.)
1010 1007 1097 1061 Qui
1119 1009 1270 1062 itaque
1288 1009 1493 1061 cogitant
1511 1008 1567 1049 de
1587 1007 1800 1047 Humano

313 1070 509 1120 Domini,
542 1078 588 1112 et
619 1084 710 1112 non
747 1070 876 1111 simul
908 1071 964 1112 de
996 1070 1160 1112 Divino
1196 1071 1354 1124 Ipsius,
1388 1070 1451 1111 illi
1492 1083 1671 1124 prorsus
1707 1083 1799 1110 non

311 1134 559 1175 admittunt
600 1147 758 1175 vocem
801 1133 951 1174 Divini
988 1133 1200 1182 Humani,
1228 1134 1435 1187 cogitant
1466 1133 1586 1174 enim
1617 1146 1797 1187 separa-

311 1197 393 1238 tim
419 1197 476 1238 de
508 1196 721 1238 Humano
753 1202 798 1237 et
825 1197 1067 1250 separatim
1093 1197 1149 1237 de
1175 1196 1353 1246 Divino,
1379 1197 1443 1237 ita
1473 1196 1598 1250 quasi
1629 1196 1685 1237 de
1715 1195 1797 1237 ho-

310 1260 429 1300 mine
460 1260 700 1313 separatim
732 1259 789 1300 ab
819 1261 969 1300 anima
998 1273 1076 1300 seu
1101 1260 1194 1300 vita
1225 1258 1343 1312 ejus;
1381 1259 1500 1313 quod
1526 1265 1681 1300 tamen
1707 1272 1797 1299 non

310 1329 380 1363 est
412 1323 613 1375 cogitare
644 1322 700 1363 de
731 1322 926 1371 homine,
954 1323 1098 1363 minus
1130 1322 1186 1363 de
1218 1322 1438 1363 Domino:
1485 1328 1531 1363 et
1562 1323 1664 1376 quia
1694 1321 1798 1362 talis

310 1385 410 1426 idea
437 1391 646 1439 separata
670 1386 788 1426 inest
814 1386 1081 1438 cogitationi
1107 1398 1273 1434 eorum,
1301 1385 1403 1426 ideo
1428 1391 1591 1438 rogant
1618 1385 1797 1426 Patrem

310 1454 358 1488 ut
395 1448 657 1489 misereatur
689 1454 874 1502 propter
911 1447 1099 1499 Filium;
1148 1461 1249 1489 cum
1285 1454 1439 1489 tamen
1470 1448 1696 1501 rogandus
1728 1454 1798 1489 est

310 1511 412 1564 Ipse
445 1511 663 1551 Dominus
695 1517 742 1552 ut
775 1511 1050 1560 misereatur,
1073 1512 1117 1552 in
1149 1525 1251 1565 quo,
1279 1511 1523 1552 secundum
1546 1509 1796 1551 doctrinam

310 1574 606 1615 universalem
639 1573 871 1624 ecclesiae,
896 1574 1107 1615 Divinum
1133 1581 1203 1615 est
1230 1574 1361 1628 quale
1387 1580 1455 1615 est
1483 1574 1651 1625 Patris;
1691 1586 1795 1614 nam

309 1636 386 1678 illa
414 1637 563 1687 docet,

380 1733 498 1780 Quod
524 1734 627 1768 sicut
646 1733 773 1774 Pater,
793 1734 912 1769 etiarn
934 1733 1068 1775 Filius,
1088 1741 1148 1769 est
1168 1734 1375 1775 increatus,
1395 1734 1583 1774 infinitus,
1602 1740 1796 1775 aeternus.

308 1781 573 1826 omnipotens,
595 1780 712 1821 Deus,
740 1781 954 1821 Dominus;
993 1788 1033 1816 et
1059 1792 1177 1816 nemo
1206 1781 1351 1816 Eorum
1380 1781 1530 1826 primus
1555 1788 1596 1817 et
1621 1781 1796 1822 ultimus,

309 1839 381 1863 nec
400 1827 594 1863 maximus
611 1834 680 1863 aut
699 1827 905 1869 minimus;
938 1830 1002 1872 (ex
1018 1829 1242 1863 Athanasii
1255 1829 1465 1874 Symbolo,·)

309 1937 354 1971 et
377 1944 552 1984 quoque
574 1936 643 1971 est
665 1931 909 1971 secundum
932 1929 1181 1972 doctrinam
1203 1931 1260 1972 ab
1282 1931 1386 1984 Ipso
1408 1930 1604 1972 Domino
1627 1931 1794 1981 datam,

310 2007 424 2047 quae
455 2000 539 2042 est,

382 2091 499 2138 Quod
520 2091 608 2137 Ipse
626 2099 667 2127 et
687 2091 804 2127 Pater
821 2103 945 2126 unum
965 2092 1065 2133 sint;
1091 2099 1131 2128 et
1144 2092 1251 2138 quod
1278 2092 1346 2138 qui
1371 2092 1482 2128 videt
1509 2091 1643 2138 Ipsum
1660 2092 1796 2128 videat

310 2139 481 2179 Patrem,
500 2139 592 2184 quia
619 2138 708 2184 Ipse
735 2139 773 2174 in
803 2139 919 2174 Patre
944 2145 984 2175 et
1012 2139 1131 2174 Pater
1148 2139 1187 2173 in
1208 2139 1320 2185 Ipso:
1345 2146 1385 2175 et
1402 2139 1509 2185 quod
1538 2139 1627 2184 Ipse
1651 2139 1703 2175 sit
1719 2139 1795 2181 via,

307 2186 453 2221 veritas
471 2192 511 2221 et
527 2186 609 2226 via:
635 2193 676 2221 et
693 2186 800 2232 quod
821 2197 940 2221 nemo
957 2186 1093 2221 veniat
1110 2186 1160 2221 ad
1180 2186 1351 2227 Patrem,
1370 2186 1445 2222 nisi
1465 2197 1534 2232 per
1553 2186 1700 2232 Ipsum.

311 2289 422 2330 Inde
459 2295 586 2342 patet
624 2295 841 2342 quantum
882 2287 1126 2330 deflefmnt
1163 2303 1189 2330 a
1219 2290 1291 2330 via
1327 2295 1374 2330 et
1414 2303 1440 2330 a
1476 2290 1682 2338 veritate,
1721 2289 1795 2343 qui

309 2358 544 2392 transeunt
571 2352 814 2392 Dominum
841 2359 887 2393 et
910 2353 1078 2393 adeunt
1106 2352 1298 2393 Patrem.
1354 2351 1442 2393 Sed
1468 2352 1570 2405 quia
1591 2352 1717 2405 plura
1738 2353 1795 2393 de

308 2415 391 2455 hac
414 2429 460 2455 re
486 2415 662 2455 locutus
688 2428 784 2455 sum
813 2429 912 2455 cum
939 2415 1125 2468 angelis,
1153 2421 1199 2456 et
1225 2428 1401 2468 quoque
1427 2427 1526 2455 curn
1553 2413 1794 2468 spiritibus,

309 2478 382 2531 qui
412 2477 602 2526 suerunt,
630 2491 729 2518 cum
755 2479 968 2519 vixerunt
999 2478 1203 2518 homines
1228 2478 1272 2518 in
1299 2477 1480 2526 mundo,
1507 2478 1564 2518 ab
1589 2477 1796 2518 Ecclesia

310 2541 586 2589 Reformata,
610 2547 655 2581 et
678 2555 737 2581 ex
761 2541 999 2593 Religione
1023 2539 1268 2589 Pontificia,
1287 2539 1420 2580 velim
1443 2541 1487 2580 in
1505 2540 1794 2594 sequentibus

308 2603 385 2645 ina
416 2616 690 2654 memorare3
733 2617 791 2644 ex
829 2604 986 2657 quibus
1023 2603 1255 2657 apparebit
1296 2603 1340 2643 in
1377 2602 1494 2656 quali
1537 2602 1636 2643 luce
1672 2609 1793 2644 esset

308 2666 499 2707 ecclesia
524 2667 579 2707 de
607 2666 784 2715 Divino,
812 2667 931 2720 quod
958 2673 1027 2707 est
1054 2667 1242 2720 primurn
1268 2672 1314 2706 et
1345 2666 1599 2719 primarium
1625 2665 1730 2718 ejus,
1757 2667 1793 2706 si

310 2729 520 2770 Divinum
549 2729 808 2770 Humanum
836 2730 1018 2771 Domini
1043 2735 1313 2782 agnosceret
1339 2729 1628 2770 et·crederet.

388 2806 473 2851 27.
512 2796 636 2849 “lpse
675 2797 806 2838 Testis
839 2796 1207 2850 ffdelis.''²—Quod
1236 2795 1459 2850 significet
1488 2810 1517 2837 a
1549 2809 1632 2849 quo
1668 2809 1795 2837 omne

307 2872 459 2899 verum
493 2858 539 2898 z'n
568 2858 694 2907 caelo,
728 2865 909 2899 constat
940 2873 998 2900 ex
1030 2857 1358 2911 significatione
1391 2857 1578 2898 “Testis
1613 2855 1794 2906 fidelis,''

309 2934 409 2962 cum
427 2921 482 2961 de
501 2921 709 2969 Domino,
729 2922 847 2975 quod
866 2922 922 2962 sit
939 2922 1112 2974 agnitio
1131 2921 1279 2962 Divini
1298 2920 1495 2961 Humani
1512 2933 1538 2959 a
1554 2932 1642 2972 quo
1659 2932 1792 2959 omne

309 2997 461 3024 verum
486 2984 531 3024 in
554 2983 693 3034 caelo,
718 2985 774 3025 de
799 2998 886 3038 qua
908 2985 1131 3038 sequitur;
1163 2984 1283 3037 quod
1309 2984 1482 3024 dicatur
1502 2981 1548 3023 z'n
1572 2980 1698 3030 caelo,
1722 2987 1792 3022 est
