2060 3476
329 367 412 431 468
730 376 1063 411 APOCALYPSIS
1094 379 1397 425 EXPLICATA.

330 503 443 543 quae
480 489 644 531 mentis
682 503 835 533 eorum
872 496 921 533 ut
952 491 1158 533 venirent
1189 492 1233 534 in
1265 491 1411 534 lucem
1443 491 1569 543 caeli,
1602 499 1648 535 et
1680 493 1742 535 sic
1773 493 1819 535 in

328 550 610 594 intelleGmm
642 553 734 594 veri
770 559 817 594 et
853 554 959 595 boni
995 555 1068 608 qui
1104 561 1173 596 est
1210 555 1526 609 intelligentia,
1558 556 1822 598 describitur

328 628 407 668 per
437 614 708 669 “aquilam,”
737 615 829 669 ejus
860 616 1049 658 “nidum
1084 618 1127 657 in
1157 617 1292 667 alto‚’'
1322 617 1414 670 ejus
1446 618 1819 660 “motitationem

328 692 460 732 super
481 678 626 732 pullis,
651 684 697 720 et
719 679 1025 732 portationem
1047 693 1202 721 eorum
1229 694 1361 734 super
1382 680 1463 721 alis
1481 680 1514 731 ;”
1540 682 1820 735 comparatio

327 740 377 783 fit
406 754 507 782 cum
538 741 687 796 aquila
717 742 818 796 quia
848 742 1033 796 “aquila
1045 742 1063 758 ''
1092 742 1314 797 significat
1346 743 1707 798 intelligentiam.
1766 744 1820 787 In

326 804 463 846 Libro
489 804 683 846 Secundo
710 804 943 854 Samuelis,

396 900 524 985 “Sau}
538 907 574 933 et
594 900 797 985 5Ionathan.
811 926 819 933 .
833 911 956 942 ..prae
980 901 1109 942 aquilis
1134 901 1287 939 veloces,
1315 907 1350 933 et
1379 911 1464 942 prae
1492 902 1659 935 leonibus
1683 902 1791 935 validi
1801 902 1821 916 ''

515 955 538 977 ι.
552 953 592 984 23
621 954 628 983 ;
1778 961 1781 965 ·

327 1044 405 1084 per
438 1029 691 1071 “Saulem’'
722 1037 770 1072 ut
807 1044 961 1084 regem
998 1037 1044 1072 et
1081 1045 1160 1085 per
1193 1031 1563 1084 “Jonathanem”
1594 1039 1641 1074 ut
1681 1032 1819 1075 filium

326 1093 444 1146 regis
467 1093 744 1147 significatur
769 1107 923 1135 verum
950 1094 1195 1146 ecclesiae;
1223 1101 1269 1136 et
1295 1096 1397 1149 quia
1422 1095 1526 1136 inde
1552 1102 1621 1137 est
1653 1096 1819 1138 intelli-

326 1157 483 1207 gentia
506 1163 551 1198 et
571 1171 747 1211 quoque
770 1157 990 1211 potentia,
1010 1157 1172 1198 dicitur
1189 1158 1307 1212 quod
1328 1162 1470 1212 “prae
1493 1159 1649 1212 aquilis
1667 1166 1819 1201 essent

326 1218 506 1260 veloces
544 1226 590 1261 et
628 1234 733 1274 prae
772 1220 976 1261 leonibus
1012 1219 1148 1261 validi
1166 1220 1200 1271 ;‘'
1244 1220 1531 1262 “velocitas''
1567 1222 1610 1261 in
1648 1221 1816 1270 Verbo,

327 1293 427 1322 cum
454 1281 510 1323 de
541 1282 858 1336 intelligentia,
886 1283 1109 1337 significat
1135 1282 1416 1324 affectionem
1443 1285 1562 1325 veri:
1595 1285 1819 1338 inscripsit

326 1345 443 1385 enim
472 1345 619 1386 David
646 1359 772 1386 suum
801 1345 1048 1387 lamentum
1075 1359 1207 1400 super
1232 1345 1412 1387 Saulem
1439 1354 1485 1388 et
1515 1347 1818 1400 jonathanem

328 1407 443 1448 “Ad
470 1408 725 1450 docendum
752 1408 866 1450 filios
891 1409 1092 1463 Jehudae
1119 1409 1310 1458 arcum,''
1332 1416 1378 1450 et
1404 1423 1483 1464 per
1507 1409 1658 1451 “filios
1681 1410 1818 1463 Jehu-

326 1470 410 1512 dae
422 1470 441 1485 ’¹
467 1471 776 1525 significantur
801 1486 906 1513 vera
931 1471 1164 1521 ecclesiae,
1191 1478 1237 1513 et
1264 1486 1342 1526 per
1369 1476 1558 1514 “arcum
1570 1473 1590 1488 ''
1615 1471 1819 1516 doc'trina

325 1535 417 1576 veri
443 1536 686 1590 pugnantis
713 1542 872 1576 contra
897 1535 1021 1576 falsa.
1082 1534 1219 1589 Apud
1244 1535 1449 1585 Hiobum,

395 1630 523 1662 “Num
549 1641 612 1671 per
636 1631 911 1671 intelligentiam
937 1636 1035 1662 tuam
1056 1631 1155 1663 volat
1178 1631 1357 1672 accipiter,
1380 1638 1416 1663 et
1439 1631 1611 1673 expandit
1635 1631 1712 1663 alas
1732 1641 1825 1666 suas,

500 1684 626 1706 versus
643 1676 828 1707 austrum?
874 1674 968 1706 Num
985 1674 1087 1715 juxta
1104 1685 1145 1706 os
1162 1680 1263 1706 tuum
1280 1675 1414 1706 attollit
1430 1685 1468 1706 se
1485 1675 1617 1716 aquila,
1637 1681 1672 1707 et
1689 1675 1726 1707 in
1743 1675 1818 1707 alto

500 1718 603 1759 ponit
623 1719 747 1750 nidum
768 1720 896 1751 suum?
943 1718 985 1750 In
1005 1724 1108 1759 petra
1126 1718 1265 1750 habitat
1285 1724 1320 1750 et
1339 1717 1527 1759 pernoctat
1531 1743 1623 1757 .....
1631 1719 1715 1751 inde
1740 1729 1819 1760 per-

500 1762 656 1802 vestigat
675 1762 806 1800 cibum,
830 1762 866 1793 in
886 1762 1125 1803 longinquum
1146 1762 1241 1793 oculi
1261 1761 1340 1803 ejus
1365 1762 1591 1803 prospiciunt
1605 1771 1628 1801 ;.
1643 1787 1650 1794 .
1664 1787 1672 1795 .
1687 1768 1737 1795 ‚et
1755 1763 1817 1794 ubi

500 1812 585 1837 sunt
604 1806 765 1838 confossi
786 1806 835 1837 ibi
856 1805 946 1837 i11a”
966 1804 1099 1846 (xxxix.
1117 1805 1256 1847 26-30):

326 1892 475 1944 agitur
499 1891 556 1932 ibi
583 1891 638 1932 de
665 1891 980 1944 intelligentia,
1008 1891 1128 1945 quod
1160 1903 1295 1932 nemo
1326 1891 1450 1932 illam
1478 1905 1536 1932 ex
1568 1904 1616 1932 se
1649 1905 1726 1932 seu
1757 1905 1817 1932 ex

326 1956 505 2008 proprio
532 1968 792 2008 comparare
824 1955 991 2008 possit;
1034 1968 1170 2008 quare
1201 1954 1363 1995 dicitur
1390 1954 1547 1995 “Num
1579 1968 1658 2008 per
1682 1953 1816 1995 intel-

324 2017 562 2071 ligentiam
589 2024 713 2059 tuam
739 2017 865 2058 volat
893 2018 1119 2071 accipiter,
1148 2023 1194 2058 et
1220 2017 1442 2070 expandit
1469 2017 1564 2059 alas
1589 2031 1691 2057 suas
1715 2031 1816 2058 ver-

326 2094 399 2121 sus
431 2088 630 2122 austrum
645 2081 682 2122 ?'’
727 2080 823 2134 [per
859 2079 999 2134 quod]
1039 2079 1315 2133 significatur
1345 2080 1554 2120 induce-re
1591 2086 1735 2121 semet
1771 2080 1816 2122 in

326 2143 472 2185 lucem
494 2145 822 2198 intelligentiae
848 2143 982 2198 (hanc
1006 2142 1229 2196 significat
1249 2146 1484 2184 “austrum
1497 2142 1552 2196 ”)‚
1571 2142 1640 2183 hic
1663 2149 1816 2185 autem

326 2220 416 2248 non
442 2221 587 2261 posse.
649 2207 752 2261 Ipsa
778 2206 1081 2259 intelligentia
1106 2219 1220 2259 quae
1246 2205 1486 2259 spiritualis
1518 2206 1710 2246 hominis
1737 2205 1816 2246 de-

326 2271 533 2311 scribitur
558 2284 636 2324 per
653 2270 774 2324 quod
798 2269 983 2323 “aquila
1006 2283 1053 2309 se
1070 2268 1269 2317 attollat,
1293 2269 1337 2309 in
1360 2268 1456 2310 alto
1482 2275 1621 2322 ponat
1649 2269 1815 2317 nidum,

325 2334 369 2374 in
401 2340 530 2388 petra
561 2334 737 2374 habitet
769 2339 815 2374 et
847 2330 1099 2386 pernoctet,
1133 2332 1236 2372 inde
1268 2332 1547 2385 pervestiget
1580 2331 1742 2379 cibum,
1770 2337 1817 2372 et

326 2396 466 2437 oculis
491 2397 535 2436 in
567 2395 862 2449 longinquum
894 2394 1187 2448 prospiciat:’'
1218 2394 1338 2447 quod
1371 2394 1481 2434 nulli
1513 2393 1617 2436 talis
1648 2393 1817 2434 intelli-

326 2460 482 2511 gentia
513 2473 571 2500 ex
604 2473 651 2499 se
682 2459 754 2506 sit,
781 2457 1057 2511 significatur
1083 2471 1161 2510 per
1189 2457 1346 2497 “Num
1378 2457 1434 2497 ad
1466 2471 1516 2497 os
1547 2463 1671 2497 tuum
1685 2456 1704 2471 ”
1730 2456 1816 2498 hoc

325 2523 432 2563 facit
464 2521 642 2575 aquila?
702 2521 769 2562 At
801 2521 920 2574 quod
953 2534 1012 2561 ex
1044 2520 1222 2573 propria
1252 2519 1558 2572 intelligentia
1589 2532 1679 2560 non
1712 2532 1815 2572 pro-

326 2585 464 2627 deant
491 2585 574 2626 nisi
599 2597 733 2638 quam
763 2584 888 2632 falsa,
917 2582 1194 2636 significatur
1218 2596 1298 2636 per
1325 2583 1454 2624 “Ubi
1485 2588 1589 2623 sunt
1622 2583 1816 2623 confossi

325 2649 384 2689 ibi
415 2647 492 2688 illa
509 2647 543 2698 ;''
577 2646 838 2688 “confossi''
869 2647 913 2686 in
946 2645 1100 2687 Verbo
1132 2644 1388 2698 significant
1424 2645 1524 2686 illos
1556 2646 1672 2699 apud
1704 2660 1816 2699 quos

325 2722 434 2749 vera
463 2708 696 2748 exstincta
726 2714 832 2748 sunt
863 2722 943 2761 per
971 2707 1086 2747 falsa
1117 2717 1276 2754 (videatur
1290 2727 1320 2747 n.
1336 2718 1441 2756 4503).
1498 2707 1574 2747 Ex
1604 2707 1673 2747 his
1703 2720 1814 2748 con-
1880 2716 1883 2721 '

326 2777 446 2812 stare
483 2776 636 2823 potest
674 2770 778 2824 quid
815 2769 1090 2823 significatur
1127 2782 1205 2822 per
1243 2769 1425 2810 Domini
1462 2769 1599 2811 verba
1635 2769 1815 2822 quando

324 2834 718 2886 interrogaverunt
756 2833 908 2886 Ipsum
950 2833 1131 2874 ubinam
1168 2831 1374 2873 ultimum
1403 2831 1644 2885 judicium:
1695 2831 1814 2885 apud

324 2896 502 2945 Lucam,
1355 2896 1359 2900 ’
1472 2915 1475 2919 ·

391 2985 566 3018 Dixerunt
581 2985 755 3025 discipuli,
779 2986 801 2999 “
814 2985 883 3017 Ubi
903 2985 1080 3017 Domine?
1125 2984 1207 3025 Ipse
1231 2985 1319 3017 dixit
1340 2985 1404 3023 eis,
1426 2984 1495 3017 Ubi
1512 2993 1640 3025 corpus
1665 2984 1712 3016 ibi
1729 2993 1809 3017 con-

497 3030 739 3071 gregabuntur
754 3029 891 3077 aquilae
903 3028 921 3040 ”
938 3028 1035 3068 (xvii.
1053 3028 1107 3069 37)
1121 3038 1128 3067 ;
