2060 3476
306 355 387 399 242
881 356 1221 392 APOCAvasis.

741 815 1116 880 CAPUT
1190 817 1359 879 ΙΙΙ.

477 1116 522 1163 Τ
557 1115 756 1180 Angelo
792 1116 839 1164 in
880 1116 1116 1164 Sardibus
1153 1115 1397 1164 Ecclesiae
1431 1116 1615 1165 scribe:
1655 1115 1796 1164 Haec

309 1115 472 1298 E
512 1192 625 1239 dicit
645 1192 831 1239 habens
850 1202 1042 1255 septem
1061 1192 1255 1255 spiritus
1276 1192 1373 1240 Dei
1397 1202 1448 1240 et
1471 1202 1663 1255 septem
1682 1191 1794 1240 stel-

511 1267 610 1316 las:
650 1268 781 1316 Novi
806 1278 891 1316 tua
909 1285 1075 1332 opera,
1096 1268 1231 1332 quod
1255 1285 1433 1316 nornen
1459 1268 1643 1316 habeas
1662 1267 1796 1332 quod

302 1344 454 1398 vivas,
481 1355 532 1392 et
557 1355 777 1392 mortuus
801 1362 870 1392 es.
1573 1340 1575 1342 ’
1631 1406 1633 1408 v

372 1438 414 1468 2.
464 1421 584 1469 Esto
609 1421 826 1485 vigilans,
852 1431 903 1469 et
930 1420 1167 1469 confirma
1190 1420 1374 1484 reliqua
1397 1437 1523 1484 quae
1548 1421 1794 1475 moritura,

303 1515 401 1546 non
428 1499 559 1546 enim
585 1498 747 1546 inveni
772 1509 855 1546 tua
878 1515 1030 1561 opera
1053 1497 1197 1561 plena
1220 1514 1383 1545 coram
1410 1498 1536 1545 Deo.

370 1590 412 1635 3.
464 1575 724 1623 Memento
757 1575 901 1638 igitur
929 1573 1181 1638 quomodo
1210 1574 1456 1637 acceperis
1489 1584 1540 1621 et
1571 1574 1794 1629 audieris,

300 1662 350 1699 et
369 1652 594 1705 observa,
615 1662 663 1699 et
681 1651 907 1714 resipisce
926 1670 934 1699 :
973 1651 1013 1698 si
1033 1668 1153 1715 ergo
1174 1668 1272 1698 non
1290 1650 1581 1715 vigilaveris,
1599 1651 1793 1698 veniam

298 1745 445 1791 super
464 1739 511 1776 te
536 1739 770 1791 tanquam
789 1728 875 1782 fur,
896 1739 947 1775 et
967 1728 1152 1775 nescies
1172 1744 1269 1790 qua
1292 1727 1412 1775 hora
1432 1727 1622 1775 veniam
1647 1744 1795 1790 super

297 1815 361 1852 te.

364 1897 409 1941 4.
461 1881 634 1928 Habes
654 1898 806 1944 pauca
823 1880 1023 1928 nomina
1043 1880 1189 1927 etiam
1211 1879 1258 1927 in
1281 1880 1529 1934 Sardibus,
1546 1897 1674 1942 quae
1695 1896 1793 1926 non

298 1958 672 2021 inquinaverunt
701 1957 998 2005 vestimenta
1030 1974 1132 2010 sua,
1163 1967 1212 2004 et
1243 1956 1559 2004 ambulabunt
1595 1957 1792 2004 Mecum

298 2034 346 2082 in
372 2034 504 2088 albis,
531 2035 646 2097 quia
670 2034 805 2098 digni
829 2044 956 2080 sunt.

366 2112 407 2158 5.
457 2111 685 2165 Vincens,
712 2111 750 2157 is
782 2110 1014 2157 vestietur
1043 2110 1091 2157 in
1121 2110 1420 2157 vestimentis
1449 2109 1582 2164 albis,
1613 2120 1663 2157 et
1692 2127 1791 2157 non

296 2186 474 2234 delebo
505 2204 687 2234 nomen
719 2187 820 2250 ejus
854 2204 881 2233 e
914 2186 1032 2233 libro
1062 2186 1204 2238 vitae,
1235 2196 1286 2233 et
1313 2185 1582 2233 confitebor
1610 2203 1792 2233 nomen

295 2264 399 2327 ejus
425 2280 587 2311 coram
616 2263 758 2310 Patre
785 2280 897 2310 meo
922 2273 970 2310 et
994 2279 1155 2310 coram
1183 2262 1367 2326 angelis
1393 2262 1525 2326 Ejus.

363 2343 406 2387 6.
458 2340 666 2387 Habens
686 2356 856 2387 aurem
876 2339 1037 2386 audiat
1056 2339 1175 2402 quid
1202 2339 1409 2402 Spiritus
1428 2338 1541 2386 dicit
1560 2338 1790 2386 ecclesiis.

363 2536 405 2583 7.
455 2525 518 2572 Et
534 2524 734 2589 Angelo
750 2525 797 2571 in
817 2524 1148 2587 philadelphia
1168 2523 1413 2572 Ecclesiae
1429 2524 1584 2571 scribe
1602 2541 1612 2571 ε
1652 2524 1791 2572 Haec

294 2601 408 2649 dicit
438 2600 648 2649 Sanctus
674 2601 850 2655 Verus,
877 2601 1066 2648 habens
1096 2600 1285 2648 clavem
1317 2600 1537 2656 Davidis,
1562 2600 1789 2663 aperiens

294 2689 344 2726 et
368 2695 514 2726 nemo
539 2677 728 2731 claudit,
755 2689 804 2725 et
829 2677 1006 2725 claudit
1030 2689 1079 2725 et
1103 2695 1249 2725 nemo
1274 2677 1443 2740 aperit.

363 2757 405 2803 8.
455 2754 587 2802 Novi
606 2764 690 2801 tua
709 2771 861 2816 opera
879 2771 888 2808 ;
927 2771 1042 2801 ecce
1062 2754 1176 2801 dedi
1197 2771 1359 2801 coram
1383 2764 1431 2801 te
1452 2754 1627 2801 ostium
1647 2770 1783 2815 aper-

293 2842 410 2885 tum,
449 2841 499 2878 et
537 2848 684 2878 nemo
725 2841 886 2893 potest
924 2830 1146 2877 claudere
1190 2829 1317 2884 illud,
1356 2830 1470 2892 quia
1508 2820 1785 2877 nonnullam

294 2908 444 2954 habes
473 2907 755 2969 potentiam,
786 2916 835 2953 et
865 2906 1135 2953 observasti
1166 2923 1330 2953 meum
1360 2906 1580 2959 verbum,
1605 2915 1655 2952 et
1683 2921 1781 2952 non

297 2983 484 3048 negasti
511 2999 691 3030 nomen
718 2999 896 3030 meum.
