2060 3476
291 325 307 355 1
316 315 368 366 38
700 322 1035 356 APOCALYPSIS
1066 323 1365 356 EXPLICATA.

354 438 377 452 ‘⁴
390 436 467 478 Ego
484 446 563 468 sum
583 436 723 469 Primus
739 443 775 469 et
793 437 960 475 Ultimus,
981 443 1016 469 et
1033 437 1091 479 qui
1109 438 1246 473 vivens.
1266 443 1301 469 et
1318 436 1433 469 factus
1451 447 1529 469 sum
1547 442 1720 476 mortuus,
1739 442 1775 470 et

460 491 540 512 ecce
558 481 684 512 vivens
702 481 738 512 in
756 481 898 512 saecula
914 481 1136 513 saeculorum
1147 480 1166 493 ”
1182 479 1290 524 ([cap.
1307 479 1348 523 i.]
1363 491 1457 513 vers,
1474 489 1524 520 17,
1545 481 1619 521 18);

285 569 396 610 haec
411 569 761 622 praemittuntur
774 569 844 610 hic
861 569 1038 623 scriptis
1053 569 1109 610 ad
1125 569 1355 623 Angelum
1372 568 1605 610 Ecclesiae
1621 567 1774 621 Smyr-

286 645 513 680 naeorum,
547 633 614 672 his
645 632 806 680 verbis,
833 631 1002 673 “Haec
1034 632 1142 674 dicit
1175 633 1345 673 Primus
1376 638 1423 673 et
1454 631 1669 680 Ultimus,
1702 632 1775 685 qui

285 695 365 736 suit
403 702 605 736 mortuus
643 701 689 735 et
726 694 868 735 vivit’'
909 694 1042 748 (vers,
1077 695 1137 749 8).
1199 695 1251 736 In
1288 694 1590 749 praecedente
1628 695 1776 748 capite

285 758 550 799 describitur
578 757 715 798 Filius
740 758 948 807 hominis,
971 758 1091 812 quod

355 855 376 869 “
389 854 442 886 Ex
453 864 514 886 ore
527 854 643 895 Ipsius
655 854 733 886 visa
743 854 789 886 sit
800 855 996 895 romphaea
1005 865 1138 896 anceps
1151 861 1254 887 acuta
1264 854 1388 886 exiens
1400 853 1418 866 ”
1430 852 1538 896 ([cap.
1549 851 1590 896 i.]
1604 863 1695 886 vers.
1710 853 1776 895 16);

284 947 371 989 hoc
398 947 700 1001 praemittitur
725 947 902 1001 scriptis
925 947 982 988 ad
1014 947 1246 1001 Angelum
1273 947 1586 1000 Pergamensis
1613 945 1775 988 Eccle-

285 1015 390 1062 siae,
414 1013 482 1054 his
504 1013 664 1061 verbis,
701 1012 866 1054 “Haec
889 1013 997 1054 dicit
1023 1013 1194 1054 habens
1217 1013 1509 1066 romphaeam
1532 1012 1774 1065 ancipitem

285 1075 488 1117 acutam”
506 1074 638 1130 (vers.
652 1073 774 1129 [¹¹12).
817 1075 869 1116 In
884 1076 1184 1130 praecedente
1199 1077 1347 1129 capite
1361 1075 1627 1116 describitur
1639 1075 1776 1116 Filius

286 1139 492 1187 hominis,
521 1139 640 1192 quod
666 1139 787 1179 visus
813 1139 870 1180 sit

355 1235 497 1267 Habere
515 1236 637 1267 oculos
655 1242 824 1277 tanquam
850 1235 1030 1267 flammam
1055 1236 1161 1277 ignis,
1181 1242 1216 1268 et
1239 1236 1348 1276 pedes
1373 1235 1507 1267 similes
1532 1234 1778 1267 chalcolibano

461 1286 629 1320 tanquam
647 1279 683 1310 in
701 1279 843 1322 camino
860 1279 993 1320 ignitos
1010 1278 1118 1322 ([cap.
1133 1277 1175 1322 i.]
1190 1289 1283 1312 vers.
1302 1288 1353 1319 14,
1373 1278 1447 1319 15);

286 1372 396 1413 haec
430 1373 780 1425 praemittuntur
811 1372 987 1426 scriptis
1019 1372 1074 1413 ad
1094 1371 1326 1426 Angelum
1353 1371 1583 1425 Thyatiris
1615 1371 1777 1413 Eccle-

287 1436 392 1482 siae,
420 1435 488 1476 his
515 1435 675 1484 verbis,
702 1435 867 1476 “Haec
895 1436 1002 1477 dicit
1030 1435 1168 1476 Filius
1191 1436 1276 1477 Dei
1298 1435 1470 1476 habens
1492 1434 1647 1476 oculos
1674 1448 1778 1475 suos

287 1503 502 1550 tanquam
550 1497 776 1538 flammam
823 1498 953 1550 ignis,
1002 1504 1049 1539 et
1098 1497 1236 1551 pedes
1285 1511 1388 1538 suos
1437 1497 1604 1538 similes
1654 1496 1777 1538 chal-

288 1559 527 1600 colibano''
553 1559 686 1613 (vers.
718 1559 803 1613 18).
865 1559 1079 1601 Similiter
1116 1567 1223 1601 ante
1264 1561 1431 1613 scripta
1471 1559 1528 1600 ad
1570 1559 1779 1612 Angelos

287 1624 421 1664 trium
462 1623 731 1681 reliquarum
771 1623 1091 1672 Ecclesiarum‚
1131 1623 1186 1664 de
1233 1623 1391 1677 quibus
1437 1623 1480 1663 in
1521 1623 1668 1676 capite
1709 1637 1777 1664 se-

287 1692 467 1739 quente.
529 1686 604 1726 Ex
637 1686 704 1727 his
736 1692 945 1727 constare
977 1693 1131 1740 potest
1168 1686 1287 1740 quod
1324 1687 1382 1727 sit
1416 1685 1554 1727 Filius
1585 1686 1778 1727 hominis

287 1748 360 1801 qui
398 1748 506 1789 dicit
543 1748 620 1789 illa
661 1762 775 1802 quae
807 1749 1060 1789 scribuntur
1101 1748 1157 1789 ad
1195 1747 1436 1799 ecclesias3
1482 1754 1528 1789 et
1565 1749 1665 1801 quia
1702 1762 1780 1801 per

289 1810 489 1851 “Filium
534 1811 756 1851 hominis’'
796 1811 1065 1864 intelligitur
1106 1811 1326 1857 Dominus
1371 1811 1519 1865 quoad
1565 1810 1777 1851 Divinum

289 1872 548 1914 Humanum
584 1872 652 1926 (ut
678 1887 822 1927 supra,
857 1887 897 1914 n.
924 1874 992 1926 63,
1026 1880 1259 1915 ostensum
1291 1873 1398 1927 est),
1432 1868 1630 1927 sequitur
1660 1873 1778 1927 quod

287 1936 438 1976 omnia
470 1949 583 1989 quae
615 1937 784 1989 scripta
815 1943 919 1977 sunt
952 1937 1009 1977 ad
1047 1936 1275 1984 ecclesias,
1309 1950 1334 1976 a
1367 1936 1532 1976 Divino
1565 1935 1778 1975 Humano

287 1998 470 2040 Domini
495 2000 612 2049 sint3
645 2005 691 2040 et
724 2013 900 2052 quoque
926 2000 1029 2040 inde
1056 1999 1255 2052 sequitur
1280 1998 1400 2052 quod
1434 1998 1645 2039 Divinum
1680 1997 1777 2038 Hu-

288 2074 469 2102 manum
496 2063 554 2102 sit
586 2075 720 2102 omne
751 2063 795 2102 in
827 2063 1033 2102 omnibus
1060 2061 1292 2110 ecclesiae,
1321 2062 1436 2102 sicut
1468 2067 1537 2102 est
1569 2073 1703 2101 omne
1734 2061 1777 2101 in
1824 2113 1827 2117 .

287 2124 493 2166 omnibus
516 2124 628 2165 caeli
650 2139 658 2175 ;
686 2125 756 2165 hic
776 2125 913 2165 etiam
937 2138 1015 2178 per
1032 2124 1151 2178 quod
1174 2125 1231 2165 sit
1252 2124 1460 2165 “Primus
1483 2130 1529 2165 et
1547 2123 1748 2165 Ultimus
1760 2123 1778 2138 ”

287 2186 564 2240 significatur
589 2187 709 2240 quod
742 2187 961 2230 Dominus
994 2201 1052 2228 ex
1086 2187 1251 2228 Divino
1278 2187 1492 2227 Humano
1524 2200 1604 2227 suo
1629 2187 1780 2227 omnia

287 2261 347 2289 CX
383 2248 538 2301 primlS
574 2261 654 2301 per
683 2247 845 2288 ultima
879 2254 1027 2301 regat.
1099 2259 1211 2297 (Quod
1231 2259 1389 2288 Dominus
1408 2259 1517 2296 quoad
1537 2258 1688 2287 Divinum
1710 2258 1781 2287 Hu-

287 2317 418 2338 manum
432 2309 471 2338 sit
492 2318 587 2338 omne
608 2309 640 2338 in
655 2310 803 2338 omnibus
818 2309 905 2343 caeli,
921 2310 1065 2338 videatur
1078 2310 1110 2338 in
1125 2318 1221 2347 opere
1237 2310 1288 2338 De
1302 2310 1393 2339 Caelo
1404 2313 1435 2338 et
1445 2310 1582 2348 Inferna,
1598 2318 1629 2338 n.
1644 2317 1734 2345 7—12‚
1750 2314 1781 2338 et

287 2359 398 2395 78-86,
415 2363 446 2388 et
460 2359 582 2396 reliqua
596 2359 655 2394 ibi;
676 2363 708 2388 et
722 2360 798 2396 quia
813 2359 971 2388 Dominus
985 2364 1033 2388 est
1047 2368 1142 2388 omne
1157 2359 1189 2388 in
1204 2359 1352 2388 omnibus
1367 2359 1455 2394 caeli,
1468 2363 1515 2388 est
1529 2359 1623 2388 etiam
1639 2367 1734 2387 omne
1748 2358 1780 2387 in

287 2412 436 2441 omnibus
448 2412 608 2446 ecclesiae,
622 2421 696 2440 nam
707 2412 840 2441 ecclesia
851 2416 897 2441 est
909 2421 1042 2450 regnum
1057 2412 1187 2441 Domini
1199 2412 1231 2441 in
1244 2412 1356 2451 terris.)
1393 2400 1495 2442 HOC
1514 2414 1777 2441 asseverare

288 2475 482 2515 possum,
502 2461 621 2515 quod
640 2475 786 2510 nemo,
807 2462 879 2515 qui
901 2462 1019 2503 intra
1036 2461 1273 2503 ecclesiam
1292 2468 1375 2511 est,
1395 2468 1440 2502 et
1459 2475 1549 2502 non
1571 2461 1779 2514 agnoscit

289 2523 501 2564 Divinum
521 2525 703 2565 Domini
721 2525 764 2564 in
782 2525 995 2565 Humano
1011 2524 1168 2578 IpsiuS,
1186 2525 1328 2578 possit
1346 2525 1512 2566 intrare
1530 2525 1574 2565 in
1592 2523 1778 2565 caelum.

286 2586 557 2640 Agnoscere
581 2587 791 2628 Divinum
814 2587 996 2628 Domini
1018 2588 1061 2628 in
1086 2587 1298 2628 Humano
1316 2587 1473 2641 Ipsius,
1493 2593 1561 2628 est
1579 2587 1779 2640 cogitare

288 2650 344 2690 de
371 2649 535 2690 Divino
563 2650 704 2703 Ipsius
731 2663 830 2690 curn
858 2650 913 2691 de
942 2650 1154 2691 Humano
1181 2650 1338 2702 Ipsius.
1400 2649 1546 2691 Causa
1571 2649 1690 2703 quod
1716 2649 1780 2689 ita

287 2713 581 2766 cogitandum
607 2713 679 2761 sit,
707 2719 776 2753 est
803 2714 904 2766 quia
930 2719 1078 2754 totum
1106 2712 1278 2753 caelum
1305 2719 1375 2754 est
1402 2726 1461 2754 ex
1489 2713 1652 2753 Divino
1680 2710 1777 2751 Hu-

287 2786 426 2813 mano
453 2773 599 2826 Ipsius
626 2783 675 2822 (ut
693 2788 856 2812 ostensum
875 2784 1020 2813 videatur
1038 2784 1070 2812 in
1089 2792 1186 2821 opere
1206 2784 1256 2813 De
1278 2784 1367 2813 Caelo
1386 2787 1416 2813 et
1433 2783 1568 2822 Inferna,
1588 2791 1608 2812 a
1624 2782 1779 2820 principio

286 2837 328 2866 ad
347 2836 462 2874 finem;
486 2841 517 2866 et
531 2845 627 2874 supra
640 2836 673 2865 in
688 2837 911 2874 Explicatione
923 2841 1018 2875 super
1029 2837 1249 2878 Apocalypsin,
1277 2845 1308 2866 n.
1332 2836 1394 2875 10,
1411 2837 1482 2878 49,
1504 2835 1569 2878 52,
1588 2825 1671 2874 82).

367 2903 491 2947 114.
529 2893 644 2938 “Hui
669 2893 747 2933 fuit
770 2897 954 2933 mor-tuus
981 2897 1026 2933 et
1055 2891 1380 2945 vivit.''—Quod
1411 2891 1633 2945 significet
1662 2891 1783 2944 quod

287 2954 468 3009 rejec‘lus
499 2961 541 2995 et
571 2961 715 2995 tamen
747 2954 803 2995 ab
834 2954 938 3007 Ipso
963 2954 1058 2995 vita
1083 2961 1274 3002 aeterna,
1304 2960 1484 2996 constat
1517 2967 1576 2994 ex
1608 2951 1775 3005 signifi-
