2060 3476
293 340 375 394 398
703 347 1034 382 APOCALYPSIS
1065 346 1362 381 EXPLICATA.

292 463 425 504 Patet
457 462 610 516 itaque
641 468 861 516 quantum
893 468 1043 503 errant
1075 462 1138 503 illi
1174 462 1247 516 qui
1278 462 1321 502 in
1354 459 1559 503 doctrina
1589 461 1646 503 de
1677 461 1774 503 sola

291 525 378 567 fide
405 531 523 574 sunt,
551 526 595 566 in
621 539 676 566 eo
701 525 821 579 quod
852 525 1006 566 dicant
1038 531 1084 566 et
1116 525 1304 565 credant
1335 524 1454 578 quod
1485 523 1595 566 fides
1626 524 1773 566 salvet

291 595 337 630 et
363 602 454 629 non
479 588 648 629 bonum
674 588 809 636 vitae,
835 601 911 628 seu
933 588 1051 641 quod
1077 587 1216 628 homo
1237 580 1511 640 justificetur'
1526 601 1604 640 per
1630 587 1772 628 solam

291 650 440 700 fidem,
465 643 754 691 excludendo
776 650 837 691 sic
861 649 1212 703 applicationem
1235 649 1292 689 ad
1314 649 1631 703 recipiendum.
1678 648 1774 690 Sci-

292 720 372 754 unt
404 713 524 767 quod
556 712 695 753 homo
721 712 979 766 explorabit
1012 726 1059 753 se
1090 712 1248 765 ipsum,
1276 711 1448 752 videbit
1475 717 1521 753 et
1552 718 1774 764 agnoscet

292 790 371 817 sua
405 775 537 825 mala,
569 788 659 816 non
693 775 831 815 modo
864 787 1048 828 operum
1086 774 1165 815 sed
1202 775 1339 815 etiam
1376 773 1495 815 mala
1531 774 1774 828 cogitatio-

292 851 398 879 num
425 845 470 879 et
497 838 818 886 intentionum,
843 843 889 878 et
916 837 1035 891 quod
1061 842 1223 891 postea
1249 837 1495 878 abstinebit
1522 837 1579 877 ab
1610 836 1697 877 illis
1728 842 1775 878 et

291 901 431 955 fugiet
462 901 554 950 illa,
583 914 634 942 ac
668 913 833 941 novam
859 901 1015 949 vitam,
1044 913 1157 954 quae
1188 900 1282 940 vita
1313 899 1419 940 boni
1451 900 1548 947 erit,
1576 906 1699 953 aget,
1727 906 1774 942 et

292 965 374 1005 nisi
410 963 498 1005 hoc*
528 965 662 1005 faciat
695 963 814 1017 quod
851 963 974 1003 nulla
1004 963 1043 1004 ei
1074 963 1290 1011 remissio,
1324 963 1403 1003 sed
1435 963 1561 1017 quod>
1586 963 1775 1004 damna-

292 1027 381 1068 tio:
425 1026 510 1067 hoc
538 1025 747 1067 doctores
773 1032 819 1067 et
850 1025 1080 1066 antistites
1106 1025 1369 1078 praedicant
1396 1038 1497 1066 cum
1523 1039 1582 1066 ex
1603 1024 1773 1075 Verbo,

292 1096 338 1131 et
354 1089 439 1130 hoc
455 1089 622 1130 docent
637 1088 978 1142 unumquemvis
992 1088 1064 1142 qui
1080 1088 1136 1128 ad
1156 1086 1368 1128 Sanctam
1384 1087 1555 1129 Cenam
1570 1088 1747 1130 accedit
1766 1102 1775 1140 ;

292 1153 378 1193 hoc
407 1158 515 1193 tunc
542 1152 711 1193 docent
738 1152 852 1192 sicut
879 1164 938 1192 ex
965 1150 1076 1192 fide:
1111 1150 1189 1191 sed
1216 1156 1265 1192 ut
1297 1151 1488 1204 primum
1513 1150 1704 1192 redeunt
1730 1157 1777 1192 et

293 1214 502 1269 spectant
530 1208 590 1256 'ad
631 1213 882 1256 doctrinam
914 1226 1039 1254 suam
1077 1213 1132 1254 de
1164 1212 1487 1266 justificatione
1523 1227 1602 1267 per
1633 1213 1777 1254 solam

293 1277 442 1327 fidem,
467 1284 574 1320 tunc
598 1291 688 1319 non
710 1277 901 1331 amplius
924 1276 1000 1318 illa
1022 1276 1225 1325 credunt,
1251 1276 1454 1317 dicentes
1472 1275 1596 1330 ‘quod
1619 1289 1778 1318 omnes

292 1355 318 1382 a
344 1341 464 1382 malo
490 1341 546 1382 ad
578 1341 746 1382 bonum
773 1340 997 1381 ducantur
1027 1353 1053 1380 a
1084 1339 1183 1380 Deo
1214 1345 1455 1392 postquam
1486 1338 1621 1380 fidem
1652 1353 1777 1381 rece-

293 1410 480 1458 perunt;
514 1410 560 1446 et
586 1404 782 1458 quidam,
809 1409 858 1444 ut
889 1400 1165 1444 connectant
1197 1402 1412 1456 principia
1442 1401 1541 1442 falsi
1572 1415 1673 1443 cum
1699 1416 1778 1443 ve·

292 1468 364 1516 ris,
389 1468 560 1517 dicunt,
588 1467 708 1522 quod
731 1472 971 1520 postquam
995 1479 1073 1519 per
1094 1464 1229 1506 fidem
1250 1464 1483 1518 justificati
1510 1470 1615 1506 sunt
1638 1464 1777 1505 etiam

293 1544 319 1571 a
352 1529 451 1571 Deo
482 1530 705 1571 ducantur
731 1529 787 1570 ad
820 1527 1151 1582 explorandum
1184 1540 1246 1576 se,
1275 1526 1332 1567 ad
1364 1526 1674 1567 confitendum
1701 1540 1780 1568 sua

294 1599 485 1647 peccata
510 1605 663 1634 coram
690 1592 804 1641 Deo,
828 1591 885 1632 ad
911 1590 1229 1631 abstinendum
1255 1590 1312 1630 ab
1334 1589 1434 1639 illis,
1459 1595 1505 1630 et
1528 1589 1590 1630 sic
1617 1603 1776 1643 porro:

294 1669 448 1697 verum
470 1655 556 1697 hoc
579 1655 629 1696 fit
656 1654 773 1709 apud
800 1654 1026 1695 neminem
1049 1653 1123 1706 qui
1145 1652 1288 1694 credit
1311 1651 1679 1706 justificationem
1701 1665 1781 1706 per

295 1719 438 1760 solam
465 1718 613 1768 fidem,
638 1718 717 1759 sed
744 1717 793 1758 fit
812 1716 941 1770 ¹apud
969 1715 1070 1756 illos
1095 1716 1168 1769 qui
1194 1715 1430 1756 charitatis
1455 1715 1597 1756 vitam
1623 1720 1779 1768 agunt.

296 1782 378 1823 Per
413 1782 530 1822 hanc
562 1782 703 1822 vitam
745 1779 1032 1833 conjungitur
1067 1779 1252 1832 quisque
1283 1778 1425 1827 caelo,
1459 1784 1506 1820 at
1543 1792 1622 1832 per
1656 1777 1780 1819 illam

296 1845 456 1886 nullus.
518 1844 606 1898 Qui
637 1843 924 1896 conjungitur
955 1841 1084 1883 caelo
1120 1854 1199 1895 per
1231 1841 1373 1882 vitam
1405 1840 1654 1890 charitatis,
1687 1841 1724 1881 is
1754 1853 1780 1881 a

296 1909 493 1950 Domino
519 1907 696 1948 ducitur
720 1906 777 1947 ad
802 1905 1045 1946 videndum
1072 1917 1151 1945 sua
1176 1903 1309 1953 mala,
1337 1909 1432 1945 tam
1459 1903 1579 1944 mala
1604 1903 1780 1956 cogita-

296 1972 431 2013 tionis
467 1983 601 2025 quam
636 1969 915 2019 voluntatis;
959 1967 1097 2008 homo
1134 1980 1160 2007 a
1196 1967 1317 2008 bono
1349 1967 1473 2007 videt
1511 1965 1643 2015 mala,
1678 1965 1781 2019 quia

296 2034 415 2075 mala
443 2034 564 2075 bono
591 2038 695 2074 sunt
721 2031 943 2085 opposita.
1005 2029 1072 2071 At
1098 2030 1172 2083 qui
1203 2029 1502 2070 salvationem
1534 2042 1612 2082 per
1637 2027 1780 2068 solam
1809 2042 1811 2044 ·

296 2097 430 2138 fidem
462 2097 618 2144 credit,
646 2095 755 2136 dicit
787 2093 936 2142 corde,
970 2092 1172 2133 “Habeo
1203 2091 1337 2132 fidem
1368 2092 1470 2145 quia
1501 2091 1637 2132 credo
1667 2103 1781 2144 quae

297 2161 517 2208 dicuntur,
537 2158 646 2201 nihil
669 2171 740 2198 me
763 2157 965 2205 damnat,
981 2154 1250 2209 justificatus
1273 2167 1396 2205 sum,
1388 2154 1421 2176 ·’'
1443 2160 1489 2195 et
1507 2154 1581 2208 qui
1602 2154 1666 2194 ita
1683 2166 1780 2194 cre-

297 2224 378 2272 dit,
407 2220 665 2263 nullatenus
691 2221 792 2261 duci
819 2225 972 2273 potest
999 2232 1025 2259 a
1052 2218 1249 2258 Domino
1275 2217 1331 2257 ad
1361 2217 1690 2270 explorandum
1717 2229 1779 2264 se,

297 2292 343 2327 et
361 2285 418 2326 ad
435 2283 786 2345 resipiscendum
805 2296 830 2322 a
848 2281 989 2322 malis.
1033 2281 1104 2321 Ita
1122 2280 1289 2321 docent
1304 2293 1409 2320 vera
1427 2291 1579 2319 coram
1597 2278 1779 2331 populo,

297 2349 371 2403 qui
396 2336 499 2388 inde
522 2347 666 2388 credit
688 2345 807 2399 quod
829 2345 979 2385 vivere
1000 2343 1116 2384 bene
1138 2349 1183 2384 et
1206 2342 1388 2383 credere
1414 2342 1530 2382 bene
1552 2340 1781 2393 intelliga-

298 2418 370 2453 tur
391 2424 470 2465 per
486 2409 717 2463 justificari
743 2422 822 2462 per
842 2407 990 2455 fidem,
1015 2419 1097 2447 nec
1120 2405 1375 2458 introspicit
1397 2404 1563 2444 altius
1552 2417 1596 2444 m
1619 2407 1783 2444 arcana

299 2472 529 2515 doetrinae
544 2485 711 2513 eorum.
762 2471 822 2511 Hi
839 2476 943 2511 sunt
961 2470 1035 2523 qui
1053 2469 1296 2516 salvantur,
1313 2467 1375 2508 illi
1393 2473 1545 2507 autem
1563 2466 1635 2519 qui
1653 2466 1782 2506 dam-

299 2543 475 2578 nantur.
537 2535 671 2591 Quod
702 2535 986 2581 damnentur,
1019 2533 1102 2586 ipsi
1132 2531 1283 2572 videre
1314 2535 1517 2583 possunt,
1546 2530 1582 2569 si
1612 2528 1780 2579 velint;

299 2599 488 2641 credunt
506 2599 625 2639 enim
644 2611 702 2638 ex
720 2595 924 2638 dofflina
940 2595 1059 2649 quod
1081 2595 1200 2635 bona
1216 2594 1350 2642 vitae,
1370 2606 1483 2646 quae
1506 2597 1610 2632 sunt
1629 2604 1780 2644 opera,

299 2662 409 2704 nihil
436 2662 493 2702 ad
519 2661 712 2701 salutern
741 2660 922 2708 faciant,
951 2659 1031 2700 sed
1062 2657 1159 2698 sola
1189 2656 1314 2706 fides,
1339 2669 1440 2697 cum
1466 2661 1621 2696 tamen
1647 2667 1783 2707 opera

300 2731 404 2766 sunt
435 2724 662 2765 abstinere
693 2737 719 2763 a
750 2722 879 2763 malis
911 2727 958 2762 et
989 2733 1155 2761 novam
1180 2720 1322 2760 vitam
1353 2731 1502 2771 agere,
1530 2723 1576 2757 et
1608 2716 1644 2756 si
1675 2727 1780 2763 non,

300 2787 420 2842 quod
451 2786 696 2827 damnatio.
759 2785 893 2838 Quod
929 2783 1288 2838 praedicationes
1319 2795 1432 2835 quae
1463 2793 1554 2820 non
1586 2783 1689 2819 sunt
1723 2790 1783 2817 ex

300 2850 475 2892 arcanis
501 2847 731 2889 doctrinae
754 2860 908 2888 eorum
933 2847 1045 2887 haec
1069 2846 1280 2892 doceant,
1305 2850 1351 2884 et
1373 2855 1549 2897 quoque
1571 2845 1782 2892 receptae

300 2914 344 2954 in
367 2912 559 2954 ecclesia
581 2924 751 2964 preceS,
772 2916 983 2951 constare
1005 2914 1158 2962 potest
1176 2921 1235 2948 ex
1256 2906 1342 2947 illis
1359 2919 1473 2960 quae
1490 2916 1640 2946 coram
1660 2901 1782 2943 omni

301 2975 481 3030 populo,
521 2975 595 3028 qui
631 2973 807 3015 accedit
845 2973 901 3014 ad
939 2972 1082 3013 altare
1119 2971 1175 3012 ad
1214 2969 1448 3011 fruendum
1486 2967 1782 3016 Sacramento
