2060 3476
694 375 800 408 CAP.
823 376 889 416 11.,
912 374 1050 408 VERS.
1079 366 1248 407 18.—N.
1278 375 1367 419 151.
1701 377 1780 419 193

280 503 469 545 quorum
494 490 805 544 receptionem
835 488 1054 530 formatus
1086 494 1157 530 est
1189 488 1394 529 internus
1427 502 1506 529 seu
1538 487 1781 541 spiritualis

279 554 433 603 homo,
457 567 505 595 se
527 553 724 595 referunt
750 553 794 593 in
821 565 989 605 genere
1015 552 1073 593 ad
1099 553 1252 593 omnia
1273 566 1388 605 quae
1411 552 1580 592 amoris
1606 557 1653 591 et
1679 550 1783 591 fide-i

278 624 397 659 sunt.
460 616 686 670 Quoniam
713 616 789 657 illa
815 616 920 656 bina
943 622 1047 656 sunt
1070 615 1188 669 apud
1216 615 1463 663 hominem,
1489 628 1540 655 ac
1571 627 1707 654 unum
1735 620 1782 655 et

279 680 474 721 alterum
511 678 724 721 distincte
761 693 840 733 per
877 693 957 720 sua
995 679 1143 720 media
1180 679 1474 732 aperiendum
1513 684 1598 727 est,
1634 684 1779 731 patet,

279 743 399 797 quod
427 744 510 784 nisi
537 744 763 797 aperiatur
784 744 1010 784 internum
1041 756 1121 796 per
1146 757 1225 783 sua
1248 742 1397 783 media
1428 742 1568 782 homo
1595 747 1780 782 maneat

281 806 427 847 solum
454 806 686 856 naturalis,
715 813 762 848 et
789 806 909 860 quod
942 813 1049 847 tunc
1083 807 1310 846 internum
1342 805 1436 858 ejus
1464 805 1667 846 clausum
1694 806 1778 846 sit:

279 871 359 911 sed
392 870 455 911 illi
482 871 600 924 apud
633 885 746 924 quos
778 871 1005 911 internum
1033 869 1235 910 clausum
1263 876 1348 918 est,
1378 883 1468 909 non
1497 875 1601 910 sunt
1634 869 1782 910 homi-

279 947 359 974 nes
391 934 626 983 ecclesiae‚
661 948 766 975 nam
799 934 993 975 ecclesia
1023 934 1142 987 apud
1179 934 1412 974 hominem
1450 933 1670 974 formatur
1705 947 1784 987 per

279 998 741 1039 communicationem
769 1011 870 1038 cum
897 997 1040 1046 caelo,
1067 1004 1113 1038 et
1140 998 1496 1038 communicatio
1523 1011 1625 1038 cum
1653 997 1782 1038 caelo

279 1075 370 1102 non
392 1062 526 1102 datur
549 1062 632 1101 nisi
658 1062 885 1102 internum
908 1061 1001 1114 ejus
1024 1062 1252 1115 aperiatur
1275 1075 1353 1115 per
1376 1075 1456 1101 sua
1479 1061 1642 1109 media,
1668 1075 1783 1115 quae

279 1125 448 1173 omnia,
473 1131 522 1165 ut
549 1138 682 1177 supra
709 1123 878 1169 dictum
907 1131 992 1173 est,
1022 1139 1070 1165 se
1100 1125 1298 1166 referunt
1330 1124 1388 1165 ad
1420 1137 1622 1165 amorem
1655 1131 1702 1165 et
1733 1124 1783 1164 fi-

278 1188 395 1228 dem.
458 1188 594 1228 Porro
621 1188 854 1228 sciendum
882 1194 952 1229 est
979 1189 1100 1242 quod
1132 1188 1251 1242 apud
1284 1184 1517 1228 hominem
1545 1187 1782 1236 ecclesiae,

278 1253 352 1306 qui
378 1258 448 1293 est
475 1252 548 1306 qui
580 1265 606 1292 a
638 1251 837 1292 Domino
864 1259 1162 1305 regeneratus
1193 1258 1262 1293 est
1297 1266 1375 1305 per
1401 1265 1508 1292 vera
1535 1265 1649 1305 quae
1680 1251 1784 1292 fidei

277 1322 499 1356 vocantur
525 1322 571 1356 et
593 1316 736 1356 vitam
759 1316 1008 1356 secundum
1036 1315 1126 1364 illa,
1152 1313 1444 1368 conjunctum
1468 1316 1525 1371 sit
1552 1316 1782 1356 internum

278 1386 324 1420 et
362 1385 620 1428 externum,
654 1393 732 1420 seu
770 1379 1015 1432 spiritualis
1053 1386 1099 1420 et
1137 1379 1356 1420 naturalis
1394 1379 1548 1427 homo,
1583 1386 1630 1420 et
1662 1380 1782 1433 quod

277 1440 521 1494 conjuncta
551 1442 643 1482 sint
676 1447 756 1494 pe'r
786 1442 1236 1494 correspondentias.
1297 1452 1404 1490 (Quae
1424 1452 1535 1488 quales
1554 1457 1638 1486 sum,
1659 1458 1690 1481 et
1709 1453 1784 1482 inde

276 1503 378 1540 qualis
391 1512 449 1540 per
463 1503 530 1531 illas
545 1503 729 1540 conjunctio
744 1507 799 1537 est,
815 1507 960 1532 constare
974 1508 1078 1540 potest
1093 1512 1132 1532 ex
1153 1503 1189 1531 iis
1203 1512 1287 1540 quae
1302 1503 1342 1531 de
1357 1503 1416 1531 illis
1431 1503 1463 1531 in
1478 1502 1620 1531 Arcanis
1638 1504 1784 1532 Caelesti-

276 1551 331 1579 bus
340 1555 466 1579 ostensa
477 1555 559 1585 sunt,
570 1560 609 1579 ex
620 1551 736 1588 quibus
745 1551 881 1580 collecta
890 1551 1058 1580 videantur
1066 1551 1098 1579 in
1110 1551 1269 1580 Dollrina
1280 1551 1390 1579 Novae
1400 1551 1645 1588 Hierosotjymae,
1656 1560 1687 1580 n.
1699 1551 1782 1589 261.)

279 1598 396 1652 Quia
428 1612 544 1640 nunc
578 1599 717 1639 homo
744 1612 834 1639 non
868 1600 987 1653 prius
1019 1598 1069 1640 fit
1101 1599 1241 1639 homo
1268 1598 1490 1639 ecclesiae
1517 1612 1651 1652 quam
1679 1613 1781 1640 cum

277 1663 480 1704 internus
503 1677 581 1704 seu
603 1662 845 1716 spiritualis
868 1663 1007 1703 homo
1029 1669 1213 1716 apertus
1236 1669 1321 1711 est,
1347 1668 1393 1703 et
1417 1661 1488 1703 hic
1513 1661 1780 1715 conjunctus

278 1739 380 1767 cum
412 1733 608 1768 externo
639 1741 717 1767 seu
747 1726 941 1767 naturali
973 1726 1172 1774 homine,
1201 1726 1305 1767 ideo
1332 1739 1449 1766 nunc
1478 1726 1534 1767 de
1567 1726 1636 1766 his
1662 1727 1781 1768 intra

278 1789 520 1832 ecclesiam
551 1791 728 1843 agitur3
772 1803 877 1830 nam
913 1788 982 1843 (ut
1014 1803 1161 1843 supra,
1196 1803 1238 1830 n.
1272 1800 1339 1838 20,
1374 1787 1543 1831 dietum
1576 1789 1667 1844 est)
1702 1805 1781 1844 per

280 1858 496 1908 “septem
519 1853 766 1895 ecclesias”
785 1867 876 1894 non
899 1853 1219 1906 intelliguntur
1240 1860 1418 1907 septem
1442 1853 1678 1902 ecclesiae,
1699 1855 1779 1895 sed

277 1931 436 1958 omnes
462 1918 507 1958 in
538 1931 707 1970 genere
733 1918 806 1971 qui
832 1918 890 1957 ab
915 1916 1110 1958 ecclesia
1142 1916 1326 1957 Domini
1352 1923 1484 1967 sunt;
1518 1923 1564 1957 et
1590 1917 1695 1958 inde
1721 1918 1778 1958 ad

277 1980 512 2034 Angelum
539 1981 731 2034 cujusvis
758 1980 995 2022 Ecclesiae
1022 1982 1171 2033 agitur
1197 1980 1253 2021 de
1277 1979 1444 2021 talibus
1470 1994 1584 2034 quae
1610 1980 1779 2022 faciunt

277 2045 519 2087 ecclesiam
538 2060 546 2096 ;
574 2045 645 2086 hic
670 2045 837 2098 itaque,
859 2059 938 2085 seu
960 2044 1017 2085 ad
1040 2043 1275 2097 Angelum
1299 2043 1535 2084 Ecclesiae
1558 2044 1602 2084 in
1621 2043 1777 2097 Thya-

277 2110 387 2158 tiris,
408 2110 465 2150 de
487 2110 667 2149 interno
690 2115 737 2149 et
759 2115 970 2156 externo,
995 2114 1041 2149 et
1065 2105 1383 2160 conjunctione
1406 2108 1636 2161 utriusque
1659 2108 1778 2161 apud

275 2171 394 2212 illos.
453 2175 533 2212 (Sed
551 2181 627 2218 quia
653 2181 808 2210 haetenus
827 2181 972 2218 ignotum
992 2180 1049 2209 fuit
1067 2180 1157 2217 quod
1183 2180 1260 2208 bina
1278 2180 1332 2208 illa
1349 2179 1516 2209 actualiter
1534 2180 1596 2209 sint
1614 2182 1703 2218 apud
1721 2181 1781 2210 ho-

277 2233 405 2267 minem,
421 2237 453 2262 et
473 2233 562 2270 quod
582 2232 754 2270 aperienda
768 2237 798 2261 et
817 2232 1041 2269 conjungenda
1055 2231 1117 2260 sint
1132 2236 1167 2260 ut
1187 2232 1286 2260 homo
1301 2231 1339 2260 sit
1360 2232 1459 2260 homo
1475 2231 1635 2266 ecclesiae,
1651 2236 1682 2260 et
1704 2231 1795 2270 quia'

276 2280 330 2309 illa
343 2281 452 2318 paucis
467 2289 532 2309 non
547 2280 681 2309 describi
695 2284 837 2317 possunt,
854 2279 926 2308 ideo
941 2279 1050 2308 actum
1065 2284 1111 2308 est
1127 2280 1166 2308 de
1182 2279 1240 2308 illis
1255 2279 1286 2307 in
1301 2279 1459 2308 Doaerina
1470 2280 1582 2308 Novae
1596 2279 1780 2318 Hierosoly-

277 2337 356 2362 mae,
371 2337 402 2358 n.
418 2328 517 2366 36-53
533 2332 564 2356 et
580 2329 727 2365 179-182,
743 2335 826 2364 quae
841 2327 1031 2364 videantur.)

357 2404 480 2448 151.
519 2394 667 2434 “Haeo
693 2394 792 2434 dicit
814 2393 937 2434 filius
961 2391 1400 2444 1¹1hominis.''—Qu0d
1431 2391 1656 2445 significet
1685 2392 1777 2432 Do-

278 2456 444 2497 minum
465 2456 614 2509 quoad
628 2455 842 2496 Divinum
862 2455 1120 2496 Humanum
1146 2469 1174 2495 a
1190 2468 1272 2507 quo
1293 2453 1411 2494 illud
1429 2453 1642 2502 ecclesiae,
1667 2467 1777 2494 con-

279 2526 373 2561 stat
400 2533 459 2561 ex
486 2518 817 2572 significatione
848 2518 988 2559 “Filii
1015 2516 1284 2565 [¹1h0minis,”
1310 2517 1430 2571 quod
1463 2518 1521 2557 sit
1554 2517 1777 2557 Dominus

279 2583 428 2638 quoad
447 2583 659 2623 Divinum
684 2582 960 2630 Humanum,
985 2588 1031 2623 et
1057 2581 1207 2636 quoad
1231 2581 1443 2621 Divinum
1460 2580 1655 2629 -Verum,
1675 2581 1778 2634 quia

279 2648 366 2688 hoc
399 2647 457 2688 ab
489 2646 596 2699 Ipso
627 2646 833 2699 procedit
868 2644 944 2699 (de
976 2660 1063 2700 qua
1095 2659 1241 2698 supra,
1269 2658 1312 2685 n.
1338 2644 1442 2698 63);
1486 2644 1606 2697 quod
1638 2645 1777 2685 etiam

279 2711 338 2751 sit
364 2724 390 2751 a
421 2724 510 2764 quo
536 2709 646 2749 illud
672 2708 907 2757 ecclesiae,
937 2722 1100 2762 nempe
1127 2708 1319 2762 aperitio
1345 2708 1511 2748 interni
1537 2721 1616 2748 seu
1648 2709 1776 2761 spiri-

280 2773 415 2815 tualis
452 2773 646 2813 hominis
678 2778 725 2813 et
762 2772 855 2825 ejus
895 2770 1152 2825 conjunctio
1189 2785 1291 2812 cum
1324 2778 1534 2819 externo,
1569 2777 1640 2812 est
1675 2771 1777 2824 quia

280 2850 416 2878 omne
453 2836 674 2878 ecclesiae
715 2836 834 2890 apud
874 2836 1106 2877 hominem
1143 2841 1213 2876 est
1251 2849 1310 2876 ex
1349 2835 1515 2875 Divino
1563 2834 1777 2874 Humano

282 2899 491 2951 Domini;
516 2913 664 2940 ’omne
696 2900 815 2940 enim
847 2900 1013 2940 amoris
1044 2905 1091 2940 et
1128 2898 1244 2947 fidei,
1278 2911 1391 2951 quae
1427 2897 1596 2938 faciunt
1628 2896 1776 2938 eccle-

281 2963 407 3012 siam,
435 2977 495 3004 ex
523 2963 689 3003 Divino
718 2962 934 3017 Humano
960 2962 1145 3003 Domini
1171 2961 1392 3015 procedit,
1420 2967 1467 3002 et
1494 2973 1585 3000 non
1617 2960 1776 3000 imme-

281 3027 404 3071 diate
427 3027 484 3068 ab
506 3027 604 3081 ipso
628 3027 819 3077 Divino;
854 3039 958 3067 nam
981 3026 1101 3080 quod
1124 3025 1387 3066 immediate
1410 3024 1468 3064 ab
1490 3025 1588 3077 ipso
1612 3023 1777 3064 Divino
