2060 3476
332 366 418 419 466
749 374 1083 409 APOCALYPsm
1114 374 1414 407 EXPLICATA.

333 488 427 541 ejus
449 503 526 530 seu
549 489 901 542 regenerationis
923 489 1155 530 hominum
1178 487 1270 541 ejus
1295 501 1322 529 a
1346 487 1562 542 principio
1584 487 1641 528 ad
1666 485 1827 537 finem;

334 558 380 592 et
404 566 482 605 per
503 553 691 605 primam
714 552 909 606 aquilam
932 552 1196 593 describitur
1218 564 1451 605 processus
1473 549 1829 603 regenerationis

336 615 552 656 naturalis
579 629 656 656 seu
683 615 861 656 externi
893 615 1086 656 hominis
1117 628 1195 668 per
1220 612 1466 654 scientifica
1491 619 1537 654 et
1569 626 1647 666 per
1672 612 1828 666 cogni·
1852 644 1861 652 .

336 677 483 718 tione-s
509 692 568 718 ex
596 677 776 729 Verbo;
809 685 855 719 et
887 692 966 731 per
991 677 1180 718 alteram
1212 676 1406 730 aquilam
1435 676 1700 717 describitur
1730 689 1830 729 pro-

336 754 488 781 cessus
506 742 858 794 regenerationis
877 740 1116 794 spiritualis
1133 754 1210 781 seu
1232 741 1394 781 interni
1415 739 1607 780 hominis
1630 752 1708 793 per
1724 752 1831 779 vera

335 817 393 844 ex
416 803 537 845 bono
554 818 562 845 :
596 804 700 845 inde
723 818 800 858 per
818 805 1005 858 primam
1023 803 1217 857 aquilam
1234 802 1510 856 significatur
1527 801 1831 855 intelligentia

336 867 552 908 naturalis
590 868 795 916 hominis,
830 873 875 908 et
913 880 991 920 per
1025 865 1215 907 alteram
1253 865 1555 919 intelligentia
1590 863 1830 919 spiritualis

335 930 540 970 hominis.
617 931 771 971 Paucis
812 931 949 971 etiam
990 929 1163 969 dicetur
1199 928 1304 982 quid
1329 928 1521 981 singula
1560 926 1828 981 significant.

336 993 505 1047 Aquila
527 994 668 1047 prima
690 994 853 1034 dicitur
876 996 1081 1045 “magna
1102 991 1198 1040 alis,
1223 991 1360 1044 longa
1381 992 1553 1045 penniS‚
1577 991 1710 1045 plena
1732 990 1830 1044 plu-

335 1056 457 1104 mis,”
471 1063 516 1098 et
536 1071 613 1110 per
627 1056 703 1097 illa
720 1056 996 1109 significatur
1011 1056 1140 1108 copia
1157 1055 1442 1096 scientiarum
1460 1061 1506 1096 et
1521 1055 1829 1108 cognitionum

335 1121 426 1160 veri
449 1126 494 1160 et
518 1120 637 1168 boni,
662 1134 720 1160 ex
743 1133 830 1173 qua
852 1120 994 1172 prima
1015 1118 1319 1172 intelligentia
1340 1132 1454 1172 quae
1477 1125 1546 1159 est
1570 1118 1830 1171 intelligen-

336 1183 398 1223 tia
435 1182 649 1223 naturalis
686 1182 905 1233 hominis;
949 1182 1050 1222 ideo
1089 1182 1251 1222 dicitur
1284 1181 1390 1222 “cui
1429 1179 1722 1234 acupie‘turaf’
1753 1195 1833 1235 per

338 1244 710 1299 “acupicturam”
728 1246 845 1286 enim
869 1244 1144 1298 significatur
1166 1243 1460 1285 scientificum
1483 1251 1529 1285 et
1553 1245 1831 1298 cognitivum

338 1318 497 1353 (videatur
510 1327 541 1348 n.
557 1318 678 1355 9688):
713 1307 878 1348 “venit
905 1320 1038 1360 super
1068 1306 1294 1347 Libanum
1319 1311 1366 1346 et
1392 1306 1571 1359 accepit
1597 1319 1830 1347 ramuscu-

338 1374 427 1414 lum
460 1373 619 1422 cedri,''
645 1372 870 1426 significat
902 1373 1022 1426 quod
1054 1386 1113 1413 ex
1145 1370 1350 1413 doctrina
1381 1371 1598 1413 ecclesiae
1627 1386 1740 1426 quae
1770 1386 1829 1413 ex

337 1437 493 1478 Verbo
519 1437 744 1490 acceperit
771 1435 942 1490 aliquas
974 1436 1258 1488 cognitiones
1285 1435 1401 1485 veri;
1434 1449 1512 1489 per
1539 1435 1798 1476 “Libanum
1812 1435 1831 1450 ”

338 1500 612 1554 significatur
637 1499 714 1540 illa
740 1497 958 1547 doctrina,
982 1505 1028 1540 et
1055 1512 1133 1552 per
1156 1498 1492 1539 “ramusculum
1519 1498 1639 1539 cedri
1651 1497 1670 1514 ”
1692 1499 1830 1552 signi-

337 1563 526 1604 ficantur
552 1563 862 1615 cognitiones:
899 1565 1072 1615 “caput
1099 1561 1374 1602 surculorum
1401 1560 1492 1614 ejus
1518 1561 1756 1614 decerpsit,
1784 1567 1831 1602 et

339 1626 529 1667 deduxit
561 1626 605 1666 in
632 1632 798 1666 terram
825 1624 1185 1678 negotiationis,’'
1212 1623 1434 1677 significat
1465 1625 1695 1677 primarias
1721 1637 1830 1678 cog-

339 1689 531 1730 nitiones
555 1688 672 1735 inde,
693 1688 749 1728 ad
772 1701 883 1741 quas
901 1687 1114 1740 applicuit
1137 1688 1348 1728 scientias
1370 1686 1468 1741 (per
1487 1691 1659 1740 “caput
1678 1700 1830 1728 surcu-

338 1751 480 1792 lorum
493 1751 512 1766 ’'
536 1750 847 1804 significantur
871 1751 1105 1804 primariae
1131 1750 1428 1803 cognitiones,
1453 1756 1498 1791 et
1525 1764 1602 1804 per
1626 1753 1830 1791 “terram

337 1815 661 1867 negotiationis
676 1813 695 1828 '’
727 1813 1006 1867 significatur
1037 1813 1254 1854 naturalis
1289 1813 1427 1854 homo
1464 1813 1532 1853 cui
1564 1811 1828 1866 scientiae):

339 1878 419 1917 “in
447 1877 554 1917 urbe
580 1877 950 1917 aromatoriorum
978 1877 1126 1930 posuit
1153 1876 1236 1925 id,”
1258 1875 1479 1930 significat
1505 1877 1622 1917 inter
1643 1889 1748 1917 vera
1769 1890 1829 1917 ex

337 1940 458 1981 bono
480 1940 538 1980 ibi
557 1954 565 1991 ;
599 1954 677 1994 per
697 1944 720 1960 “
734 1939 968 1981 aromata'’
986 1939 1295 1992 significantur
1315 1953 1420 1980 vera
1442 1953 1555 1993 quae
1577 1945 1707 1992 grata
1729 1940 1831 1992 quia

337 2018 396 2044 eX
419 2004 542 2044 bono
560 2015 604 2053 (n.
619 2017 708 2053 4748,
722 2015 811 2052 5621,
825 2023 914 2052 9474,
928 2022 1017 2052 9475,
1034 2015 1267 2053 10199,1o254)
1285 2018 1293 2045 ζ
1324 2004 1555 2057 “sumpsit
1578 2003 1634 2044 de
1656 2004 1829 2044 semine

337 2076 497 2118 terrae,
530 2076 576 2110 et
609 2071 757 2123 posuit
799 2070 841 2110 id
884 2069 927 2110 in
970 2083 1080 2123 agro
1122 2070 1351 2117 sementis,
1385 2069 1560 2122 accepit
1597 2068 1653 2109 ad
1691 2082 1831 2122 aquas

338 2144 542 2184 magnas.
577 2130 899 2185 circumspecte
941 2133 1088 2186 posuit
1120 2132 1204 2181 id,”
1235 2131 1457 2184 significat
1490 2131 1829 2185 multiplicatio-

337 2208 439 2235 nem
459 2209 467 2245 ;
503 2199 696 2236 “semen
720 2195 897 2236 terrae’'
913 2202 981 2236 est
1000 2208 1153 2235 verum
1171 2194 1402 2243 ecclesiae,
1424 2198 1570 2248 “ager
1584 2195 1799 2235 sementis
1811 2194 1831 2209 ”

337 2263 406 2298 est
438 2258 605 2298 bonurn
638 2272 697 2298 ex
723 2272 811 2311 quo
844 2258 1020 2306 crescit,
1050 2262 1228 2311 “aquae
1254 2269 1447 2308 magnae
1459 2257 1477 2272 '’
1503 2263 1607 2298 sunt
1634 2257 1829 2309 cogniti-

337 2333 446 2361 ones
478 2321 569 2361 veri
601 2326 647 2362 et
679 2321 799 2369 boni,
834 2319 1195 2373 “circumspecte
1232 2320 1429 2373 ponere”
1461 2326 1530 2361 est
1568 2334 1774 2374 separare
1805 2334 1831 2361 a

336 2382 481 2424 salsis:
518 2384 829 2435 “germinavit
861 2390 908 2424 et
939 2382 1104 2424 sactum
1137 2389 1207 2424 est
1249 2384 1291 2423 in
1329 2384 1468 2424 vitem
1510 2383 1828 2432 luxuriantem,

338 2478 374 2486 ..
396 2452 472 2486 ‚ut
509 2447 786 2499 respicerent
824 2445 1036 2500 palmites
1074 2445 1165 2499 ejus
1202 2446 1259 2487 ad
1296 2445 1433 2495 illam,
1461 2452 1507 2487 et
1541 2446 1713 2487 radices
1738 2446 1831 2499 ejus

337 2509 419 2550 sub
443 2508 520 2550 illa
545 2509 737 2557 essent‚''
765 2508 988 2561 significat
1016 2515 1279 2550 nascentem
1306 2509 1542 2550 ecclesiam
1565 2523 1625 2550 ex
1651 2510 1830 2550 ordina-

334 2573 460 2612 tione
487 2573 798 2623 cognitionum
822 2573 914 2613 veri
940 2579 986 2613 et
1009 2586 1068 2613 ex
1091 2572 1393 2629 applicatione
1419 2585 1570 2613 earum
1596 2572 1653 2613 ad
1676 2586 1828 2613 usum:

340 2638 364 2654 “
379 2635 440 2675 sic
463 2633 580 2675 facta
597 2641 666 2676 est
687 2635 730 2675 in
748 2636 887 2676 vitem
906 2644 1019 2688 quae
1041 2635 1145 2676 fecit
1169 2635 1378 2688 palmites
1400 2641 1446 2676 et
1473 2635 1620 2676 emisit
1642 2635 1831 2684 ramos‚”

337 2697 560 2752 significat
582 2699 911 2739 initiamentum
939 2698 1156 2739 ecclesiae
1182 2697 1437 2752 spiritualis,
1461 2704 1507 2739 et
1534 2699 1829 2739 crescentiam

336 2771 547 2799 verorum
573 2759 841 2799 continuam
868 2770 971 2808 (quod
991 2767 1117 2798 “vitis''
1138 2770 1177 2799 sit
1191 2770 1325 2799 ecclesia
1343 2770 1520 2807 spiritualis,
1536 2770 1680 2799 videatur
1694 2779 1725 2800 n.
1743 2771 1831 2807 1069,

335 2832 426 2868 6375,
442 2832 548 2870 9277).
607 2821 708 2861 Huc
733 2836 873 2875 usque
895 2822 1127 2874 descripta
1145 2827 1215 2862 est
1241 2822 1440 2862 initiatio
1461 2822 1685 2862 ecclesiae
1707 2822 1828 2874 apud

336 2886 566 2926 hominem
592 2900 705 2939 quae
734 2886 782 2927 fit
809 2887 852 2926 in
879 2887 1071 2927 naturali
1102 2900 1179 2927 seu
1205 2893 1398 2928 externo
1423 2887 1630 2937 homine;
1663 2886 1829 2927 descri-

336 2949 455 2989 bitur
481 2962 597 2989 nunc
624 2950 889 2990 instauratio
915 2949 1007 3002 ejus
1030 2963 1143 3003 quae
1160 2949 1209 2990 fit
1236 2950 1280 2990 in
1307 2949 1522 3003 spirituali
1547 2963 1624 2990 seu
1650 2949 1829 2989 interno

337 3012 517 3053 homine
543 3025 621 3065 per
649 3012 881 3065 “aquilam
908 3012 1138 3062 alteram,''
1164 3026 1242 3066 per
1268 3026 1402 3066 quam
1427 3013 1529 3066 quia
1554 3011 1829 3064 significatur
