2060 3476
628 354 756 397 ,CAR
778 354 824 396 1.,
848 353 986 387 VERS.
1009 354 1157 398 7.—N.
1183 356 1248 399 39.
1640 354 1694 399 45

202 465 292 504 9659,
309 473 417 502 10217,
435 471 549 503 10253:
571 465 660 503 quod
681 464 905 495 “duodecim''
928 465 1111 503 significent
1124 474 1238 495 omnes
1257 469 1288 494 et
1308 465 1416 495 omnia
1437 466 1545 503 quoad
1569 474 1640 495 vera
1660 475 1700 496 ex

202 514 299 548 bono,
321 522 352 542 n.
374 520 444 550 577,
468 514 556 550 2089,
580 521 669 550 2129,
693 521 782 549 2130,
806 521 895 549 3272,
918 514 1007 550 3858,
1029 521 1125 550 3913:
1150 513 1291 542 similiter
1311 513 1434 542 numeri
1458 513 1552 549 ‘¹72,''
1581 513 1698 550 ¹¹144,''

203 563 220 574 ‘⁴
234 559 362 594 12000‚''
379 559 557 596 “144000,''
573 559 648 597 quia
669 569 708 588 ex
731 568 768 588 12
789 569 846 597 per
860 560 1154 597 multiplicationem
1169 565 1350 598 exsurgunt,
1366 569 1397 589 n.
1413 569 1508 597 7973:
1532 561 1620 597 quod
1642 570 1700 590 nu-

202 607 279 635 meri
295 606 489 644 multiplicati
503 606 604 635 simile
618 606 794 644 significent
807 615 880 636 cum
896 607 1089 644 simplicibus
1103 616 1123 636 a
1137 607 1251 644 quibus
1268 616 1324 645 per
1338 608 1629 645 multiplicationem
1646 617 1700 636 ex-

201 658 307 692 istunt,
323 666 354 687 n.
369 664 458 695 5291,
474 663 563 695 5335,
579 660 668 694 5708,
683 657 788 696 7973.)
849 646 936 700 Qui
963 661 1053 689 non
1079 648 1166 688 Scit
1209 648 1329 702 quod
1361 649 1530 689 numeri
1558 649 1696 702 Signi-

201 710 339 751 ficent
369 724 454 759 res,
488 716 536 751 et
567 710 672 764 quid
709 712 881 752 numeri
915 710 1047 759 “12‚'’
1081 711 1239 762 “144‚'‘
1271 718 1317 752 et
1352 711 1567 758 “12000‚’‘
1600 717 1696 752 tum

201 774 306 828 quid
330 773 539 815 “tribus”
561 780 608 815 et
633 773 909 827 “apostoli,'’
930 774 967 815 is
990 787 1072 815 nec
1097 775 1210 815 scire
1232 781 1403 828 potest,
1428 775 1533 828 quid
1556 775 1695 828 signi-

200 836 339 878 ficant
364 837 477 878 haec
504 837 548 877 in
574 836 880 890 Apocalypsi:

266 936 398 970 Sancta
425 937 550 969 civitas
577 937 832 979 Hierosolyma
850 937 954 970 Nova
974 938 1160 970 “habebat
1177 948 1317 970 murum
1336 949 1505 979 magnum
1524 945 1559 971 et
1583 939 1694 971 altum

373 982 566 1013 habentem
600 988 721 1022 portas
754 982 953 1018 duodecim.
981 987 1016 1013 et
1050 982 1085 1013 in
1119 982 1233 1023 portis
1257 982 1406 1022 angelos
1431 983 1631 1020 duodecim,
1659 989 1695 1016 et

374 1026 523 1057 nomina
546 1025 726 1066 inscripta,
747 1036 836 1066 quae
861 1032 944 1057 sunt
968 1026 1118 1057 nomina
1140 1026 1326 1058 duodecim
1353 1027 1508 1058 tribuum
1528 1027 1693 1059 Israelis:

373 1093 382 1102 .
400 1093 409 1101 .
426 1093 434 1102 .
452 1093 460 1101 .
476 1075 512 1100 et
528 1079 650 1104 murus
667 1070 822 1101 habebat
838 1069 1073 1102 fundamenta
1089 1070 1288 1108 duodecim,
1308 1070 1344 1101 in
1363 1071 1489 1111 quibus
1505 1071 1694 1103 duodecim

373 1113 522 1144 nomina
549 1113 795 1153 apostolorum
824 1113 957 1154 Agni.”
1017 1113 1142 1146 Murus
1174 1120 1250 1146 erat
1281 1120 1424 1146 centum
1457 1115 1696 1155 quadraginta

373 1163 524 1197 quatuor
547 1157 769 1193 cubitorum:
801 1167 842 1189 ac
866 1158 1053 1198 longitudo
1079 1163 1115 1189 et
1142 1157 1293 1190 latitudo
1317 1158 1481 1196 civitatis,
1508 1159 1695 1191 duodecim

373 1201 485 1232 millia
500 1201 697 1232 stadiorum
715 1201 799 1241 (xxi.
820 1209 870 1238 12,
890 1210 941 1240 14,
961 1202 1012 1238 16,
1032 1201 1096 1241 17).

199 1305 319 1360 Quid
364 1319 444 1359 per
484 1306 636 1346 omnia
676 1305 754 1347 illa
795 1306 1087 1360 significatur,
1130 1307 1284 1348 videas
1326 1307 1608 1361 explicatum
1650 1309 1694 1349 in

198 1368 416 1423 opusculo
451 1368 519 1409 De
553 1369 686 1410 Nova
717 1369 1030 1423 Hierosohlma
1060 1376 1103 1411 et
1136 1371 1228 1424 ejus
1262 1369 1482 1412 Domina
1522 1370 1583 1425 (n.
1626 1371 1694 1426 1):

198 1432 317 1487 quod
358 1446 522 1486 nempe
567 1447 646 1487 per
689 1433 1132 1486 “Hierosolymam'’
1173 1434 1454 1487 significetur
1499 1435 1696 1477 ecclesia

197 1496 347 1550 quoad
379 1494 657 1547 do&rinam;
700 1510 780 1550 per
813 1497 1058 1538 “murum”
1090 1496 1183 1550 ejus
1215 1511 1321 1538 vera
1353 1499 1582 1549 tutantia;
1616 1512 1696 1553 per

200 1559 425 1614 ‘fportas'’
456 1574 563 1601 vera
594 1560 960 1611 introducentia;
998 1574 1078 1614 per
1106 1560 1471 1602 “fundamenta’'
1497 1563 1695 1615 cogniti-

197 1637 308 1664 ones
338 1637 470 1677 super
496 1623 655 1677 quibus
686 1622 892 1664 doctrina
922 1624 1161 1675 fundatur;
1195 1637 1275 1677 per
1303 1624 1582 1666 “duodecim
1614 1639 1695 1666 an-

198 1686 357 1740 gelos''
389 1692 435 1727 et
468 1700 547 1740 per
575 1686 855 1727 “duodecim
887 1686 1069 1736 tribus,”
1102 1688 1254 1728 omnia
1279 1702 1386 1729 vera
1418 1694 1464 1729 et
1496 1688 1617 1730 bona
1649 1690 1693 1730 in

199 1749 469 1804 complexu3
503 1749 709 1791 similiter
739 1764 818 1803 per
852 1750 1131 1792 “duodecim
1163 1751 1452 1804 apostolos;”
1494 1759 1542 1794 et
1574 1754 1695 1806 quod

198 1827 278 1868 per
312 1827 523 1854 numeros
558 1813 688 1862 “12,''
723 1813 886 1865 “144‚''
918 1820 964 1855 et
999 1814 1219 1863 “12000‚''
1251 1816 1403 1856 omnia
1439 1822 1485 1856 et
1523 1830 1695 1858 omnes.

199 1876 351 1925 Porro,
383 1877 457 1930 qui
488 1877 574 1917 scit
601 1876 721 1931 quod
754 1877 865 1918 talia
895 1890 975 1930 per
1008 1877 1288 1919 “duodecim
1321 1878 1494 1919 tribus’'
1526 1879 1696 1933 signifi-

198 1946 374 1989 cantur,
401 1940 438 1981 is
464 1939 617 1981 videre
642 1946 799 1994 potest
827 1954 1042 1981 arcanum
1069 1941 1190 1994 quod
1217 1941 1350 1990 inest,

264 2035 338 2069 Cur
354 2036 504 2068 nomina
518 2036 706 2068 duodecim
731 2037 886 2068 tribuum
904 2037 1081 2078 insculpta
1104 2036 1248 2068 fuerunt
1271 2037 1448 2078 lapidibus
1473 2039 1641 2079 pretiosis
1659 2039 1694 2071 in

372 2081 463 2112 urim
489 2086 524 2112 et
551 2081 753 2119 thummim,
780 2086 816 2112 et
843 2087 1028 2121 praeterea
1051 2081 1136 2122 quid
1162 2079 1343 2122 pectorale
1367 2082 1454 2113 illud
1482 2083 1697 2123 significavit

372 2123 496 2165 (Exod.
513 2124 633 2156 xxviii.
654 2133 693 2156 21
709 2134 717 2163 ;
741 2134 817 2165 cap.
834 2125 955 2157 xxxix.
973 2125 1104 2165 10—15).

201 2224 377 2264 (Arcanum
387 2224 422 2254 id
432 2224 576 2254 videatur
585 2224 748 2254 evolutum
759 2233 791 2254 n.
804 2226 893 2262 3858,
906 2224 995 2262 6335,
1006 2224 1096 2262 6640,
1106 2224 1195 2262 9863,
1206 2224 1296 2262 9865,
1306 2227 1395 2262 9873,
1405 2227 1495 2263 9874,
1506 2225 1610 2264 9905.)
1652 2209 1697 2257 ΪΒ

200 2278 341 2319 etiam
366 2277 520 2318 videre
546 2282 717 2330 potest,
745 2277 851 2332 quid
877 2277 1156 2330 significatur
1181 2291 1261 2331 per
1286 2278 1407 2332 quod

267 2376 464 2408 Duodecim
482 2376 636 2418 apostoli
660 2377 826 2408 sederent
845 2387 952 2417 super
968 2377 1153 2408 duodecim
1178 2377 1328 2415 thronis,
1348 2383 1383 2409 et
1405 2377 1595 2418 judicaturi
1612 2379 1698 2411 duo-

375 2421 489 2452 decim
506 2421 620 2452 tribus
639 2420 782 2452 Israelis
799 2421 943 2460 (Matth.
971 2417 1074 2452 mxix.
1090 2420 1144 2461 28)
1160 2429 1168 2459 ;

202 2497 326 2564 quod*
344 2520 508 2563 nempe
526 2509 748 2550 Dominus
766 2508 888 2550 solus
905 2508 1184 2562 judicaturus
1201 2511 1259 2551 sit
1279 2524 1358 2564 per
1375 2525 1481 2552 vera
1498 2525 1557 2552 ex
1574 2511 1697 2553 bono

202 2573 546 2627 unumquemvis
572 2582 618 2622 (n.
633 2592 722 2621 2129,
738 2582 858 2622 6397):
892 2579 989 2614 tum
1016 2573 1121 2627 quid
1147 2573 1418 2627 intelligitur
1442 2588 1522 2628 per

443 2671 654 2713 Prophetica
671 2649 814 2704 Israelis
831 2672 941 2713 patris
958 2672 1002 2704 de
1019 2672 1099 2704 filiis
1117 2672 1190 2704 suis
1207 2672 1303 2713 (Gen.
1320 2672 1421 2714 xlix.)
1435 2682 1442 2712 ;

202 2767 252 2802 ut
278 2766 325 2802 et
352 2760 457 2815 quid
488 2760 534 2801 in
559 2758 759 2814 plurimis
786 2760 897 2802 locis
922 2761 967 2801 in
993 2760 1163 2810 Verbo,
1191 2761 1265 2802 ubi
1291 2761 1433 2802 tribus
1459 2762 1697 2803 nominan-

203 2830 276 2864 tur

268 2912 332 2954 (Ut
346 2913 450 2946 Esai.
463 2913 534 2945 xix.
551 2921 612 2952 13;
637 2922 712 2954 cap.
725 2913 810 2945 xlix.
825 2913 867 2952 6;
891 2923 967 2954 cap.
979 2913 1066 2946 lxiii.
1083 2921 1142 2953 17:
1165 2914 1292 2956 Jerem.
1304 2916 1340 2946 x.
1357 2914 1416 2946 16:
1442 2914 1566 2946 Ezech.
1580 2914 1694 2946 xlviii.

380 2965 410 2995 1,
425 2966 516 2998 seq.:
541 2957 674 2989 Psalm.
688 2957 791 2989 cxxii.
806 2965 868 2996 3-5
882 2968 890 2989 z
914 2957 1040 2989 Deutr.
1054 2958 1163 2990 xxxii.
1179 2958 1197 2989 8
1211 2969 1218 2990 ε
1243 2958 1355 2990 Num.
1370 2958 1464 2989 xxiv.
1480 2966 1498 2989 2
1513 2969 1519 2989 :
1544 2958 1646 2999 Apoc.
1661 2967 1693 2991 v.

377 3009 419 3042 9;
443 3010 520 3042 cap.
537 3001 597 3033 vii.
614 3010 655 3042 9;
680 3010 756 3041 cap.
773 3001 819 3033 xi.
836 3011 877 3042 9;
902 3011 978 3043 cap.
994 3001 1066 3034 xiii.
1085 3009 1102 3040 7
1117 3011 1124 3041 ;
1149 3011 1224 3042 cap.
1241 3002 1312 3034 xiv.
1329 3002 1370 3040 6;
1395 3007 1430 3033 et
1446 3001 1544 3041 alibi)
1559 3011 1566 3039 ;
