2060 3476
257 365 281 408 3
291 351 344 397 1'8
668 361 1002 395 APOCALvPffls
1033 361 1333 394 EXPLICATA.·

256 484 387 532 patet
410 477 530 533 quod
554 491 644 518 non
671 490 883 532 praesens
906 476 963 518 sit
986 476 1030 517 in
1052 475 1139 518 fide
1161 476 1332 530 absque
1354 474 1604 516 charitate:
1638 473 1748 516 fides

257 541 426 595 absque
458 541 683 582 charitate
715 554 797 581 nec
830 546 900 581 est
933 539 1203 594 spiritualis;
1241 552 1378 592 quare
1410 551 1492 579 nec
1526 543 1596 579 est
1628 538 1749 578 intus

257 603 301 643 in
328 602 511 644 homine
534 610 580 644 et
607 603 713 644 facit
735 604 878 644 vitam
901 603 1007 656 ejus,
1032 602 1112 643 sed
1139 607 1272 643 extra
1297 600 1423 641 illum
1449 601 1493 641 in
1516 601 1747 649 memoria,

258 672 305 707 et
327 666 430 707 inde
452 667 496 707 in
519 666 667 721 aliqua
690 667 974 720 cogitatione
996 665 1202 707 naturali.
1265 663 1400 718 Quod
1421 663 1625 717 “diligi‚”
1648 676 1749 704 cum

259 742 284 769 a
308 728 520 779 Domino,
546 731 602 770 sit
626 730 745 784 quod
769 743 982 783 praesens
1005 729 1077 777 sit,
1102 734 1172 769 est
1195 728 1297 781 quia
1319 725 1502 768 dilee'tio
1524 740 1602 767 seu
1624 739 1752 768 amor

259 792 366 833 facit
398 791 762 845 conjunctionem
795 799 841 833 et
872 792 976 833 inde
1008 791 1327 845 praesentiam,
1356 803 1407 830 ac
1441 789 1662 830 Dominus
1693 789 1750 830 ad

258 854 384 895 illum
416 856 489 908 qui
526 855 688 909 diligit,
722 857 862 896 intrat
899 868 950 896 ac
984 855 1120 895 docet
1152 859 1199 894 et
1230 853 1380 904 ducit3
1423 858 1470 893 et
1501 866 1678 906 quoque
1711 852 1751 893 ei

260 917 339 958 dat
372 924 420 959 ut
452 918 613 972 diligat
652 919 820 972 Ipsum,
854 918 940 958 hoc
974 923 1058 966 est,
1093 922 1141 957 ut
1173 916 1390 957 mandata
1423 922 1469 957 et
1506 921 1752 969 praecepta

262 980 406 1034 Ipsius
433 981 582 1030 faciat,
611 995 715 1022 nam
743 981 828 1022 hoc
857 986 927 1022 est
953 980 1141 1033 diligere
1168 979 1426 1020 Dominum.
1489 978 1623 1032 Quod
1655 978 1750 1018 Do-

261 1045 406 1085 minus
428 1058 642 1098 praesens
665 1045 721 1085 sit
744 1044 862 1101 apud
888 1043 1013 1084 illurn
1036 1056 1169 1097 quem
1192 1042 1354 1096 diligit,
1379 1048 1425 1084 et
1448 1041 1568 1096 quod
1590 1041 1752 1094 diligat

261 1106 414 1160 Ipsum
444 1108 516 1161 qui
549 1108 767 1148 mandata
799 1114 845 1148 et
878 1113 1122 1161 praecepta
1155 1106 1300 1160 Ipsius
1331 1106 1451 1155 facit,
1480 1105 1616 1146 docet
1649 1104 1752 1158 Ipse

261 1171 379 1225 apud
406 1171 658 1219 Johannem
674 1186 690 1212 .·

330 1261 351 1274 ‘⁸
364 1260 431 1302 Qui
450 1266 546 1291 tenet
564 1266 751 1301 praecepta
767 1270 847 1291 mea
862 1266 897 1291 et
914 1259 997 1291 facit
1014 1259 1084 1295 illa.
1101 1259 1130 1291 is
1148 1265 1203 1291 est
1219 1259 1277 1300 qui
1294 1259 1409 1299 diligit
1427 1258 1497 1296 Me,
1514 1264 1549 1290 et
1563 1258 1621 1299 qui
1638 1257 1755 1298 diligit

438 1304 498 1335 Me
515 1304 681 1344 diligetur
697 1314 718 1335 a
737 1304 841 1335 Patre
859 1313 951 1341 meo,
972 1309 1007 1335 et
1033 1303 1109 1343 Ego
1125 1303 1271 1343 diligam
1289 1313 1369 1334 eum
1375 1327 1467 1339 .....
1476 1308 1511 1334 et
1527 1302 1572 1334 ad
1597 1312 1677 1333 eum
1695 1311 1754 1333 ve-

436 1348 587 1386 niemus,
607 1353 642 1379 et
658 1347 752 1388 apud
769 1357 849 1379 eum
868 1347 1091 1379 mansionem
1110 1347 1280 1378 faciemus
1293 1346 1310 1358 '’
1327 1346 1411 1386 (xiV.
1429 1354 1482 1384 21,
1499 1345 1564 1386 23).

340 1443 464 1488 214.
495 1444 600 1483 [Vers.
619 1445 680 1483 10.]
707 1433 870 1479 “1¹¹0m‘a
890 1433 1076 1474 set-vasti
1093 1433 1251 1474 verbum
1275 1432 1519 1474 tolerantiae
1541 1432 1755 1472 meae.''—

263 1494 397 1548 Quod
427 1495 649 1549 significet
676 1487 795 1549 quod
820 1495 1018 1536 vixerint
1040 1495 1272 1536 secundum
1297 1500 1535 1547 praecepta
1558 1493 1752 1543 Domini,

262 1565 445 1600 constat
472 1573 531 1600 ex
560 1559 890 1612 significatione
920 1563 1136 1599 “servare
1162 1558 1348 1598 verbum
1361 1557 1379 1573 '’
1407 1557 1605 1606 Domini,
1634 1556 1755 1611 quod

263 1623 321 1664 sit
357 1623 508 1664 vivere
546 1623 794 1664 secundum
831 1628 1077 1676 praecepta
1114 1621 1272 1675 Ipsius,
1306 1621 1493 1662 verbum
1530 1621 1649 1661 enim
1685 1626 1755 1661 est

263 1692 570 1739 praeceptum,
599 1691 645 1727 et
672 1699 850 1727 servare
875 1686 919 1726 id
947 1691 1017 1726 est
1043 1686 1218 1726 vivere:
1255 1683 1541 1725 “secundum
1568 1682 1755 1724 verbum

264 1748 567 1790 tolerantiae”
599 1750 761 1790 dicitur
797 1763 856 1790 ex
894 1749 1208 1802 permanentia
1243 1748 1286 1788 in
1322 1761 1390 1796 eo,
1424 1753 1605 1800 praeter
1635 1746 1755 1800 quod

263 1812 551 1865 defatigetur.
608 1812 660 1853 In
682 1812 722 1852 A
725 1811 960 1865 pocagypsi
977 1811 1215 1865 aliquoties
1238 1811 1399 1851 dicitur
1423 1809 1706 1851 “tolerantia
1723 1808 1756 1860 ;”

263 1882 310 1917 et
338 1889 439 1916 cum
462 1876 637 1925 dicitur,
663 1874 889 1929 significat
915 1875 959 1916 id
985 1874 1105 1929 quod
1132 1873 1385 1928 applicatur
1406 1873 1528 1914 vitae
1553 1871 1622 1927 (ut
1644 1886 1755 1927 quo-

262 1953 350 1993 que
376 1953 522 1993 supra,
551 1952 592 1979 n.
618 1938 709 1993 98).

342 2014 466 2059 215.
505 2004 592 2045 “Et
612 2005 695 2072 Ego
718 2007 758 2044 te
781 2003 955 2045 servabo
977 2003 1018 2044 in
1041 2003 1142 2044 hora
1166 2001 1401 2043 tentationis
1425 2001 1591 2042 futurae
1623 2000 1757 2041 venit-e

264 2078 390 2117 supet·
425 2065 561 2105 orbem
599 2064 842 2111 univer-sum,
873 2064 1091 2116 explorat-e
1125 2062 1355 2103 habitantes
1387 2074 1514 2114 supet·
1546 2060 1705 2101 tet-ral'
1705 2085 1759 2090 —

265 2126 400 2179 Quod
423 2126 649 2179 significet
676 2132 846 2178 tempus
871 2125 1021 2166 ultimi
1031 2124 1206 2179 judiffzz,
1231 2123 1404 2177 quando
1434 2122 1656 2164 vzwsztandz
1683 2120 1772 2176 quiv

264 2190 310 2230 in
333 2188 448 2230 caelo
463 2188 625 2242 priori,
645 2189 764 2242 quod
785 2187 857 2228 illi
877 2194 977 2228 tunc
998 2187 1221 2235 salvandi,
1242 2192 1426 2227 constat
1449 2200 1508 2226 ex
1531 2184 1757 2238 significa-

259 2252 418 2293 ·tione‘
427 2251 586 2292 ‘horae
605 2251 876 2292 tentationis
894 2257 1113 2291 venturae
1136 2263 1268 2303 super
1286 2250 1542 2289 universum
1561 2247 1758 2297 orbem,”
1771 2255 1775 2258 '

265 2314 385 2380 quod
412 2315 470 2355 sit
501 2320 682 2367 tempus
715 2313 862 2354 ultimi
890 2313 1068 2366 judicii;
1102 2319 1148 2353 et
1179 2326 1239 2353 ex
1270 2311 1646 2364 significatione‘
1653 2313 1758 2351 ‘ex-

265 2363 442 2432 plorare
474 2376 738 2417 habitantes
776 2390 907 2430 super
949 2375 1108 2424 terra,'’
1140 2375 1259 2429 quod
1298 2376 1355 2415 sit
1388 2374 1589 2414 visitatio
1615 2386 1760 2426 super

265 2440 367 2482 illos
389 2441 461 2494 qui
487 2441 530 2480 in
554 2441 686 2493 priori
709 2439 862 2480 caelo·
854 2439 1007 2493 ,quod
1029 2445 1137 2480 tunc
1165 2438 1228 2479 illi
1251 2438 1324 2491 qui
1347 2438 1391 2478 in
1418 2437 1505 2478 fide
1531 2451 1590 2478 ex
1612 2436 1759 2477 chari—

266 2509 364 2545 tate
398 2509 517 2551 sunt,
551 2503 607 2543 de
645 2503 803 2556 quibus
841 2502 911 2543 hic
950 2502 1113 2555 agitur,
1147 2501 1456 2548 salvabuntur,
1489 2499 1761 2552 intelligitur

266 2580 345 2620 per
373 2565 515 2618 “Ego
541 2572 588 2606 te
611 2565 838 2606 servabo.”
900 2564 1034 2617 Quod
1058 2564 1169 2605 haec
1193 2564 1249 2604 de
1271 2563 1432 2604 ultimo
1450 2563 1617 2616 judicio
1639 2561 1760 2603 dista

266 2631 372 2679 sint,
401 2635 544 2683 patet,
573 2642 678 2669 nam
711 2629 874 2669 dicitur
904 2628 1053 2668 “hora
1084 2627 1354 2668 tentationis
1379 2632 1597 2667 venturae
1628 2638 1761 2679 super

268 2694 424 2735 orbem
456 2693 726 2740 universum,
760 2704 895 2745 quum
933 2690 1293 2744 explorabuntur
1329 2689 1591 2730 habitantes
1627 2701 1762 2742 super

268 2754 439 2797 terra:'’
471 2755 550 2795 sed
577 2755 679 2808 quia
706 2753 855 2795 aecum
883 2760 953 2795 est
980 2754 1035 2794 de
1062 2753 1223 2794 ultimo
1245 2752 1426 2805 judicio,
1455 2765 1506 2792 ac
1539 2751 1595 2792 de
1627 2751 1760 2805 priori

195 2872 199 2874 Β
267 2819 396 2861 caelo
421 2824 468 2859 et
495 2817 588 2870 ejus
614 2817 875 2865 abolitione,
904 2822 951 2857 et
977 2816 1033 2856 de
1060 2829 1179 2856 novo
1205 2814 1333 2855 caelo
1359 2821 1406 2855 et
1433 2815 1526 2867 ejus
1557 2814 1760 2855 formati-

267 2895 368 2931 one,
396 2882 441 2922 in
467 2879 693 2934 opusculis
717 2880 785 2919 De
821 2879 985 2920 Ultimo
1014 2878 1194 2926 Judicio
1219 2884 1264 2919 et
1296 2877 1364 2918 De
1390 2877 1522 2918 Nova
1548 2876 1760 2918 Hieroso-

268 2946 399 2999 lyma,
433 2950 479 2985 et
512 2944 568 2984 de
599 2943 758 2983 iisdem
791 2942 978 2983 ulterius
1010 2941 1238 2994 agendum
1270 2947 1341 2981 est
1377 2940 1421 2980 in
1453 2939 1759 2994 sequentibus,

268 3009 538 3062 praeteritur
564 3006 635 3047 hic
663 3005 856 3059 amplius
883 3004 959 3045 illa
985 3004 1123 3045 verba
1149 3003 1393 3057 explicare.
