2060 3476
390 385 473 438 580
801 394 1135 430 APOCALYPSIS
1166 398 1465 432 EXPLICATA.

386 520 465 561 per
498 506 698 549 “urbes'’
729 507 800 549 hic
832 522 923 550 non
955 509 1263 563 significantur
1293 512 1438 561 urbes,
1472 525 1553 554 nec
1586 526 1664 566 per
1696 513 1876 555 “deos’‘

386 570 459 618 dii,
493 583 638 624 neque
674 584 752 624 per
785 571 997 625 “plateas
1035 573 1435 627 Hierosolymae”·
1448 575 1626 628 plateae
1665 576 1723 617 ibi
1741 591 1750 626 ;
1796 577 1875 618 sed

385 646 464 685 per
491 633 691 674 “urbes'’
715 633 1024 687 significantur
1049 635 1314 678 doctrinalia
1335 637 1446 686 falsi,
1471 651 1549 691 per
1577 638 1756 679 “deos”
1781 639 1876 693 ipsa

383 695 508 744 falsa,
536 702 582 737 et
609 710 687 750 per
710 697 923 751 “plateas
952 698 1327 752 Hierosolymae‘’
1349 700 1459 741 falsa
1476 699 1706 743 do&rinae
1729 702 1874 744 eccle-

384 759 501 800 siae:
540 773 619 813 per
643 764 847 814 “ponere
873 761 1045 810 altaria,
1066 794 1074 802 .
1095 794 1103 803 .
1124 795 1132 803 .
1151 763 1310 804 altaria
1335 764 1392 804 ad
1416 763 1682 805 suffic-ndum
1711 765 1875 814 Baali,”

384 821 661 875 significatur
671 823 817 864 cultus
832 838 890 864 ex
906 838 1058 865 amore
1073 826 1137 865 sui
1152 832 1198 866 et
1213 839 1271 866 ex
1287 839 1439 867 amore
1455 827 1608 867 mundi
1623 825 1691 881 (ut
1706 827 1874 882 supra).

385 884 507 926 Gens
529 885 605 926 illa
622 887 820 940 ponebat
838 887 1010 935 altaria,
1030 894 1076 928 et
1099 888 1306 929 suffiebat
1326 888 1476 940 Baali;
1509 890 1587 930 sed
1606 891 1708 943 quia
1726 892 1876 932 omnia
1899 929 1908 938 ‚

383 947 530 989 cultus
552 942 705 990 eorum
728 957 856 990 erant
878 951 1277 1003 repraesentativa,
1296 951 1372 992 illa
1389 965 1503 1005 quae
1525 951 1693 994 fiebant
1715 966 1873 994 secun-

383 1010 489 1051 dum
503 1018 677 1052 statuta
691 1019 818 1053 erant
833 1014 1217 1066 repraesentativa
1227 1013 1487 1055 caelestium
1503 1021 1548 1056 et
1562 1015 1874 1068 spiritualium;

383 1088 518 1127 quare
540 1074 616 1115 illa
638 1089 751 1128 quae
773 1074 942 1116 fiebant
965 1082 1124 1116 contra
1145 1082 1319 1118 statuta
1340 1083 1468 1118 erant
1490 1078 1875 1130 repraesentativa

383 1137 687 1188 infernalium3
720 1138 822 1179 ideo
849 1152 927 1191 per
955 1138 1152 1179 “altaria
1177 1140 1324 1193 posita
1347 1139 1467 1188 diis‚“
1490 1146 1535 1180 et
1562 1153 1640 1193 per
1664 1139 1874 1181 “suffitus

384 1199 517 1241 datos
541 1200 705 1250 Baali,”
731 1200 1041 1254 significantur
1066 1202 1288 1255 opposita.
1350 1202 1488 1256 Apud
1515 1203 1723 1251 eundem,

451 1299 473 1312 ‘⁸
485 1297 624 1339 Loquar
640 1298 771 1339 judicia
787 1308 866 1330 cum
884 1299 953 1330 illis
978 1308 1085 1339 super
1107 1300 1205 1331 omni
1230 1299 1366 1331 malitia
1381 1309 1516 1338 eorum,
1537 1300 1630 1341 quod
1653 1301 1874 1333 deseruerint

559 1341 630 1380 Me,
651 1348 686 1373 et
702 1342 899 1426 snuffivegnt
915 1342 984 1374 diis
1001 1343 1091 1380 aliis,
1112 1349 1147 1374 et
1170 1343 1435 1375 incurvaverint
1452 1353 1490 1375 se
1514 1344 1680 1384 operibus
1704 1354 1873 1376 manuum

556 1395 699 1417 suarum
746 1386 782 1425 (i.
804 1394 819 1417 1
871 1395 878 1424 ;

384 1470 570 1512 “suffire
587 1472 669 1512 diis
687 1472 797 1521 aliis,
817 1478 862 1513 et
884 1472 1115 1514 incurvare
1137 1486 1185 1514 se
1203 1473 1409 1527 operibus
1428 1486 1638 1514 manuum
1657 1473 1873 1523 suarum,'⁰

382 1534 604 1588 significat
641 1534 812 1576 cultum
849 1549 909 1576 ex
945 1535 1080 1584 salsis,
1114 1550 1227 1590 quae
1263 1549 1322 1577 ex
1360 1537 1538 1590 propria
1568 1536 1872 1590 intelligentia

385 1597 504 1650 (“dii
535 1597 639 1638 alii”
670 1605 774 1639 sunt
810 1598 934 1647 falsa,
968 1605 1014 1640 et
1048 1602 1222 1652 “opera
1253 1598 1497 1640 manuum’'
1522 1605 1627 1641 sunt
1663 1613 1776 1653 quae
1813 1612 1871 1641 ex

381 1661 560 1714 propria
584 1661 925 1715 intelligentia).

447 1757 567 1789 Simile
591 1767 654 1808 per
676 1758 826 1790 “suffire
845 1758 911 1790 diis
922 1757 940 1770 ¹’
965 1758 1183 1799 significatur
1206 1758 1300 1799 apud
1327 1758 1512 1801 Jeremz'am
1536 1758 1624 1800 (cap.
1641 1759 1687 1791 xi.
1707 1766 1766 1798 125
1793 1768 1864 1800 cap.

447 1802 1055 1886 ὃίωἱῐζιιζζῖἦξῖιίεὲῐὲἑέιπεθρῐΰίῢιιε
1066 1845 1084 1858 ”
1101 1846 1195 1887 apud
1211 1845 1397 1877 Hoscheam
1415 1845 1503 1886 (cap.
1520 1846 1567 1878 xi.
1585 1845 1636 1885 2):

446 1888 567 1920 Simile
584 1899 646 1929 per
666 1890 687 1904 ‘¹
698 1890 816 1921 suffire
832 1888 1010 1921 vanitati¹'
1027 1890 1121 1930 apud
1142 1889 1326 1931 Jeremiam
1343 1889 1433 1930 (cap.
1449 1889 1546 1922 xviii.
1566 1890 1618 1929 15)
1633 1900 1639 1922 :

446 1932 567 1964 Simile
591 1933 697 1964 etiam
722 1933 816 1974 quod
840 1943 948 1973 supra
970 1942 1034 1973 per
1056 1934 1205 1965 “suffire
1226 1932 1354 1964 Baali'’
1373 1933 1467 1973 apud
1494 1932 1679 1975 Jeremiam
1703 1931 1792 1974 (cap.
1808 1932 1868 1966 vii.

554 1976 588 2016 9)
602 1986 609 2013 ἶ
634 1983 669 2008 et
684 1977 778 2017 apud
794 1977 983 2008 Hosckeam
1000 1975 1089 2017 (cap.
1106 1977 1141 2008 ii.
1162 1979 1233 2017 13):

447 2019 491 2051 Et
514 2020 629 2051 simile
653 2030 716 2061 per
735 2020 885 2051 “suffire
911 2019 1140 2052 Melecheth”
1157 2029 1220 2051 seu
1244 2019 1387 2060 reginae
1408 2019 1618 2051 “caelorum
1628 2018 1646 2031 ''
1663 2019 1757 2060 apud
1777 2019 1871 2061 Jere·

554 2063 658 2094 miam
675 2063 764 2104 (cap.
780 2064 863 2096 xliv.
886 2071 936 2102 17,
954 2064 1003 2102 18,
1024 2072 1073 2104 19,
1091 2072 1143 2102 21,
1161 2063 1236 2104 25);

382 2150 682 2206 “Melecheth
709 2149 964 2191 caelorum'’
990 2149 1212 2203 significat
1243 2149 1354 2190 falsa
1385 2150 1428 2190 in
1460 2149 1580 2190 omni
1612 2147 1869 2202 complexu.

380 2215 516 2256 Porro
542 2214 661 2267 quod
689 2217 713 2233 “
729 2212 925 2254 suffitio''
951 2212 1173 2266 significet
1199 2212 1278 2254 illa
1303 2212 1448 2253 cultus
1474 2226 1588 2266 quae
1614 2217 1742 2265 grate
1769 2225 1869 2265 per-

380 2278 615 2331 cipiuntur,
657 2283 703 2317 et
743 2276 863 2330 quod
901 2275 1274 2316 “suffimentum”
1310 2276 1478 2316 bonum
1515 2274 1758 2328 spirituale,
1798 2280 1869 2316 est

380 2354 528 2389 causa,
552 2340 653 2394 quia
674 2340 824 2380 omnia
849 2353 962 2393 quae
988 2338 1106 2392 apud
1132 2346 1319 2392 gentem
1346 2337 1640 2379 Israeliticam
1663 2338 1871 2378 instituta

379 2405 570 2453 fuerunt,
598 2409 725 2444 erant
757 2403 1144 2456 repraesentativa
1174 2401 1437 2451 caelestium
1469 2408 1515 2442 et
1547 2400 1868 2455 spiritualium;

380 2467 570 2508 ecclesia
613 2467 731 2507 enim
774 2465 891 2519 apud
935 2465 1035 2506 illos
1079 2478 1169 2506 non
1211 2471 1307 2506 erat
1349 2466 1463 2505 sicut
1499 2463 1690 2505 ecclesia
1720 2463 1867 2512 hodie,

379 2544 493 2584 quae
519 2536 589 2571 est
615 2530 804 2578 interna,
833 2528 911 2569 sed
939 2534 1035 2569 erat
1061 2534 1281 2579 externa3
1314 2534 1359 2568 et
1391 2533 1582 2568 externa
1607 2539 1868 2579 repraesen-

379 2594 540 2635 tabant
578 2599 623 2634 et
662 2593 766 2633 inde
803 2592 1117 2645 significabant
1154 2592 1331 2632 interna
1371 2590 1603 2639 ecclesiae,
1641 2589 1789 2643 qualia
1825 2589 1868 2630 in

380 2655 535 2697 Verbo
567 2655 685 2696 Novi
717 2655 1002 2696 Testamenti
1033 2668 1059 2695 a
1091 2654 1287 2695 Domino
1319 2651 1500 2694 deteEta
1531 2652 1731 2693 fuerunt:
1764 2651 1867 2692 inde

379 2718 774 2760 ecclesiaillorum
801 2717 921 2759 dicta
947 2724 1017 2759 est
1049 2717 1257 2758 Ecclesia
1287 2716 1708 2770 Repraesentativa.
1769 2714 1867 2755 Ex-

379 2789 509 2823 terna
549 2781 767 2823 ecclesiae
811 2781 938 2834 hujus
983 2780 1257 2822 constabant
1301 2794 1360 2820 ex
1402 2779 1566 2820 talibus
1610 2779 1654 2819 in
1699 2777 1868 2818 mundo

379 2846 595 2894 Naturae,
628 2858 741 2898 quae
773 2844 1188 2897 correspondebant
1219 2841 1525 2883 affectionibus
1561 2841 1666 2882 boni
1698 2846 1743 2881 et
1775 2840 1867 2881 veri
1933 2858 1937 2862 ·

377 2910 421 2949 in
445 2908 612 2949 mundo
634 2907 876 2961 spirituali;
909 2907 1012 2947 inde
1035 2912 1131 2947 erat
1153 2906 1272 2959 quod
1295 2918 1395 2946 cum
1417 2904 1479 2945 illi
1501 2905 1574 2958 qui
1596 2904 1653 2944 ab
1674 2902 1868 2944 ecclesia

377 2972 422 3011 in
444 2971 645 3012 externis
667 2970 815 3024 quoad
838 2969 1008 3010 cultum
1032 2975 1174 3018 erant,
1197 2968 1259 3009 illi
1281 2969 1354 3022 qui
1376 2968 1419 3008 in
1441 2965 1658 3021 spirituali
1680 2965 1863 3014 mundo,

378 3049 456 3077 seu
487 3036 530 3076 in
562 3034 702 3085 caelo,
735 3035 778 3075 in
815 3034 1002 3075 internis
1034 3038 1200 3082 essent,
1234 3038 1279 3073 et
1321 3045 1368 3072 se
1405 3030 1729 3083 conjungerent
1761 3041 1860 3071 cum
