2060 3476
677 377 786 410 CAP.
809 377 874 418 11.,
897 376 1037 409 VERs.
1066 367 1236 408 18.—N.
1264 375 1354 419 151.
1689 375 1763 419 195

265 499 385 542 sunt,
415 498 461 534 et
488 492 666 533 salvare
697 490 800 532 illos
831 490 906 544 qui
938 490 1083 544 Ipsius
1116 489 1331 530 Divinum
1363 489 1408 529 in
1442 488 1657 529 Humano
1682 501 1765 541 ag-

265 562 462 597 noscunt
489 562 536 597 et
562 554 734 596 colunt.
798 554 900 595 Hoc
927 553 1268 594 manifestatum
1295 558 1366 594 est
1393 552 1593 606 plurimis
1619 552 1662 592 in
1696 551 1764 592 lo-

263 620 327 661 cis
359 619 479 673 apud
518 617 770 673 Prophetas
802 617 986 659 Veteris
1018 617 1322 665 Testamenti,
1356 622 1403 657 et
1436 629 1613 669 quoque
1645 615 1765 669 apud

265 682 618 736 Evangelistas;
650 696 710 723 ex
736 681 896 736 quibus
923 681 1070 722 solum
1093 680 1206 722 haec
1233 680 1352 734 apud
1378 679 1633 728 Jolzannem
1658 679 1764 720 volo

263 746 445 787 afferre.

334 842 412 874 “In
426 842 602 884 principio
619 848 696 874 erat
712 842 882 880 Verbum,
903 847 938 874 et
954 841 1112 873 Verbum
1137 846 1213 873 erat
1236 840 1331 881 apud
1356 840 1485 878 Deum,
1505 845 1541 871 et
1566 838 1664 870 Deus
1688 844 1765 870 erat

424 887 608 919 Verbum.
663 911 759 919 .....
767 867 900 918 Omni'a
916 895 979 926 per
997 885 1120 926 Ipsum
1134 883 1230 917 {aaa
1246 890 1340 922 sunt,
1356 890 1393 916 et
1409 885 1543 925 absque
1559 882 1612 914 Eo
1627 880 1763 914 {aetum

438 936 494 962 est
511 931 599 962 nihil
616 931 711 972 quod
734 928 868 962 {aestum
887 936 952 962 est.
1003 929 1046 961 In
1072 929 1158 970 Ipso
1174 929 1248 960 vita
1264 934 1350 966 erat,
1371 934 1406 959 et
1423 928 1498 959 vita
1513 933 1590 958 erat
1609 927 1684 958 Lux
1701 927 1765 957 ho-

439 974 599 1010 minum:
623 981 659 1006 et
676 974 753 1006 Lux
770 974 830 1005 illa
854 974 890 1005 in
909 973 1067 1005 tenebris
1091 973 1195 1010 lucet,
1216 978 1252 1004 et
1275 973 1445 1004 tenebrae
1462 971 1558 1003 illam
1577 981 1650 1001 non
1668 980 1765 1001 com-

439 1000 716 1059 prehenderunt.
772 1043 868 1050 .....
878 1018 963 1049 Erat
988 1017 1064 1048 Lux
1081 1027 1167 1048 vera
1184 1027 1273 1058 quae
1291 1016 1470 1047 illuminat
1487 1025 1632 1046 ornnem
1650 1014 1765 1045 homi-

439 1072 521 1093 nem
538 1063 743 1093 venientem
762 1062 798 1093 in
816 1062 1008 1094 mundum:
1034 1061 1070 1092 in
1089 1061 1223 1092 mundo
1241 1066 1316 1092 erat
1321 1085 1413 1097 .....
1422 1059 1485 1091 sed
1502 1059 1657 1090 mundus
1673 1058 1764 1089 Eum

438 1116 510 1137 non
528 1106 687 1146 agnovit.
742 1130 837 1138 .....
848 1105 892 1137 Et
904 1105 1063 1137 Verbum
1081 1104 1176 1136 Caro
1193 1103 1328 1136 factum
1343 1109 1408 1142 est,
1425 1109 1461 1135 et
1476 1103 1653 1135 habitavit
1670 1102 1765 1133 inter

439 1159 518 1188 nos,
539 1156 574 1181 et
590 1150 746 1181 vidimus
762 1150 914 1190 gloriam
933 1148 1079 1190 Ipsius’'
1096 1149 1133 1189 (i.
1150 1148 1267 1189 1-14)·
1260 1174 1267 1180 .

264 1244 385 1298 quod
408 1243 631 1285 Dominus
653 1243 803 1298 quoad
831 1243 1095 1284 Humanum
1118 1243 1176 1283 ibi
1199 1241 1483 1296 intelligatur
1503 1255 1583 1296 per
1607 1240 1762 1282 “Ver-

263 1308 410 1357 bum,”
432 1314 562 1361 patet
585 1308 720 1357 clare,
746 1321 850 1348 nam
877 1307 1041 1350 dicitur
1065 1307 1310 1348 “Verbum
1337 1306 1455 1347 Caro
1480 1304 1648 1347 factum
1675 1311 1761 1353 est,

263 1378 310 1413 et
332 1371 558 1413 habitavit
580 1372 700 1413 inter
722 1385 820 1420 nos,
845 1377 892 1412 et
910 1371 1102 1411 vidimus
1124 1370 1318 1424 gloriam
1342 1370 1488 1423 Ipsius
1506 1369 1540 1420 ;'’
1571 1375 1618 1410 et
1641 1368 1764 1422 quod

265 1434 527 1476 Humanum
554 1449 683 1476 suum
711 1435 925 1475 Divinum
952 1434 1122 1483 fecerit,
1151 1435 1291 1475 etiam
1318 1439 1462 1488 patet,
1495 1432 1620 1486 [nam
1653 1432 1763 1473 dici-

263 1497 354 1551 tur]
382 1498 625 1539 “Verbum
652 1504 749 1539 erat
776 1498 895 1551 apud
923 1498 1086 1546 Deum,
1110 1504 1156 1539 et
1185 1497 1308 1538 Deus
1335 1503 1432 1538 erat
1455 1496 1674 1544 Verbum,
1696 1528 1704 1536 .
1725 1528 1733 1535 .
1753 1527 1763 1536 .

263 1568 310 1603 et
342 1562 428 1603 hoc
463 1561 580 1603 Caro
611 1560 780 1603 factum
812 1561 922 1610 est,'’
954 1561 1041 1602 hoc
1075 1568 1160 1610 est,
1191 1561 1372 1602 Homo:
1413 1566 1460 1601 et
1492 1560 1595 1614 quia
1627 1573 1763 1600 omne

265 1625 479 1666 Divinum
511 1625 684 1666 Verum
722 1625 928 1679 procedit
965 1639 991 1666 a
1023 1625 1190 1666 Divino
1228 1624 1444 1665 Humano
1483 1624 1681 1672 Domini,
1716 1629 1763 1664 et

263 1689 373 1730 illud
405 1695 476 1730 est
509 1689 722 1729 Divinum
757 1689 902 1742 Ipsius
934 1690 979 1730 in
1011 1688 1164 1737 caelis,
1193 1688 1296 1729 ideo
1328 1689 1468 1729 etiam
1500 1701 1578 1741 per
1607 1687 1763 1728 “Ver-

263 1755 370 1795 bum
382 1753 400 1768 '’
412 1748 689 1806 significatur
702 1753 914 1792 Divinum
927 1752 1099 1793 Verum
1117 1767 1126 1803 ;
1145 1758 1192 1793 et
1206 1752 1309 1792 ideo
1323 1752 1486 1792 dicitur
1499 1751 1602 1804 Ipse
1620 1754 1645 1771 ‘⁴
1659 1750 1763 1792 Lux

263 1831 377 1871 quae
404 1816 630 1857 illuminat
657 1829 841 1856 omnem
873 1815 1105 1856 hominem
1131 1816 1395 1856 venientem
1421 1816 1466 1855 in
1493 1814 1712 1855 mundum
1729 1814 1763 1864 ;'’

266 1879 439 1920 “Lux'’
475 1885 546 1920 est
583 1871 728 1919 etiam
766 1878 980 1919 Divinum
1013 1879 1211 1920 Verum:
1252 1885 1298 1919 et
1336 1879 1439 1932 quia
1455 1878 1674 1918 homines
1705 1878 1764 1918 ab

262 1943 452 1984 internis
474 1943 540 1983 ita
562 1943 744 1983 externi
766 1956 845 1983 seu
871 1942 1103 1983 naturales
1125 1940 1229 1983 faGti
1251 1948 1357 1983 sunt
1385 1947 1432 1982 ut
1456 1955 1547 1984 non
1570 1940 1763 1994 amplius

263 2007 535 2060 agnoverint
560 2006 774 2046 Divinum
797 2005 983 2055 Verum,
1003 2007 1068 2047 ita
1090 2020 1172 2047 nec
1194 2006 1455 2053 Dominum,
1474 2005 1577 2046 ideo
1600 2005 1764 2045 dicitur

263 2070 383 2124 quod
412 2070 669 2111 “tenebrae
701 2069 873 2110 Lucem
915 2083 1007 2111 non
1048 2068 1519 2123 comprehenderint,”
1556 2074 1603 2109 et
1641 2068 1764 2122 quod

266 2138 291 2153 ‘⁴
304 2132 499 2173 mundus
537 2132 693 2185 Ipsum
726 2145 818 2172 non
854 2132 1137 2184 agnoverit.'’
1203 2142 1317 2180 (Quod
1332 2139 1349 2150 ‘¹
1361 2143 1506 2171 Verbum
1517 2141 1534 2151 ·’
1550 2142 1589 2170 sit
1604 2141 1765 2170 Dominus

262 2195 370 2231 quoad
386 2193 538 2222 Divinum
552 2194 752 2228 Humanum,
765 2198 796 2223 et
807 2194 882 2223 inde
898 2194 1050 2223 Divinum
1065 2194 1388 2231 Verum,procedens,
1400 2193 1546 2222 videatur
1559 2193 1591 2222 in
1604 2193 1763 2231 Dodrina

262 2243 372 2271 Novae
383 2241 630 2279 Hierosolymae,
642 2250 673 2270 n.
685 2241 742 2278 263
755 2245 786 2270 et
799 2250 875 2278 304:
898 2242 987 2278 quod
999 2245 1016 2255 ¹⁸
1029 2242 1100 2270 Lux
1111 2241 1127 2250 ''
1144 2241 1182 2270 sit
1195 2241 1347 2270 Divinum
1359 2241 1491 2275 Verum,
1504 2245 1535 2269 et
1546 2241 1635 2278 quod
1650 2243 1667 2254 ¹¹
1678 2246 1766 2270 tene-

261 2289 338 2318 brae
347 2288 364 2298 ’'
375 2289 436 2317 sint
447 2288 524 2317 falsa
533 2288 565 2317 in
577 2289 692 2325 quibus
701 2293 775 2317 sunt
786 2289 840 2326 qui
852 2298 918 2317 non
929 2289 961 2317 in
972 2289 1053 2322 luce,
1064 2289 1096 2317 in
1109 2297 1204 2326 opere
1216 2289 1267 2317 De
1278 2289 1370 2317 Caelo
1380 2292 1411 2316 et
1418 2289 1556 2327 lnserno,
1569 2297 1600 2317 n.
1614 2288 1763 2325 126-140,

263 2343 381 2384 [¹1275.)
439 2333 576 2387 Quod
598 2335 672 2388 qui
697 2340 960 2387 agnoscunt
983 2334 1247 2383 Dominum,
1271 2340 1318 2375 et
1340 2334 1500 2375 colunt
1523 2334 1679 2387 Ipsum
1701 2348 1762 2374 ex

263 2410 418 2438 amore
449 2403 496 2437 et
533 2396 634 2445 fide,
669 2403 715 2437 et
757 2410 848 2437 non
889 2397 933 2437 in
975 2397 1204 2437 amoribus
1237 2397 1303 2436 sui
1348 2402 1395 2437 et
1438 2396 1594 2436 mundi
1639 2403 1760 2446 sunt,

262 2466 588 2513 regenerentur
613 2466 659 2501 et
686 2460 932 2509 salventur,
962 2461 1102 2501 etiam
1129 2459 1188 2500 ibi
1214 2460 1420 2509 docetur,
1448 2459 1517 2500 his
1543 2459 1718 2500 verbis:

332 2555 550 2598 “Quotquot
575 2555 698 2596 Ipsum
723 2563 945 2598 receperunt,
962 2557 1058 2589 dedit
1083 2557 1126 2588 iis
1151 2562 1367 2597 potestatem
1383 2562 1423 2588 ut
1446 2556 1508 2588 filii
1535 2556 1602 2588 Dei
1626 2562 1759 2593 essent,

437 2600 664 2632 credentibus
688 2601 724 2632 in
742 2611 875 2632 nomen
894 2601 1034 2641 Ipsius;
1060 2601 1118 2642 qui
1142 2610 1216 2631 non
1241 2611 1286 2632 ex
1309 2601 1556 2641 sanguinibus,
1578 2610 1694 2641 neque
1719 2610 1763 2631 ex

437 2644 623 2727 {solun-tate
640 2644 768 2681 carnis,
790 2654 906 2728 13eque
930 2654 974 2676 ex
991 2644 1178 2676 voluntate
1195 2645 1274 2683 viri,
1295 2645 1359 2676 sed
1383 2654 1428 2676 ex
1453 2644 1532 2676 Deo
1549 2644 1624 2675 nati
1648 2650 1733 2675 sunt
1744 2643 1760 2655 ’¹

452 2697 528 2728 cap.
545 2698 567 2719 1.
581 2697 674 2720 vers.
690 2696 740 2726 12,
757 2697 796 2728 13
822 2699 829 2720 ε

261 2781 321 2822 ibi
349 2784 447 2822 “ex
485 2780 809 2834 sanguinibus”
841 2788 946 2823 sunt
983 2781 1047 2822 illi
1083 2782 1157 2836 qui
1193 2781 1435 2822 destruunt
1472 2793 1676 2822 amorem
1714 2787 1761 2822 et

262 2844 563 2894 charitatem;
594 2843 847 2886 “voluntas
869 2845 1047 2886 carnis’'
1070 2852 1140 2886 est
1164 2859 1299 2886 omne
1322 2845 1491 2885 malum
1512 2859 1572 2885 ex
1594 2844 1760 2885 amori-

262 2908 344 2948 bus
376 2908 442 2948 sui
479 2913 526 2948 et
558 2907 727 2956 mundi,
761 2914 922 2962 estque
953 2909 1181 2962 proprium
1214 2908 1410 2948 hominis
1436 2907 1757 2952 voluntarium,

261 2970 383 3024 quod
408 2971 453 3010 in
479 2984 526 3011 se
553 2983 644 3011 non
670 2977 741 3011 est
767 2971 851 3011 nisi
877 2984 1012 3025 quam
1039 2970 1235 3022 malum;
1271 2971 1523 3012 “voluntas
1549 2969 1662 3010 viri''’
1688 2976 1760 3010 est

262 3032 423 3074 falsum
459 3034 564 3075 inde
602 3048 661 3075 ex
699 3034 879 3087 proprio
907 3033 986 3075 illo
1016 3034 1300 3086 voluntario3
1344 3034 1464 3088 quod
1502 3034 1575 3088 qui
1612 3034 1656 3074 in
1690 3033 1759 3074 his
