2060 3476
301 335 386 386 446
718 345 1051 380 APOCALYPSIS
1082 347 1382 381 EXPLICATA.

302 456 422 511 enim
454 457 592 498 homo
623 458 750 499 exuit
783 459 990 501 naturale
1021 466 1068 501 et
1099 461 1244 502 induit
1275 461 1535 514 spirituale:
1577 462 1697 516 quod
1729 463 1793 504 ita

302 519 373 568 sit,
399 526 610 562 constare
633 527 787 574 potest
810 521 955 563 solum
978 537 1037 563 ex
1060 537 1128 572 eo,
1153 524 1273 577 quod
1299 523 1451 577 angeli
1474 525 1563 566 sint
1589 525 1633 565 in
1655 525 1792 566 intel-

303 581 491 635 ligentia
509 588 554 624 et
577 584 799 638 sapientia
819 585 1031 626 ineffabili
1053 599 1159 640 prae
1181 586 1378 635 homine,
1398 593 1444 628 et
1467 593 1622 629 tamen
1640 587 1792 641 angeli

303 649 408 684 sunt
427 657 486 684 eX
504 643 705 685 humano
721 658 905 698 genere.
955 657 1068 695 (Quod
1077 658 1194 695 Angeli
1206 658 1267 687 sint
1282 667 1321 687 ex
1336 658 1490 688 Humano
1503 659 1638 694 Genere,
1650 659 1795 688 videatur

302 706 333 734 in
353 707 509 744 opusculo
530 708 580 737 De
601 708 717 737 Ultimo
734 708 877 749 Judicio,
893 707 1039 748 n.'14-22
1054 715 1085 739 et
1100 711 1225 749 23-27.)
1283 699 1401 753 Quia
1429 704 1454 721 “
1467 713 1590 742 mare
1603 701 1622 716 ”
1651 701 1792 755 Signi-

303 756 408 799 ficat
431 760 687 799 communia
709 760 814 809 veri,
839 760 940 801 ideo
964 775 1043 802 vas
1066 774 1296 814 magnum,
1320 761 1440 816 quod
1462 775 1543 816 pro
1565 763 1793 803 communi

304 819 546 869 lavatione,
574 822 822 863 vocabatur
850 827 1010 865 “mare
1042 823 1277 867 aeneum’(
1297 823 1337 878 (1
1372 824 1480 877 Reg.
1507 825 1577 866 vii.
1604 824 1792 879 23—26);

304 883 558 925 lavationes
583 885 703 925 enim
735 886 1141 938 repraesentabant
1174 885 1505 940 purificationes
1536 900 1562 928 a
1591 887 1714 928 falsis
1745 894 1793 929 et

304 947 446 996 malis,
475 953 521 988 et
551 951 729 1002 “aquae
741 948 760 964 ”
785 948 1043 1002 significant
1075 963 1181 991 vera
1212 964 1291 1003 per
1315 964 1429 1004 quae
1461 950 1793 1004 purificationes

303 1008 439 1051 fiunt:
484 1017 530 1052 et
562 1012 665 1064 quia
696 1012 849 1052 omnia
880 1026 987 1053 vera
1018 1019 1122 1054 sunt
1155 1027 1214 1054 ex
1251 1013 1386 1062 bono,
1420 1014 1521 1055 ideo
1552 1014 1793 1055 continens

304 1072 396 1125 ejus
428 1080 524 1114 erat
556 1087 660 1125 aes;
694 1075 811 1116 unde
842 1081 1058 1116 vocatum
1089 1082 1160 1117 est
1195 1080 1354 1118 “mare
1386 1076 1615 1126 aeneum‚'’
1649 1075 1794 1117 “aes'’

305 1137 423 1176 enim
442 1136 664 1189 significat
683 1137 864 1179 bonurn.
907 1138 1161 1181 Purificatio
1179 1139 1435 1194 spiritualis,
1455 1153 1569 1193 quae
1587 1146 1656 1181 est
1674 1139 1793 1193 puri-

304 1198 455 1240 ficatio
481 1214 506 1240 a
532 1200 653 1241 falsis
679 1207 725 1242 et
753 1201 896 1250 malis,
921 1202 1187 1243 describitur
1212 1203 1271 1243 ibi
1298 1202 1430 1256 plene
1457 1217 1535 1256 per
1561 1206 1794 1244 mensuras

304 1262 420 1303 illius
442 1263 574 1311 vasis,
600 1269 646 1304 et
673 1277 751 1318 per
772 1264 904 1306 bases
926 1264 1033 1318 ejus,
1057 1258 1313 1307 intelle&as
1339 1266 1383 1307 in
1406 1279 1540 1307 sensu
1562 1264 1792 1320 spirituali.

306 1325 380 1366 Ex
398 1326 466 1367 his
484 1340 598 1380 quae
615 1325 810 1368 addue'ta
829 1334 949 1377 sunt,
969 1334 1181 1370 constare
1199 1335 1354 1382 potest
1370 1329 1489 1383 quod
1507 1342 1586 1383 per
1603 1332 1628 1349 ‘⁴
1642 1327 1794 1369 mare‘’

306 1388 615 1442 significentur
641 1391 897 1431 communia
922 1392 1028 1440 veri,
1054 1405 1132 1432 seu
1158 1393 1446 1445 cognitiones
1472 1392 1565 1433 veri
1590 1391 1720 1432 simul
1747 1397 1794 1432 et

307 1450 549 1494 colleefim.
623 1452 742 1506 Quid
779 1467 888 1494 vero
924 1454 1115 1508 amplius
1157 1454 1435 1508 significatur
1474 1468 1553 1509 per
1595 1453 1795 1504 “mare,”

307 1515 483 1569 patebit
514 1516 558 1557 in
591 1516 900 1570 explicatione
938 1518 1248 1571 sequentium;
1293 1531 1397 1559 nam
1429 1518 1472 1558 in
1504 1518 1795 1572 sequentibus

309 1579 568 1620 nominatur
596 1583 757 1621 “mare
768 1579 788 1595 '’
814 1580 858 1621 in
884 1580 1008 1621 vario
1034 1593 1168 1622 sensu

373 1675 436 1715 (Ut
446 1677 547 1718 Apoc.
560 1684 646 1726 wffp
661 1685 668 1714 ;
693 1686 767 1717 cap.
780 1676 838 1708 vii.
855 1684 883 1714 1,
899 1684 929 1714 2,
946 1685 965 1716 3
979 1686 987 1715 ς
1011 1686 1087 1718 cap.
1099 1677 1172 1708 viii.
1185 1677 1215 1715 8,
1228 1686 1270 1717 9;
1294 1686 1370 1718 cap.
1381 1687 1415 1709 x.
1429 1684 1459 1716 2,
1473 1677 1513 1716 8;
1536 1686 1611 1718 cap.
1623 1676 1684 1709 xii.
1701 1674 1796 1716 [¹112;

481 1729 556 1760 cap.
572 1729 645 1751 xm.
665 1728 679 1750 1
695 1729 703 1758 ;
731 1730 806 1760 cap.
823 1720 893 1752 xiv,
912 1727 929 1759 7
944 1730 951 1759 ;
980 1730 1056 1761 cap.
1073 1730 1130 1752 xv.
1148 1729 1187 1759 2;
1215 1730 1292 1762 cap.
1308 1720 1380 1753 xvi.
1397 1729 1438 1760 3;
1466 1730 1541 1761 cap.
1558 1720 1654 1752 xviii.
1674 1727 1724 1760 17,
1743 1728 1793 1761 19,

483 1771 521 1795 21
538 1773 546 1802 ;
570 1773 646 1804 cap.
660 1773 718 1796 xx.
738 1772 797 1803 13;
821 1773 898 1804 cap.
914 1764 985 1797 xxi.
1004 1765 1045 1804 1).

846 1934 983 1958 vssnsus
999 1926 1053 1961 6ta
1063 1930 1163 1964 meam,
1182 1933 1211 1966 7,
1229 1926 1259 1958 8.

388 1994 515 2047 2⁷⁶·
553 2008 615 2035 “ft
631 2008 662 2034 ln
680 2008 773 2035 medlo
790 2008 888 2035 thren!
905 2010 936 2035 et
952 2009 1059 2035 olo-oum
1078 2009 1211 2035 thronum
1226 2009 1350 2041 quatuor
1363 2007 1506 2034 Anlmalla
1522 2008 1609 2040 plena
1625 2006 1716 2034 muns
1730 2007 1799 2033 ante

308 2049 338 2074 ot
353 2050 440 2075 rotro.
473 2048 512 2074 ft
527 2048 639 2075 Anlmal
652 2049 774 2081 pn'mum
789 2048 885 2075 elmlle
899 2049 983 2080 leont,
998 2051 1029 2075 et
1041 2049 1196 2076 secundum
1210 2048 1322 2075 Am'mal
1336 2048 1432 2075 elmlle
1445 2047 1542 2079 vitulo.
1555 2048 1587 2073 et
1599 2046 1718 2074 tertlum
1731 2046 1800 2073 An!-

309 2087 367 2112 mal
376 2086 486 2113 habens
493 2085 603 2119 faelem
613 2087 691 2113 elcut
700 2086 790 2117 homo,
800 2088 830 2112 et
839 2088 971 2119 quartum
982 2086 1094 2113 Anlmal
1101 2086 1196 2113 elmlle
1204 2086 1318 2119 aqullae
1327 2085 1441 2114 υοΙαηΐΙ.
1473 2085 1494 2111 Ε
1494 2087 1508 2112 t
1516 2086 1639 2118 quatuor
1647 2084 1797 2114 Anlmalla.

309 2124 422 2157 sinqula
439 2131 493 2157 per
507 2131 549 2156 se,
566 2125 712 2151 habebant
725 2125 790 2151 alas
804 2131 858 2151 sex
875 2124 905 2151 ln
920 2124 1050 2154 clroultu.
1066 2125 1097 2151 et
1113 2124 1193 2152 Intus
1209 2123 1327 2156 [zlplena
1341 2124 1428 2150 erant
1441 2123 1540 2154 οοιιΙΙε,
1556 2124 1587 2149 ot
1600 2122 1727 2156 requlem
1745 2129 1800 2148 non

309 2162 454 2189 habebant
471 2162 518 2189 dle
535 2164 566 2189 et
584 2164 676 2194 noete,
693 2163 828 2193 dicentia.
847 2162 980 2194 Sanetus,
1000 2161 1130 2194 sanctus,
1150 2163 1279 2193 sanctus,
1297 2161 1431 2188 Dominus
1449 2161 1523 2188 Deus
1541 2160 1730 2193 omnipotens.
1751 2160 1801 2193 qul

309 2201 375 2227 erat
389 2201 419 2227 et
433 2200 482 2233 qul
495 2202 544 2227 eet
557 2202 587 2227 et
600 2200 650 2233 qu!
664 2200 835 2227 oenturue.''

420 2292 481 2326 “ft
496 2292 530 2326 in
543 2292 652 2326 medio
665 2292 779 2326 throni
793 2295 829 2326 et
839 2292 966 2326 cit-cum
980 2292 1137 2326 thronum
1149 2294 1296 2336 quatuor
1309 2290 1471 2324 Animalia
1485 2292 1588 2334 plena
1601 2290 1709 2324 oculis
1720 2293 1802 2324 ante

488 2339 523 2370 ei
534 2337 656 2375 ''efren''
667 2336 828 2378 significat
839 2338 1018 2368 custodiam
1030 2341 1061 2368 et
1064 2337 1313 2378 providentiam
1326 2336 1471 2367 Domini
1482 2347 1523 2366 ne
1536 2336 1708 2367 interiores
1720 2335 1805 2366 caeli

486 2383 658 2413 adeantur
671 2382 741 2413 nisi
761 2392 782 2412 a
806 2382 887 2412 bono
901 2382 1026 2412 amoris
1040 2386 1071 2412 et
1085 2381 1269 2419 charitatis,
1286 2385 1325 2412 ut
1341 2380 1518 2423 inferiora,
1534 2391 1619 2422 quae
1634 2380 1712 2411 inde
1718 2385 1801 2421 pen-

487 2427 576 2465 dent,
594 2427 631 2457 in
647 2427 764 2457 ordine
778 2426 848 2457 sint
865 2426 915 2469 [n.
930 2425 1027 2468 277].

358 2500 388 2534 7.
423 2492 486 2526 “et
500 2492 632 2526 Animal
641 2491 789 2535 primum
806 2491 917 2525 simile
940 2491 1055 2530 leoni,''
1072 2491 1233 2532 significat
1249 2491 1480 2533 apparentiam
1497 2490 1535 2522 in
1551 2490 1680 2522 ultimis
1694 2489 1807 2531 quoad

480 2538 665 2579 potentiam
682 2542 712 2568 et
726 2538 878 2579 effec‘lum
894 2537 1026 2568 Divini
1045 2537 1121 2567 Veri
1127 2536 1333 2577 procedentis
1347 2546 1368 2566 a
1384 2535 1534 2567 Domino
1549 2534 1601 2577 [n.
1617 2533 1720 2576 278];
1747 2537 1805 2567 “ot

489 2581 676 2615 secundum
693 2580 825 2614 Animal
838 2580 949 2614 simile
968 2580 1099 2618 vitulos
1113 2580 1275 2622 significat
1291 2580 1521 2622 apparentiam
1538 2579 1575 2610 in
1591 2579 1720 2609 ultimis
1738 2579 1802 2610 Di-

487 2626 568 2657 vini
581 2626 676 2657 Boni
689 2627 800 2667 quoad
811 2627 947 2657 tutelam
967 2625 1017 2668 [n.
1033 2624 1135 2667 279];
1162 2627 1220 2657 “et
1233 2623 1371 2658 tertium
1387 2622 1520 2657 Animal
1531 2622 1661 2656 habens
1679 2622 1802 2655 taciem

490 2669 584 2704 sicut
605 2669 732 2706 h0m0‚''
755 2669 918 2712 significat
943 2670 980 2701 in
1005 2670 1134 2702 ultimis
1157 2669 1389 2710 apparentiam
1415 2668 1567 2700 Divinae
1589 2667 1752 2698 custodiae
1775 2670 1806 2698 et

482 2714 719 2757 providentiae
733 2715 845 2755 quoad
863 2714 1060 2755 sapientiam
1087 2714 1137 2756 [n.
1157 2712 1238 2755 280]
1250 2724 1259 2752 ;
1286 2715 1343 2746 “et
1356 2714 1515 2756 quartum
1539 2710 1671 2744 Animal
1691 2710 1804 2744 simile

490 2758 627 2802 aquilae
653 2758 805 2795 νοΙαηίῘ,”
822 2758 985 2799 significat
1009 2758 1047 2789 in
1070 2757 1200 2789 ultimis
1221 2757 1455 2799 apparentiam
1471 2756 1627 2788 Divinae
1642 2756 1805 2786 custodiae

490 2808 522 2835 et
535 2803 770 2844 providentiae
785 2804 896 2844 quoad
915 2803 1169 2844 intelligentiam
1192 2806 1225 2834 et
1237 2802 1349 2844 quoad
1368 2800 1685 2842 circumspec‘lionem
1703 2801 1803 2830 unde-

491 2858 622 2890 quaque
641 2846 691 2890 [n.
710 2846 785 2885 281,
803 2846 900 2889 282].

360 2914 391 2947 8.
427 2913 489 2948 “ft
510 2916 657 2957 quatuor
679 2912 851 2951 Animalia,
876 2912 1013 2956 singula
1035 2922 1099 2956 pet·
1122 2922 1172 2950 se,
1195 2911 1367 2946 habebant
1387 2912 1464 2945 alas
1487 2920 1550 2944 sex
1573 2910 1606 2943 in
1631 2908 1804 2946 circuitu,·'

492 2957 653 3000 significat
670 2958 900 3000 apparentiam
918 2958 1050 2989 Divini
1061 2957 1247 2998 spiritualis
1259 2957 1477 2998 undequaque
1489 2956 1613 2987 circum
1630 2953 1803 2986 Divinum

493 3004 621 3034 caeleste
639 3002 690 3046 [n.
709 3001 791 3044 283]
802 3013 811 3041 ;
838 3001 1002 3035 “otiatus
1019 3000 1153 3044 [²]plena
1177 3003 1278 3034 erant
1299 2999 1436 3038 ocull-s?
1453 2998 1614 3041 significat
1631 2998 1802 3030 Divinam
