2060 3476
295 346 375 392 1o6
704 359 1037 393 APOCALYPSIS
1068 361 1368 394 EXPLICATA.

291 471 545 520 mulierem
562 471 770 535 JezabeL
791 471 1035 520 dicentem
1059 490 1113 521 se
1137 473 1511 537 prophetissam,
1532 474 1709 523 docere
1734 486 1784 523 et

289 548 526 596 seducere
553 565 690 595 meos
714 565 883 596 servos
907 549 1104 597 scortari
1128 559 1178 597 et
1201 549 1472 613 idolothyta
1496 550 1658 598 edere.
1730 570 1733 573 ·

360 641 435 672 21.
468 624 549 671 v‘Et
573 624 685 671 dedi
715 624 777 672 illi
807 635 1003 688 tempus
1032 635 1085 673 ut
1108 626 1414 690 resipisceret
1436 644 1466 674 a
1488 627 1782 676 scortatione

289 718 389 755 sua,
415 711 465 748 et
490 718 588 748 non
614 701 826 764 resipuit.
1281 758 1283 760 q

360 794 434 825 22.
483 778 611 825 Ecce
639 778 750 842 Ego
775 778 978 842 conjicio
1003 777 1133 826 illam
1158 779 1206 826 in
1230 778 1427 834 lectum,
1448 790 1497 827 et
1521 780 1780 836 moechan-

288 864 362 902 tes
386 871 494 902 cum
521 853 596 902 ista
621 855 667 901 in
693 852 1009 902 afflictionem
1035 871 1279 920 magnam,
1302 855 1343 903 si
1369 873 1467 904 non
1492 856 1784 920 resipuerint

288 932 350 979 ab
375 932 604 995 operibus
629 932 742 979 suis.

359 1024 433 1070 23.
482 1009 546 1056 Et
569 1008 692 1056 filios
718 1009 822 1073 ejus
847 1009 1063 1058 occidam
1088 1020 1260 1065 morte,
1281 1020 1332 1058 et
1355 1021 1655 1075 cognoscent
1677 1028 1781 1059 om-

289 1103 376 1133 nes
405 1085 638 1133 ecclesiae
674 1085 808 1148 quod
846 1085 957 1150 Ego
989 1086 1079 1134 sim
1113 1097 1331 1135 scrutans
1359 1104 1503 1135 renes
1536 1097 1587 1135 et
1614 1087 1783 1144 corda3

287 1172 337 1210 et
360 1162 490 1210 dabo
515 1162 775 1225 unicuique
800 1173 1018 1210 vestrum
1043 1163 1310 1211 secundum
1335 1181 1486 1227 opera
1509 1181 1610 1212 sua.

357 1254 432 1298 24.
483 1239 639 1286 Vobis
669 1249 833 1287 autem
864 1239 988 1294 dico,
1014 1250 1065 1287 et
1091 1239 1285 1303 reliquis
1315 1240 1363 1288 in
1387 1240 1779 1305 Thyatiris,·qui-

286 1333 479 1379 cunque
506 1333 601 1363 non
628 1316 811 1364 habent
834 1315 1105 1365 doctrinam
1129 1316 1266 1372 hanc,
1286 1327 1336 1365 et
1358 1317 1443 1380 qui
1468 1334 1567 1366 non
1594 1335 1780 1383 cogno-

286 1403 461 1445 verunt
502 1392 742 1456 profunda
780 1403 996 1447 satanae,
1035 1392 1158 1441 sicut
1194 1393 1384 1449 dicunt;
1440 1410 1538 1442 non
1581 1395 1782 1458 impono

286 1483 434 1532 super
458 1486 547 1518 vos
571 1468 700 1517 aliud
725 1486 864 1517 onus,

355 1547 430 1593 25.
480 1546 718 1594 Attamen
745 1545 879 1610 quod
904 1545 1094 1594 habetis
1119 1546 1327 1595 retinete
1352 1546 1513 1595 donec
1537 1547 1697 1596 venio.

355 1626 430 1670 26.
480 1623 544 1670 Et
566 1623 766 1670 vincens
790 1633 840 1670 et
863 1622 1144 1670 custodiens
1173 1640 1329 1686 usque
1357 1623 1421 1671 ad
1451 1622 1600 1671 finem
1631 1641 1781 1687 opera

284 1716 408 1754 mea,
434 1699 563 1747 dabo
588 1698 649 1746 illi
674 1708 968 1762 potestatem
994 1716 1140 1762 super
1161 1709 1352 1763 gentes.

354 1788 428 1835 27.
477 1776 541 1824 Et
569 1786 711 1840 reget
739 1792 822 1823 eas
847 1775 986 1839 virga
1014 1775 1185 1829 ferrea,
1210 1786 1444 1839 tanquam
1473 1793 1591 1824 vasa
1619 1776 1780 1826 fiffilia

283 1853 675 1917 confringentur;
713 1853 835 1900 sicut
860 1862 909 1900 et
928 1853 1045 1916 ‚Ego
1070 1853 1236 1916 accepi
1261 1870 1290 1901 a
1316 1853 1457 1902 Patre
1483 1871 1611 1902 meo.

353 1931 428 1977 28.
479 1929 542 1977 Et
565 1930 695 1977 dabo
721 1929 780 1977 illi
804 1928 992 1977 stellam
1018 1929 1319 1978 matutinam.

354 2021 428 2065 29.
480 2006 683 2055 Habens
712 2023 879 2054 aurem
908 2005 1074 2054 audiat
1097 2005 1215 2069 quid
1246 2006 1455 2069 Spiritus
1480 2006 1593 2055 dicit
1621 2006 1775 2056 eccle-

281 2082 377 2132 siis·

366 2376 460 2420 92.
501 2366 553 2407 In
576 2364 952 2420 praecedentibus
971 2364 1139 2407 dictum
1157 2371 1227 2407 est
1245 2365 1350 2419 quid
1368 2379 1447 2419 per
1466 2368 1682 2419 “septem
1699 2365 1773 2406 ec'-

281 2428 474 2470 clesias''
496 2435 543 2470 et
570 2443 648 2483 per
673 2428 901 2482 “angelos
914 2428 933 2444 ’'
955 2442 1107 2470 earum
1134 2428 1430 2481 intelligitur;
1464 2428 1584 2482 quod
1611 2441 1774 2482 nempe

281 2506 360 2546 per
379 2495 593 2546 “septem
616 2491 866 2534 ecclesias”
883 2505 1041 2533 omnes
1063 2492 1137 2546 qui
1158 2492 1203 2532 in
1220 2492 1336 2532 veris
1359 2505 1418 2532 ex
1440 2491 1561 2532 bono
1583 2497 1701 2539 sunt,
1726 2497 1772 2531 et

280 2570 360 2610 per
395 2559 611 2608 “septem
647 2554 837 2608 angelos
850 2554 869 2570 '’
906 2568 1064 2596 omnes
1101 2555 1174 2608 qui
1210 2553 1297 2594 illis
1334 2553 1692 2608 correspondent
1728 2553 1772 2594 in

280 2617 409 2659 caelo
435 2616 660 2672 (videatur
678 2631 719 2658 n.
739 2628 794 2658 20
814 2624 860 2659 et
882 2617 956 2672 90)
976 2631 985 2668 ;
1018 2623 1065 2659 et
1088 2618 1191 2670 quia
1213 2617 1388 2658 caelum
1411 2623 1457 2658 et
1479 2616 1672 2658 ecclesia
1694 2630 1773 2670 per

280 2681 731 2734 correspondentiam
749 2693 884 2721 unum
902 2680 1085 2729 faciunt,
1101 2679 1204 2720 ideo
1222 2679 1385 2720 dicitur
1401 2680 1445 2720 in
1463 2679 1768 2733 sequentibus,

283 2743 476 2785 “Scribe
494 2743 680 2796 Angelo
698 2743 974 2792 Ecclesiae‚'’
992 2749 1039 2783 et
1062 2755 1152 2783 non
1176 2741 1327 2783 Scribe
1340 2741 1572 2782 Ecclesiae.
1624 2741 1771 2782 Causa

279 2806 400 2860 quod
433 2807 498 2846 ita
530 2806 707 2846 dicatur
739 2807 877 2847 etiam
914 2811 984 2846 est
1017 2805 1120 2858 quia
1152 2804 1555 2858 correspondentia
1587 2804 1686 2853 erit,
1721 2811 1770 2845 ut

279 2868 473 2909 ecclesia
491 2869 549 2909 sit
567 2868 759 2909 ecclesia
776 2868 895 2921 apud
917 2867 1147 2908 hominem
1165 2881 1174 2918 3
1207 2868 1243 2908 si
1261 2880 1351 2908 non
1369 2866 1770 2920 correspondentia

280 2937 416 2980 esset,
444 2944 535 2972 non
566 2930 681 2971 foret
708 2931 1060 2971 communicatio
1086 2930 1213 2979 caeli,
1241 2931 1306 2971 ita
1331 2943 1422 2970 non
1449 2928 1623 2970 caelum
1649 2929 1768 2982 apud

280 2993 403 3035 illum
422 3007 432 3045 ;
459 2999 506 3035 et
524 2995 559 3034 si
578 3007 668 3035 non
686 2993 875 3043 caelum,
895 3007 977 3035 nec
995 2993 1109 3034 foret
1128 2992 1320 3034 ecclesia
1338 2992 1455 3046 apud
1473 2991 1611 3032 illum.
1660 3001 1771 3041 (vide-
