2060 3476
239 379 325 422 420
814 379 1153 414 APOCALYPSIS.

690 771 1274 870 CAPUTIV.

420 1183 470 1221 et
499 1169 619 1222 'vox
672 1175 828 1238 prima
880 1192 1028 1238 quam
1080 1175 1256 1229 audivi,
1299 1185 1529 1239 tanquam
1574 1175 1719 1223 tubae

419 1249 663 1313 loquentis
700 1268 906 1305 mecum,
932 1251 1137 1306 dicebat,
1163 1251 1397 1299 Ascende
1434 1250 1540 1306 huc,
1566 1261 1615 1299 et
1639 1268 1715 1300 os-

231 1325 431 1373 tendam
457 1326 540 1374 tibi
566 1344 691 1390 quae
717 1337 911 1390 oportet
935 1326 1038 1375 fieri
1062 1326 1281 1390 posthac.

302 1418 343 1450 2.
392 1402 456 1450 Et
483 1404 645 1451 statim
671 1402 825 1451 factus
851 1421 959 1451 sum
990 1404 1037 1451 in
1067 1403 1259 1467 spiritu;
1297 1414 1346 1452 et
1375 1421 1487 1452 ecce
1516 1404 1718 1453 thronus

230 1479 418 1541 positus
443 1479 491 1527 in
516 1479 664 1535 caelo,
690 1490 740 1528 et
762 1497 911 1544 super
933 1480 1111 1528 throno
1138 1480 1346 1528 Sedens.
1368 1520 1374 1526 .

299 1570 342 1615 3.
392 1555 455 1603 Et
489 1556 681 1604 Sedens
716 1567 822 1605 erat
853 1556 1020 1604 similis
1053 1555 1256 1620 aspectu
1289 1555 1436 1620 lapidi
1460 1557 1637 1622 jaspidi
1670 1569 1717 1607 et

229 1631 404 1686 sardio,
422 1642 472 1680 et
496 1632 576 1680 iris
602 1633 824 1681 circuitus
847 1633 1008 1680 throni
1033 1631 1198 1680 similis
1217 1631 1418 1695 aspectu
1436 1635 1717 1699 smaragdo.

296 1722 341 1767 4.
391 1707 455 1755 Et
482 1709 660 1757 circum
690 1709 918 1757 thronum
947 1709 1107 1756 throni
1136 1709 1306 1773 viginti
1337 1719 1386 1756 et
1418 1720 1638 1772 quatuor,
1669 1721 1717 1758 et

227 1800 375 1847 super
398 1784 584 1833 thronis
605 1785 702 1833 vidi
726 1785 896 1850 viginti
921 1795 972 1833 et
997 1795 1206 1848 quatuor
1229 1785 1445 1833 seniores
1470 1785 1714 1840 sedentes,

228 1859 616 1909 circumamictos
641 1863 859 1910 vestibus
884 1861 1019 1916 albis,
1045 1871 1095 1909 et
1118 1861 1363 1909 habebant
1381 1879 1527 1925 super
1550 1862 1711 1925 capiti-

228 1937 320 1984 bus
344 1937 444 1985 suis
469 1955 672 1986 coronas
697 1956 884 1987 aureas.

297 2014 340 2061 5.
401 2014 465 2061 Et
501 2032 529 2063 e
575 2015 754 2063 throno
795 2015 1056 2078 prodibant
1093 2013 1280 2078 fulgura
1319 2024 1368 2061 et
1411 2014 1623 2062 tonitrua
1665 2025 1714 2063 et

227 2106 373 2137 voces
391 2108 399 2138 :
427 2101 477 2138 et
492 2102 682 2154 septem
698 2090 948 2154 lampades
965 2091 1090 2154 ignis
1103 2090 1328 2138 ardentes
1345 2107 1505 2137 coram
1522 2090 1712 2145 throno,

227 2182 355 2229 quae
379 2177 493 2214 sunt
517 2178 706 2230 septem
731 2168 924 2230 spiritus
951 2167 1059 2214 Dei.

295 2246 338 2291 6.
387 2244 450 2290 Et
473 2244 520 2291 in
546 2243 813 2307 conspectu
837 2244 996 2291 throni
1022 2260 1155 2291 mare
1176 2244 1382 2291 vitreum
1402 2242 1555 2291 simile
1581 2261 1708 2307 crys-

226 2318 352 2367 tallo.
425 2320 489 2367 Et
513 2320 560 2367 in
585 2320 748 2367 medio
772 2320 933 2367 throni
958 2330 1008 2367 et
1031 2320 1208 2367 circum
1244 2319 1471 2368 thronum
1508 2330 1715 2382 quatuor

226 2396 473 2444 Animalia
496 2396 640 2459 plena
664 2396 812 2444 oculis
836 2407 948 2444 ante
974 2407 1024 2444 et
1048 2407 1192 2444 retro.

195 2515 202 2536 ξ
295 2485 337 2532 7.
387 2473 450 2520 Et
486 2473 684 2521 Animal
720 2473 928 2536 primum
965 2472 1120 2520 simile
1156 2472 1311 2527 leoni;
1361 2483 1409 2520 et
1443 2472 1711 2521 secundum

226 2549 424 2596 Animal
444 2549 597 2597 simile
617 2535 791 2604 vitulo‘;
826 2559 876 2596 et
899 2549 1092 2596 tertium
1114 2548 1310 2596 Animal
1336 2549 1522 2596 habens
1542 2549 1711 2596 faciem

225 2626 347 2673 sicut
371 2626 547 2681 homo;
585 2636 633 2674 et
657 2636 884 2689 quartum
905 2625 1105 2673 Animal
1130 2624 1285 2672 simile
1310 2625 1498 2688 aquilae
1518 2624 1712 2673 volanti.

293 2703 336 2750 8.
386 2702 450 2749 Et
487 2712 697 2765 quatuor
733 2701 992 2755 Animalia,
1023 2701 1213 2765 singula
1250 2718 1337 2764 per
1374 2719 1442 2755 se,
1469 2701 1712 2748 habebant

225 2777 324 2826 alas
361 2796 450 2826 sex
489 2778 536 2825 in
577 2778 789 2832 circuitu,
829 2788 878 2825 et
915 2778 1043 2825 intus
1082 2777 1255 2840 plenae
1293 2787 1432 2825 erant
1469 2775 1629 2829 oculis,
1663 2786 1711 2823 et

225 2854 444 2917 requiem
471 2871 569 2901 non
599 2854 843 2901 habebant
872 2854 950 2901 die
981 2863 1030 2901 et
1055 2851 1214 2907 nocte,
1241 2853 1460 2907 dicentia,
1487 2850 1709 2906 Sanctus,

223 2929 434 2985 sanctus,
464 2929 662 2978 sanctus
694 2930 937 2977 Dominus
972 2930 1110 2977 Deus
1139 2929 1463 2992 omnipotens,
1494 2927 1575 2991 qui
1607 2937 1711 2975 erat

224 3017 273 3055 et
297 3007 379 3070 qui
404 3017 478 3054 est
501 3016 551 3054 et
574 3006 655 3069 qui
682 3016 927 3054 venturus.

242 1096 522 1279 POST
546 1097 667 1146 haec
692 1098 803 1151 vidi.
825 1109 874 1147 et
898 1116 1011 1147 ecce
1037 1099 1213 1147 ostium
1238 1109 1459 1162 apertum
1485 1099 1530 1146 in
1557 1099 1719 1147 caelo:
