2060 3476
258 323 343 377 264
671 330 1004 364 APOCALYPSIS
1036 329 1336 363 EXPLICATA.

326 448 349 462 ⁴⁸
361 446 461 479 Beati
475 445 569 478 servi
583 455 683 487 quos,
695 455 774 477 cum
789 445 927 477 venerit
941 444 1129 482 Dominus,
1142 444 1319 476 invenerit
1332 453 1395 475 eos
1407 442 1617 483 vigilantes;
1641 451 1746 475 amen

430 490 510 522 dico
534 489 648 527 vobis,
668 489 872 530 praecinget
901 488 956 526 Se,
983 494 1018 520 et
1045 488 1151 520 faciet
1178 493 1217 519 ut
1243 487 1483 524 discumbant,
1510 492 1546 518 et
1573 487 1746 518 accedens

430 533 647 565 ministrabit
663 533 754 564 illis·
747 557 837 565 .....
845 538 959 564 estote
977 532 1102 572 parati
1118 531 1202 572 quia
1214 541 1283 572 qua
1294 531 1384 562 hora
1400 539 1473 562 non
1488 530 1620 571 putatis
1638 529 1747 562 Filius

429 577 587 609 hominis
604 575 752 608 veniet'¹
770 575 842 617 (xii.
861 583 915 616 37,
928 575 1005 615 40);

255 673 325 713 hic
352 685 529 726 quoque
561 685 638 726 per
665 670 977 724 “vigilantes'’
1003 669 1320 722 intelliguntur
1350 669 1423 723 qui
1456 668 1748 722 spiritualiter

256 735 414 788 vigiles
447 741 565 783 sunt,
593 735 665 788 qui
698 741 802 775 sunt
834 735 906 788 qui
939 733 1216 787 spiritualem
1238 733 1378 773 vitam
1401 727 1427 772 a
1459 732 1657 772 Domino
1678 745 1748 773 re-

256 799 451 852 cipiunt;
493 811 597 839 nam
631 798 675 838 hi
712 799 756 838 in
790 797 936 838 lucem
965 796 1294 849 intelligentiae
1331 802 1378 836 et
1408 796 1656 848 sapientiae
1689 795 1746 838 de

255 863 428 903 Divinis
454 862 568 902 veris
591 861 776 902 veniunt
796 875 803 910 ;
837 868 884 901 at
910 861 983 914 qui
1006 873 1096 900 non
1118 860 1338 912 recipiunt
1362 865 1548 900 manent
1579 859 1623 899 in
1647 872 1745 899 um-

253 926 332 966 bra
350 932 395 966 et
419 925 608 978 caligine
631 924 687 965 de
705 924 804 972 illis,
824 938 959 977 quare
982 923 1026 964 hi
1048 928 1152 963 sunt
1175 923 1219 963 in
1242 935 1415 970 somn0,
1440 921 1503 962 illi
1526 929 1678 963 autem
1700 922 1745 963 in

253 988 430 1041 vigilia;
464 1002 542 1042 per
566 986 990 1041 “praecingereSe,
1015 986 1160 1027 facere
1193 992 1241 1026 ut
1268 986 1568 1034 discumbant,
1591 991 1638 1027 et
1669 999 1744 1027 ac-

255 1051 421 1092 cedens
470 1049 761 1098 ministrare‚‘'
799 1048 1076 1102 significatur
1118 1049 1448 1090 communicare
1494 1048 1580 1089 illis
1624 1049 1745 1089 bona

253 1114 379 1162 caeli,
403 1128 516 1168 quae
539 1114 688 1154 omnia
714 1120 818 1154 sunt
841 1127 867 1154 a
889 1112 1099 1153 Domino.
1160 1112 1298 1166 Apud
1319 1112 1615 1161 Matthaeunu

323 1214 479 1245 “Simile
504 1220 558 1245 est
587 1223 736 1254 regnum
764 1211 974 1255 [caelorum]
1001 1213 1122 1245 decem
1148 1213 1615 1254 virginibusz....quinque
1642 1218 1746 1245 erant

426 1258 619 1298 prudentes
637 1264 672 1289 et
689 1258 843 1298 quinque
860 1257 989 1289 stultae
1002 1268 1026 1289 z.
1041 1282 1049 1289 .
1063 1282 1070 1289 .
1085 1263 1263 1289 .m0rante
1281 1257 1422 1297 Sponso
1434 1257 1655 1288 dormierunt
1669 1256 1746 1287 om-

427 1311 490 1332 nes
507 1308 542 1332 et
555 1301 838 1332 dormitaverunt
851 1310 874 1339 ;.
890 1325 897 1333 .
911 1326 918 1332 .
933 1301 1011 1332 .sed
1025 1301 1191 1332 veniente
1206 1300 1358 1341 Sponso,
1375 1306 1604 1332 surrexerunt
1617 1309 1744 1331 omnes

427 1351 462 1381 et
485 1345 753 1376 adornaverunt
777 1345 959 1385 lampades
984 1343 1105 1376 suos.”
1154 1344 1197 1376 Et
1216 1353 1296 1375 cum
1314 1350 1490 1375 venerunt
1506 1344 1636 1375 stultae
1653 1353 1761 1384 quae,

427 1399 498 1420 non
525 1389 642 1419 oleum
667 1389 846 1419 habebant
870 1389 905 1419 in
930 1388 1164 1428 lampadibus,
1192 1394 1227 1419 et
1251 1388 1427 1426 dixerunt,
1451 1387 1651 1424 “Domine,
1673 1386 1745 1418 Do-

426 1433 521 1463 mine
534 1432 631 1472 aperi
647 1431 786 1469 nobis‚‘'
801 1432 984 1472 respondit
997 1432 1184 1469 Dominus,
1194 1433 1215 1446 ‘⁴
1229 1431 1317 1462 Dico
1331 1431 1443 1469 vobis,
1459 1430 1540 1462 Non
1556 1430 1641 1462 novi
1655 1440 1741 1463 vos:

426 1476 570 1516 vigilate
587 1476 716 1516 itaque,
737 1476 819 1516 quia
842 1485 957 1516 neque
981 1475 1079 1507 illum
1097 1475 1203 1511 diem,
1225 1485 1339 1516 neque
1363 1475 1461 1506 illam
1487 1475 1612 1506 horam
1630 1473 1740 1513 scitis,

425 1529 495 1561 qua
513 1519 621 1551 Filius
639 1519 795 1559 hominis
812 1519 910 1551 venit
922 1518 939 1531 '’
957 1519 1052 1559 (xxv.
1068 1516 1200 1559 [ΙΙΙ-13)
1215 1528 1222 1555 ;

251 1635 329 1674 per
353 1621 549 1661 “decem
574 1620 795 1673 virgines’
799 1619 1147 1673 ’intelliguntur
1173 1633 1330 1660 omnes
1357 1620 1430 1673 qui
1457 1619 1514 1660 ab
1536 1618 1740 1667 ecclesia,

251 1698 329 1737 per
349 1683 610 1737 “quinque'’
627 1683 942 1736 intelliguntur
959 1683 1139 1736 quidam
1161 1697 1220 1724 ex
1243 1682 1356 1734 illis;
1388 1683 1473 1724 hoc
1493 1682 1663 1722 numeri
1681 1681 1743 1723 illi

251 1746 534 1800 significant;
585 1760 663 1800 per
697 1750 721 1766 ‘⁴
739 1745 1001 1800 lampades'’
1033 1745 1342 1799 significantur
1378 1731 1455 1786 illa
1490 1759 1604 1799 quae
1641 1725 1742 1785 fidei

251 1816 370 1858 sunt,
387 1824 464 1863 per
481 1814 505 1829 “
519 1809 667 1850 oleum
680 1808 699 1823 ’'
716 1808 792 1849 illa
807 1823 919 1862 quae
934 1810 1122 1849 amoris:
1150 1809 1254 1850 inde
1268 1823 1346 1862 per
1362 1809 1592 1862 “quinque
1607 1809 1741 1861 virgi·

251 1887 331 1913 nes
354 1872 630 1926 prudentes”
647 1871 961 1925 intelliguntur
977 1872 1050 1926 qui
1072 1872 1115 1912 in
1138 1885 1291 1913 amore
1307 1879 1410 1913 sunt
1433 1878 1478 1913 et
1501 1871 1604 1912 inde
1626 1871 1740 1922 fide;

250 1950 328 1989 per
347 1936 577 1989 “quinque
595 1935 790 1976 stultas”
808 1942 974 1983 autem,
994 1936 1065 1989 qui
1084 1936 1126 1976 in
1146 1931 1453 1984 nullo'amore,
1474 1935 1552 1976 sed
1575 1936 1619 1975 in
1642 1935 1739 1976 sola

250 1997 362 2038 fide:
398 1999 441 2039 hi
467 1999 569 2052 quia
590 1999 633 2039 in
657 1998 779 2039 nulla
801 1999 894 2039 vita
916 1998 1132 2052 spirituali
1155 2005 1273 2046 sunt,
1300 1997 1423 2052 (nam
1447 1999 1539 2039 vita
1561 1999 1740 2052 spiritu-

248 2061 330 2101 alis
362 2069 431 2102 est
464 2061 550 2102 illis
582 2062 655 2115 qui
697 2062 739 2102 in
772 2075 924 2102 amore
956 2069 1001 2102 et
1039 2062 1262 2103 charitate
1294 2068 1423 2109 sunt,
1446 2063 1657 2116 quoniam
1695 2062 1740 2103 hi

247 2131 352 2165 sunt
370 2125 443 2178 qui
465 2125 508 2164 in
531 2124 652 2178 fide,)
674 2125 788 2173 ideo,
808 2125 909 2178 quia
931 2124 1102 2165 exclusi
1124 2130 1228 2165 sunt
1251 2139 1275 2165 e
1298 2124 1438 2174 caelo,
1458 2124 1544 2165 illis
1563 2125 1737 2173 dicitur,

250 2190 274 2207 ‘⁴
289 2187 402 2228 Dico
416 2188 557 2235 vobis,
570 2187 674 2228 Non
690 2188 793 2228 novi
807 2187 913 2228 voss
917 2187 1068 2228 Inde
1083 2188 1319 2228 manifeste
1334 2193 1462 2241 patet
1477 2188 1581 2242 quid
1600 2188 1739 2252 signi-

247 2249 403 2291 fleatur
429 2264 506 2303 per
534 2250 778 2303 “Vigilate
803 2251 968 2303 itaque,
996 2251 1098 2304 quia
1124 2264 1268 2304 neque
1299 2251 1424 2292 illum
1450 2251 1569 2292 diem
1595 2265 1740 2305 neque

247 2313 369 2353 illam
395 2313 550 2354 horam
574 2314 697 2354 scitis
724 2327 809 2366 qua
843 2313 979 2353 Filius
1011 2314 1202 2354 hominis
1234 2314 1397 2363 venit,''
1424 2315 1543 2368 quod
1575 2328 1739 2368 nempe

247 2382 296 2416 ut
322 2377 541 2429 recipiant
566 2377 706 2416 vitam
732 2376 1024 2430 spiritualem,
1040 2391 1165 2430 *quae
1197 2377 1283 2417 illis
1309 2384 1379 2418 est
1411 2378 1485 2431 qui
1516 2378 1559 2418 in
1585 2391 1738 2420 amore

246 2443 294 2477 et
319 2437 424 2478 inde
452 2436 540 2478 flde
570 2443 689 2478 sunt.
749 2449 828 2486 (Sed
842 2449 921 2478 haec
936 2449 1060 2486 plenius
1075 2449 1231 2487 explicata
1245 2450 1412 2479 videantur
1425 2450 1458 2479 in
1471 2450 1610 2479 Arcanis
1623 2451 1741 2480 Caeles·

246 2501 336 2535 tibus,
351 2510 383 2531 n.
398 2501 608 2540 4635-4638.)
666 2491 806 2544 Apud
831 2491 1010 2540 Lucam,

316 2590 502 2630 “Vigilate
527 2590 644 2630 igitur,
672 2591 770 2621 omni
796 2598 956 2631 tempore
980 2599 1136 2627 orantes.
1164 2598 1202 2624 ut
1229 2592 1327 2633 digni
1351 2593 1556 2625 habeamini
1580 2593 1739 2634 effugere

420 2634 620 2717 ῧέξιάῃίζῶῌει
637 2644 725 2675 quae
742 2634 861 2666 futura
874 2642 968 2672 sunt,
985 2642 1020 2667 et
1037 2642 1074 2667 ut
1087 2637 1292 2668 consistatis
1309 2646 1430 2668 coram
1446 2637 1537 2669 Filio
1550 2637 1707 2670 hominis
1719 2636 1740 2650 ’'

498 2702 504 2709 ·
588 2702 594 2715 ι

249 2774 474 2828 “vigilare
487 2774 506 2790 ’'
521 2775 660 2816 etiam
679 2775 749 2816 hic
771 2789 850 2829 pro
868 2777 1067 2830 recipere
1084 2777 1225 2818 vitam
1241 2777 1520 2831 spiritualem
1538 2791 1547 2828 ;
1574 2778 1736 2819 “omni

247 2844 453 2893 tempore
479 2851 605 2878 orare
617 2837 636 2853 '¹
663 2845 733 2879 est
759 2853 807 2879 se
834 2853 1115 2893 praeparare.
1178 2840 1230 2881 In
1257 2840 1546 2894 Apocalypsi,

316 2938 338 2950 ‘⁴
352 2935 440 2967 Ecce
457 2936 563 2967 venio
581 2935 671 2967 sicut
695 2936 774 2975 fur;
801 2938 925 2969 beatus
946 2938 1003 2979 qui
1022 2938 1144 2979 vigilat
1167 2945 1203 2971 et
1219 2945 1339 2971 servat
1357 2939 1571 2971 vestimenta
1594 2948 1669 2977 sua.
1689 2939 1736 2971 ne

423 2980 538 3012 nudus
555 2980 714 3012 ambulet
725 2980 743 2992 ’'
761 2980 845 3020 (xvi.
863 2981 936 3022 15);
