2060 3476
580 354 685 388 CAP.
708 355 794 396 111.‚
818 354 957 387 VERs.
985 354 1153 399 17.—N.
1178 344 1346 398 237[a].
1629 355 1712 399 359

213 481 327 521 gens
350 467 550 521 Judaica,
576 482 690 522 quae
716 468 912 509 habebat
939 467 1156 516 Verbum,
1183 468 1227 508 in
1253 481 1342 521 quo
1367 480 1526 508 omnes
1552 468 1710 520 cogni-

215 531 365 572 tiones
381 532 473 572 veri
491 537 537 572 et
559 531 664 572 boni
682 537 786 572 sunt
807 545 817 581 ;
850 545 928 584 per
947 534 970 551 ‘⁴
985 544 1223 584 purpuram
1242 545 1329 584 qua
1346 530 1558 571 indutus”
1575 530 1710 571 intel-

213 591 370 645 ligitur
386 593 634 646 genuinum
651 592 822 633 bonum
839 603 885 642 (n.
900 603 1007 641 9467),
1021 598 1068 633 e't
1086 605 1165 646 per
1182 595 1208 613 “
1220 591 1410 644 byssum
1422 591 1442 606 ''
1459 592 1709 644 genuinum

213 666 372 693 verum
398 663 444 700 (n,
467 670 557 701 5319.
573 664 663 701 9469,
678 663 768 700 9596,
784 663 878 701 9744)
896 666 905 703 ;
946 659 994 693 et
1029 666 1109 705 per
1141 656 1427 705 “pauperem
1458 650 1711 704 projectum

213 713 271 754 ad
296 713 569 755 vestibulum
595 714 688 767 ejus
700 714 720 727 ‘'
745 713 1063 767 intelliguntur
1088 720 1251 766 gentes
1284 727 1397 766 quae
1420 720 1550 754 erant
1577 720 1712 754 extra

215 775 455 817 ecclesiam
477 783 522 818 et
546 790 636 818 non
659 777 890 818 habebant
907 776 1126 824 Verbum,
1145 782 1191 817 et
1210 783 1364 816 tamen
1388 776 1710 817 desiderabant

215 853 322 879 vera
347 846 393 880 et
420 839 540 880 bona
566 839 677 880 caeli
699 846 745 880 et
772 839 1017 880 ecclesiae:
1046 839 1151 880 inde
1174 840 1311 880 etiam
1338 845 1467 892 patet
1490 839 1610 892 quod
1635 852 1712 892 per

217 903 451 943 “divites‘'
475 902 791 956 intelligantur
811 904 885 956 qui
907 903 1079 944 habent
1105 902 1323 951 Verbum,
1344 902 1532 956 proinde
1554 901 1711 954 cogni-

215 966 363 1019 tiones
389 966 481 1007 veri
507 972 554 1007 et
580 966 699 1014 boni,
727 967 940 1020 quoniam
971 966 1031 1007 ibi
1056 972 1174 1007 sunt.
1235 965 1302 1007 Ut
1329 979 1506 1019 quoque
1538 965 1582 1005 in
1608 978 1712 1018 pro-

215 1029 399 1083 phetico
425 1028 734 1077 Elisabethae,
758 1029 877 1082 apud
901 1028 1080 1078 Lucam,

312 1129 409 1161 Deus
429 1129 660 1161 “esurientes
677 1129 840 1170 implevit
857 1129 972 1168 bonis,
993 1134 1028 1161 et
1044 1128 1172 1160 divites
1189 1128 1308 1161 emisit
1325 1129 1450 1160 inanes
1462 1127 1480 1140 ’¹
1498 1127 1534 1165 (i.
1554 1129 1626 1168 53):

217 1229 241 1245 “
257 1225 506 1266 esurientes
518 1223 538 1239 ’'
559 1230 664 1265 sunt
690 1225 763 1278 qui
789 1224 1051 1266 desiderant
1077 1225 1376 1278 cognitiones,
1403 1224 1559 1278 quales
1585 1232 1713 1266 erant

215 1287 401 1335 Gentes,
423 1301 536 1341 quae
559 1287 864 1341 acceptabant
889 1288 1133 1328 Dominum
1156 1294 1202 1328 et
1225 1286 1479 1328 doctrinam
1501 1288 1558 1328 ab
1582 1288 1712 1341 Ipso;

215 1355 241 1371 “
253 1351 416 1392 divites
429 1350 448 1365 ”
461 1357 628 1399 autem,
640 1352 714 1404 qui
727 1351 898 1392 habent
912 1352 1197 1404 cognitiones
1210 1351 1314 1404 quia
1324 1350 1540 1400 Verbum,
1554 1352 1709 1405 quales

215 1420 344 1455 erant
371 1413 543 1467 Judaei,
571 1415 651 1455 sed
677 1414 750 1468 qui
782 1428 921 1468 usque
947 1428 1037 1455 non
1063 1413 1279 1455 volebant
1307 1415 1419 1455 scire
1444 1428 1551 1455 vera
1581 1415 1712 1464 inde;

214 1491 351 1532 quare
374 1491 458 1518 nec
480 1478 782 1531 acceptabant
809 1477 1055 1518 Dominum
1077 1483 1124 1518 et
1146 1475 1399 1518 doctrinam
1421 1478 1478 1518 ab
1504 1478 1636 1531 Ipso;
1669 1479 1713 1519 hi

213 1546 318 1582 sunt
353 1540 589 1581 “divites''
623 1541 697 1594 qui
738 1541 860 1581 missi
901 1547 1006 1582 sunt
1042 1541 1213 1590 inanes,
1248 1540 1311 1581 illi
1348 1546 1500 1582 autem
1539 1543 1712 1582 “esuri-

217 1610 347 1645 entes
360 1603 380 1619 ”
406 1604 479 1657 qui
505 1603 679 1657 impleti
706 1610 810 1645 sunt
836 1604 978 1645 bonis.

246 1706 253 1720 ,·
291 1673 500 1728 237[a].
538 1674 625 1715 “ft
658 1688 736 1715 ηοη
772 1675 859 1716 scis
893 1676 1002 1728 quod
1035 1679 1078 1716 tu
1111 1675 1172 1716 sis
1207 1675 1713 1729 aerumnosus.''—Quod

212 1736 438 1790 significet
463 1737 583 1790 quod
607 1750 691 1776 non
716 1737 861 1777 sciant
886 1737 1008 1790 quod
1020 1737 1154 1789 falsa
1178 1751 1327 1778 eorum
1350 1752 1446 1778 cum
1470 1738 1590 1778 veris
1615 1738 1713 1779 nul-

212 1799 304 1841 lam
332 1799 656 1840 cohaerentiam
685 1799 889 1848 habeant,
923 1806 1105 1842 constat
1142 1814 1202 1841 ex
1238 1800 1567 1853 significatione
1601 1805 1714 1842 “ae-

211 1862 435 1912 rumnae,”
461 1863 583 1916 quod
613 1864 671 1904 sit
702 1862 907 1904 infractio
932 1864 1024 1904 veri
1055 1877 1134 1917 per
1162 1863 1287 1912 falsa,
1315 1870 1363 1905 et
1388 1878 1565 1918 quoque
1592 1864 1715 1905 nulla

211 1926 502 1967 cohaerentia
519 1940 529 1977 ;
555 1926 660 1967 inde
678 1933 806 1980 patet
823 1927 928 1980 quid
947 1927 1214 1980 intelligitur
1231 1941 1309 1980 per
1323 1931 1348 1947 “
1361 1928 1715 1969 aerumnosum.’'

214 1988 351 2043 Quod
386 1990 503 2030 tales
540 1991 645 2039 sint,
678 1997 749 2031 est
781 1991 884 2044 quia
913 1989 1120 2031 do&rina
1139 2005 1305 2034 ‚eorum
1341 1991 1552 2032 fundatur
1583 2006 1715 2046 super

212 2051 388 2093 duobus
419 2053 646 2106 principiis
677 2052 812 2101 salsis,
841 2067 955 2106 quae
981 2059 1086 2094 sunt
1112 2053 1210 2094 sola
1241 2053 1352 2095 fides
1378 2061 1424 2095 et
1450 2054 1714 2107 justificatio

211 2129 290 2168 per
307 2114 432 2156 illam
450 2129 458 2156 :
492 2129 628 2169 quare
645 2115 756 2157 falsa
774 2116 879 2157 inde
896 2116 1037 2157 fluunt
1055 2117 1098 2157 in
1117 2118 1332 2158 continua
1349 2119 1462 2159 serie
1479 2132 1488 2168 ;
1521 2132 1572 2159 ac
1591 2133 1711 2167 vera,

211 2180 326 2231 quae
347 2192 406 2219 ex
430 2192 563 2220 sensu
589 2178 770 2221 litterae
793 2179 934 2221 Verbi
955 2180 1188 2221 adducunt
1210 2181 1268 2221 ad
1291 2180 1599 2222 confirmanda
1622 2182 1711 2229 illa.

211 2241 512 2295 infringuntur
541 2249 588 2283 et
619 2242 939 2294 falsificantur;
972 2250 1018 2285 et
1050 2243 1285 2285 falsificata
1317 2259 1422 2286 vera
1452 2246 1496 2286 in
1528 2260 1575 2286 se
1607 2253 1711 2287 sunt

211 2305 336 2346 falsa.
363 2347 367 2350 ,
400 2305 500 2347 Hoc
528 2306 795 2348 describitur
817 2307 971 2348 multis
997 2308 1040 2348 in
1067 2307 1177 2348 locis
1203 2308 1246 2348 in
1274 2308 1443 2358 Verbo,
1467 2323 1518 2350 ac
1545 2310 1712 2351 intelli-

212 2369 334 2422 gitur
356 2382 434 2422 per
458 2370 722 2410 “vanitates
735 2370 754 2384 ‘'
777 2384 888 2424 quas
909 2371 1159 2424 prophetae
1182 2371 1352 2420 vident,
1377 2379 1422 2413 et
1445 2386 1524 2426 per
1548 2377 1572 2392 “
1587 2387 1712 2414 men-

212 2431 372 2472 dacia”
394 2445 508 2485 quae
535 2431 803 2486 loquuntur;
837 2440 934 2474 tum
956 2433 1225 2474 describitur
1247 2449 1325 2488 per
1349 2439 1593 2489 “rupturas
1617 2451 1712 2478 mu-

213 2493 396 2541 rorum'’
410 2501 457 2535 et
474 2499 499 2514 “
513 2495 766 2544 domuum,‘’
788 2510 927 2550 usque
945 2503 993 2537 ut
1012 2497 1179 2538 cadant
1196 2511 1205 2537 2
1239 2499 1405 2551 pariter
1426 2513 1504 2552 per
1524 2503 1548 2519 “
1562 2500 1714 2541 idola”

214 2563 261 2598 et
290 2557 591 2611 “sculptilia,’‘
615 2572 729 2612 quae
755 2560 919 2600 artifex
950 2560 1056 2600 facit
1088 2559 1390 2602 etconnefftit
1423 2576 1501 2615 per
1527 2555 1713 2604 catenas

179 2668 186 2674 ⁶
212 2627 261 2661 ut
284 2620 584 2662 cohaereant:
617 2635 696 2675 per
715 2622 906 2663 “idola'’
928 2624 1047 2663 enim
1069 2629 1115 2664 et
1141 2624 1436 2678 “sculptilia”
1453 2626 1711 2678 significan-

212 2690 285 2725 tur
314 2683 427 2724 falsa
457 2682 716 2735 doctrinam
752 2685 957 2727 similiter
987 2690 1343 2741 per-“rupturas
1375 2702 1602 2730 murorum
1615 2690 1634 2704 ‘’
1665 2697 1711 2731 et

214 2747 469 2788 “domuum
488 2746 522 2798 ;‘'
562 2748 729 2801 pariter
760 2762 838 2801 per
871 2749 1157 2802 “prophetas
1189 2751 1262 2804 qui
1294 2751 1450 2792 vident
1482 2754 1708 2793 vanitates

212 2816 259 2851 et
277 2809 521 2864 loquuntur
535 2810 771 2852 mendacia
781 2811 801 2826 ”
817 2810 917 2865 (per
932 2815 958 2832 “
972 2813 1216 2866 prophetas
1229 2814 1247 2828 ’'
1262 2815 1380 2855 enim
1395 2815 1712 2869 intelliguntur

211 2871 460 2922 doctrinae,
494 2886 572 2926 per
605 2874 901 2915 “vanitates”
932 2875 1042 2916 talia
1072 2890 1186 2930 quae
1218 2877 1380 2917 nullius
1411 2879 1473 2918 rei
1509 2885 1627 2926 sunt,
1662 2886 1707 2920 et

212 2949 292 2990 per
316 2936 620 2977 “mendacia''
642 2936 772 2991 falsa)
792 2951 800 2978 :
834 2938 914 2979 sed
937 2939 1039 2992 quia
1063 2939 1173 2980 haec
1197 2947 1504 2980 memorantur
1530 2940 1709 2994 perplu—

211 2999 331 3040 ribus
365 3001 409 3040 in
447 2999 557 3041 locis
593 3000 638 3040 in
670 3000 840 3051 Verbo,
873 3015 963 3043 non
999 3009 1188 3054 possunt
1221 3003 1280 3044 ob
1310 3004 1486 3053 copiam
1519 3003 1708 3053 adduci;
