2060 3476
339 324 421 367 602
750 335 1080 370 APOCALYPSIS
1110 338 1407 371 EXPLICATA.

407 446 503 479 Deus
513 448 540 522 1⁴⁴
551 447 714 531 engudii3t
725 457 849 480 vocem
859 458 988 487 meam,
1001 449 1151 482 redimet
1159 459 1238 482 cum
1249 460 1335 491 pace
1348 450 1504 482 animam
1518 459 1633 481 meam
1643 446 1664 463 ''
1673 448 1805 488 (Psalm

527 501 560 522 v.
579 499 594 521 1
622 516 629 528 ,
650 499 688 532 19
715 500 722 530 ;
1333 500 1344 511 ·

342 576 629 617 “redimere'‘
654 591 735 630 pro
761 577 960 619 liberare.
1021 578 1159 632 Apud
1185 579 1391 627 eundem,

409 664 430 677 ‘⁴
441 662 578 695 Canam
590 664 671 695 Tibi
682 665 828 704 cithara,
842 664 971 697 Sancte
987 666 1143 704 Israelis,
1157 666 1352 698 laudabunt
1364 666 1461 698 labia
1471 676 1552 698 mea
1555 690 1647 705 .....
1655 671 1691 698 et
1703 666 1822 698 anima

514 717 593 739 mea
609 717 715 749 quam
732 709 943 741 redemisti''
961 709 1103 749 (Psalm.
1120 710 1203 741 lxxi.
1223 707 1310 751 [22,]
1330 709 1404 751 23);

343 792 599 834 “redimere
630 795 824 835 animam
838 795 856 810 ”
889 808 968 848 pro
1001 795 1187 836 liberare
1219 809 1245 835 a
1274 794 1423 846 falsis3
1455 809 1533 848 per
1561 795 1791 835 “animam
1803 794 1822 809 ''

341 856 459 895 enim
496 857 540 896 in
567 856 722 897 Verbo
758 857 1040 910 *significatur
1074 859 1177 898 vita..
1202 857 1317 907 fidei,
1354 864 1401 899 et
1440 871 1518 911 per
1556 857 1699 898 “cor''
1729 858 1823 898 vita

340 919 531 969 amoris;
578 932 713 972 quare
755 921 1011 961 “redimere
1047 920 1272 961 animam''
1308 920 1530 974 significat
1568 920 1757 961 liberare
1796 934 1822 961 a

339 979 459 1021 falsis
485 987 531 1022 et
557 981 663 1022 dare
689 982 830 1022 vitam
856 981 972 1023 fidei.
1032 982 1169 1036 Apud
1195 983 1400 1033 eundem,

409 1069 593 1101 “Redime
621 1079 678 1101 me
705 1070 751 1101 ab
779 1071 1016 1110 oppressione
1043 1071 1212 1109 hominis,
1242 1077 1281 1103 ut
1306 1071 1506 1103 custodiam
1534 1071 1704 1104 mandata
1733 1071 1822 1104 tua”

513 1111 658 1152 (Psalm.
673 1113 763 1145 cxix.
781 1114 855 1154 134)
869 1123 876 1152 ;

343 1199 598 1241 “redimere
639 1201 696 1241 ab
732 1202 1022 1254 oppressione
1058 1201 1279 1242 hominis''
1314 1201 1535 1255 significat
1571 1202 1756 1243 liberare
1796 1217 1823 1244 a

340 1261 461 1302 salsis
492 1263 610 1312 mali,
641 1263 846 1304 “homo’'
872 1265 990 1305 enim
1013 1264 1236 1318 significat
1266 1264 1547 1306 affeffionem
1573 1266 1664 1306 veri
1695 1266 1820 1319 spiri-

340 1325 508 1366 tualem
540 1332 586 1367 et
618 1326 720 1367 inde
753 1327 1034 1380 sapientiam,
1069 1334 1115 1368 et
1151 1328 1194 1368 in
1227 1328 1437 1381 opposito
1469 1341 1616 1376 sensu,
1649 1334 1698 1369 ut
1733 1328 1820 1376 hic,

340 1389 592 1442 cupidinem
620 1389 716 1430 falsi
748 1395 794 1431 et
826 1390 929 1430 inde
955 1391 1201 1442 insaniam;
1237 1390 1534 1444 “oppressio”
1561 1390 1652 1443 ejus
1683 1391 1821 1444 signi-

340 1450 443 1491 ficat
470 1450 821 1493 destructionem
846 1453 937 1493 veri
963 1467 1041 1506 per
1065 1453 1186 1494 falsa.
1245 1452 1383 1507 Apud
1409 1453 1614 1503 eundem,

410 1548 431 1561 ‘⁸
446 1546 488 1579 In
502 1557 648 1579 manum
658 1554 756 1580 tuam
771 1549 1032 1584 commendabo
1044 1550 1208 1590 spiritum
1218 1560 1336 1582 meum
1350 1560 1357 1589 ;
1375 1551 1580 1583 redemeras
1591 1560 1648 1582 me
1659 1550 1821 1593 Jehovah

515 1591 611 1623 Deus
629 1592 789 1624 veritatis
799 1592 817 1604 ''
834 1592 979 1633 (Psalm.
996 1594 1090 1626 xxxi.
1108 1594 1128 1624 6
1150 1592 1208 1636 [B.
1224 1595 1270 1626 A.
1289 1592 1358 1635 5]);

342 1678 596 1734 “redimere
610 1679 629 1694 ”
666 1693 746 1733 pro
786 1680 975 1722 liberare
1014 1695 1041 1722 a
1078 1681 1198 1722 falsis
1229 1689 1275 1722 et
1311 1682 1549 1723 reformare
1580 1695 1658 1736 per
1688 1696 1820 1734 vera;

340 1741 443 1795 quia
473 1741 558 1782 hoc
595 1755 674 1795 per
707 1743 962 1784 “redimere
975 1743 994 1758 ''
1025 1743 1314 1796 significatur,
1347 1745 1449 1786 ideo
1485 1746 1621 1786 etiam
1662 1745 1822 1786 dicitur

341 1804 580 1857 “jehovah
606 1805 728 1845 Deus
755 1806 994 1847 veritatis.'’
1053 1806 1190 1860 Apud
1216 1808 1421 1857 eundem,

408 1901 429 1915 ‘⁴
441 1900 512 1938 In‚’'
529 1907 754 1942 peccatorum
770 1902 967 1933 “manibus
981 1901 1131 1940 facinus,
1146 1908 1182 1934 et
1193 1903 1319 1934 dextra
1332 1912 1455 1934 eorum
1467 1903 1573 1944 plena
1584 1909 1639 1935 est
1651 1912 1799 1934 munere
1813 1912 1821 1942 ;

499 1955 579 1986 ego
587 1954 674 1995 yero
688 1945 724 1976 in
733 1945 936 2028 {ntegritgite
950 1955 1030 1976 mea
1043 1945 1181 1984 incedo,
1195 1946 1329 1978 redime
1337 1952 1373 1978 et
1386 1947 1554 1978 miserere
1567 1945 1663 1978 mei''
1672 1946 1818 1986 (Psalm.

511 1998 607 2021 xxv1.
627 1997 676 2026 10,
696 1997 732 2020 11
763 1998 770 2027 ;

339 2076 625 2118 “redimere”
650 2090 730 2130 pro
757 2077 942 2119 liberare
968 2091 994 2118 a
1018 2077 1138 2118 salsis
1164 2084 1210 2119 et
1235 2078 1486 2119 reformare.
1545 2078 1683 2132 Apud
1710 2091 1818 2119 eun-

338 2138 457 2188 dem,

406 2228 471 2260 “A
488 2228 572 2260 dolo
589 2234 624 2260 et
639 2228 812 2260 violentia
829 2229 980 2260 redimet
996 2229 1154 2260 animam
1171 2239 1306 2267 eorum,
1327 2235 1361 2261 et
1385 2229 1563 2270 pretiosus
1580 2230 1647 2261 erit
1671 2230 1819 2270 sanguis

512 2282 636 2303 eorum
661 2272 697 2303 in
715 2272 827 2303 oculis
846 2272 974 2312 Ipsius,
995 2278 1030 2303 et
1046 2273 1143 2304 vivet
1166 2278 1201 2304 et
1224 2273 1323 2304 dabit
1347 2273 1398 2304 illi
1422 2273 1465 2304 de
1489 2283 1577 2304 auro
1597 2273 1766 2311 Schebae,
1786 2279 1821 2305 et

511 2315 626 2347 orabit
642 2325 707 2355 pro
721 2316 783 2347 illo
795 2315 938 2356 jugiter,
950 2316 1049 2347 omni
1062 2316 1119 2347 die
1132 2316 1319 2348 benedicet
1333 2316 1383 2347 illi
1393 2316 1410 2328 ’⁵
1424 2315 1568 2356 (Psalm.
1581 2317 1678 2349 lxxii.
1694 2316 1819 2356 14,15);

336 2402 486 2455 agitur
509 2401 580 2442 hic
612 2402 668 2442 de
696 2402 927 2455 “egenis‚”
953 2416 1031 2456 per
1058 2416 1169 2456 quos
1200 2402 1509 2456 significantur
1539 2405 1613 2458 qui
1644 2405 1819 2446 deside-

336 2471 439 2506 rant
464 2479 570 2506 vera
599 2479 658 2505 ex
690 2464 925 2507 affectione
957 2466 1200 2519 spirituali;
1236 2467 1291 2507 de
1322 2466 1391 2507 his
1422 2467 1584 2508 dicitur
1608 2469 1728 2522 quod
1757 2473 1820 2511 “a

337 2528 444 2570 dolo
470 2534 516 2569 et
542 2528 757 2569 violentia
781 2529 973 2570 redimet
999 2530 1194 2570 animam
1221 2529 1413 2579 eorum‚'’
1432 2538 1513 2584 'per
1537 2532 1656 2585 quod
1681 2533 1819 2586 signi-

336 2590 495 2632 ficatur
535 2590 742 2631 liberatio
782 2605 808 2631 a
848 2591 976 2632 malis
1022 2598 1068 2633 et
1113 2592 1233 2633 falsis
1275 2607 1387 2646 quae
1424 2593 1660 2634 destruunt
1700 2595 1820 2636 bona

336 2654 501 2694 amoris
527 2659 573 2694 et
599 2667 704 2694 vera
735 2653 863 2705 fidei;
897 2655 1098 2708 receptio
1130 2655 1279 2696 Divini
1305 2655 1413 2696 Veri
1444 2656 1501 2696 ab
1531 2656 1617 2697 illis
1649 2658 1818 2711 signifi-

337 2722 465 2757 catur
490 2730 568 2769 per
596 2717 854 2769 “pretiosus
880 2718 963 2758 erit
990 2718 1171 2770 sanguis
1197 2731 1350 2758 eorum
1380 2719 1425 2759 in
1451 2719 1592 2760 oculis
1624 2720 1768 2773 Ipsius
1786 2721 1819 2771 ;'’

336 2779 595 2819 reformatio
622 2792 774 2819 eorum
801 2779 1067 2820 describitur
1092 2793 1169 2833 per
1195 2781 1314 2833 quod
1343 2782 1504 2822 “vivet
1530 2788 1577 2822 et
1603 2782 1730 2824 dabit
1755 2783 1818 2824 illi

335 2841 393 2882 de
418 2846 525 2882 auro
551 2841 770 2890 Schebae,
796 2848 842 2882 et
869 2842 1013 2882 orabit
1039 2856 1119 2895 pro
1140 2842 1217 2883 illo
1237 2842 1417 2896 jugiter,
1441 2845 1563 2885 omni
1584 2845 1655 2886 die
1680 2845 1816 2887 bene-

336 2903 458 2945 dicet
479 2903 542 2944 illi
560 2904 594 2954 ;’'
628 2907 819 2944 “aurum
842 2904 1077 2946 Schebae’'
1099 2911 1168 2946 est
1190 2905 1358 2946 bonum
1381 2906 1629 2956 charitatis,
1652 2911 1817 2948 “orare

335 2979 416 3020 pro
451 2966 530 3008 illo
561 2966 755 3020 jugiter‘'
787 2967 1010 3020 significat
1041 2968 1160 3022 quod
1196 2969 1411 3009 continuo
1442 2969 1762 3011 detinebuntur
1791 2984 1817 3011 a
