2060 3476
249 343 332 384 268
492 339 494 341 ’
663 349 994 383 APOCALYPSIS
1026 347 1323 383 EXPLICATA.

249 469 296 504 et
322 462 554 504 Observa.”
612 472 725 512 (Quod
738 473 886 511 sapientis
900 473 938 502 sit
953 473 1058 502 videre
1073 477 1104 502 et
1117 473 1279 511 percipere
1294 481 1405 502 verum
1424 480 1464 501 ex
1482 472 1554 502 luce
1568 471 1658 507 caeli,
1673 480 1742 502 non

248 526 356 551 autem
372 521 559 551 confirmare
574 522 662 559 quod
675 522 717 551 ab
737 521 805 551 aliis
820 521 942 550 dicium
956 526 1012 556 est,
1027 521 1172 551 videatur
1185 530 1216 551 n.
1234 529 1321 557 1017,
1336 528 1426 558 4741,
1441 528 1531 557 7012¹
1546 520 1636 556 7680,
1650 527 1741 558 7950.

249 567 347 604 Quod
361 567 467 596 videre
482 571 513 596 et
526 567 687 604 percipere
701 575 811 596 verum
826 575 865 595 ex
886 566 957 595 luce
978 566 1056 596 caeli
1077 567 1180 595 solum
1202 566 1295 595 detur
1308 565 1395 602 apud
1408 564 1478 594 illos
1493 564 1547 602 qui
1567 569 1676 594 amant
1689 573 1743 594 ve-

248 620 319 641 rum
334 612 409 649 quia
423 616 469 641 est
482 620 603 646 verum,
618 611 752 650 proinde
767 611 821 649 qui
835 611 867 640 in
882 611 1051 641 affeetione
1062 611 1126 640 veri
1141 610 1292 648 spirituali
1304 614 1386 644 sunt.
1399 618 1430 639 n.
1446 611 1535 647 8521.
1578 608 1676 646 Quod
1686 609 1742 638 lux

247 656 498 686 confirmationis
511 657 550 686 sit
563 657 619 686 lux
633 656 783 686 naturalis
797 660 828 686 et
842 665 908 685 non
922 656 1098 694 spiritualis,
1114 655 1227 685 dabilis
1242 655 1335 684 etiam
1351 655 1438 693 apud
1452 654 1563 690 malos,
1578 662 1610 683 n.
1626 654 1730 693 8780.)

327 720 451 762 191.
489 710 576 750 “ft
606 708 1040 763 reslpisce.”——Quod
1075 708 1297 762 significet
1327 707 1394 749 sic
1420 707 1565 748 vitam
1594 706 1738 759 'spiri—

248 771 423 821 tualem,
458 778 641 813 constat
678 786 738 813 ex
774 771 861 812 illis
893 785 1007 825 quae
1044 783 1161 811 nunc
1199 783 1332 823 supra
1368 767 1489 810 dicta
1525 775 1644 818 sunt,
1676 769 1742 810 ita

248 834 418 890 absque
446 834 658 879 ulteriore
685 834 1007 888 explicatione.

327 913 452 955 192.
491 903 574 943 “Si
597 915 698 956 erqo
725 916 803 943 non
834 899 1295 955 vigilavertk.''—Quod
1326 899 1550 953 significet
1583 899 1629 941 si
1657 912 1741 940 non

248 964 388 1005 vitam
412 964 694 1017 spiritualem
717 970 958 1017 compares,
987 969 1172 1004 constat
1195 976 1255 1003 ex
1277 961 1609 1015 significatione
1638 960 1740 1001 “vi-

249 1027 431 1081 gilare‚'’
463 1028 583 1082 quod
610 1029 668 1069 sit
689 1028 836 1069 vitam·
854 1026 1134 1081 spiritualem
1157 1026 1526 1079 sibi'comparare
1551 1022 1628 1076 (de
1647 1036 1743 1078 qua

249 1105 395 1144 supra,
421 1104 462 1131 n.
492 1090 604 1145 187).

327 1167 539 1222 193[a].
574 1167 764 1208 “Veniam
783 1180 909 1220 supet·
922 1171 963 1208 te
983 1170 1174 1220 tanquam
1195 1164 1498 1218 inest—Quod
1516 1162 1741 1218 significet

248 1229 404 1270 mortis
426 1235 595 1282 tempus
617 1229 892 1282 inopinatum
913 1228 1087 1283 quanda
1106 1228 1353 1281 eripientur
1367 1240 1512 1268 omnes
1534 1224 1741 1279 cognitio-

248 1306 323 1333 nes
347 1299 629 1345 comparatae
651 1307 708 1333 ex
738 1292 878 1334 Verbo
902 1306 1014 1346 quae
1037 1305 1120 1332 non
1145 1290 1424 1344 spiritualem
1449 1289 1589 1330 vitam
1611 1289 1743 1341 adep-

248 1361 319 1396 tae
338 1362 454 1405 sunt,
489 1363 673 1397 constat
706 1370 765 1397 ex
797 1355 1130 1410 significatione
1164 1354 1354 1395 “venire
1386 1359 1604 1407 tanquam
1636 1351 1742 1400 sur‚’'

249 1432 350 1459 cum
382 1419 438 1460 de
470 1419 557 1460 illis
590 1420 662 1473 qui
686 1433 777 1460 non
799 1419 1007 1473 vigilant,
1030 1418 1118 1459 hoc
1142 1423 1228 1466 est,
1253 1417 1327 1471 qui
1358 1430 1447 1457 non
1473 1421 1742 1469 comparant

249 1482 331 1522 sibi
362 1483 503 1523 vitam
536 1481 830 1536 spiritualem,
854 1481 976 1536 quod
1008 1482 1065 1522 sit
1102 1480 1223 1535 quod
1255 1479 1535 1520 auferrentur
1566 1478 1624 1518 ab
1654 1477 1742 1518 illis

249 1558 406 1586 omnes
439 1546 726 1599 cognitiones
758 1551 1052 1599 comparatae
1084 1558 1144 1585 ex
1170 1543 1326 1584 Verbo
1351 1556 1465 1596 quae
1497 1554 1588 1582 non
1615 1541 1742 1594 spiri-

249 1607 418 1648 tualem
442 1609 582 1649 vitam
606 1609 800 1662 adeptae
823 1614 940 1648 sunt.
994 1606 1128 1660 Quod
1152 1607 1290 1647 etiarn
1322 1619 1400 1659 per
1423 1604 1582 1645 eadem
1605 1604 1743 1644 verba

251 1670 528 1724 significetur
551 1672 708 1712 mortis
731 1677 911 1724 tempus
933 1671 1230 1724 inopinatum,
1255 1675 1325 1710 est
1349 1668 1452 1722 quia
1474 1681 1595 1708 mors
1617 1666 1742 1707 venit

249 1733 497 1787 inopinam,
515 1740 562 1775 et
580 1748 720 1787 usque
737 1733 876 1774 homo
899 1739 1002 1787 post
1027 1739 1222 1773 mortem
1241 1737 1397 1772 manet
1416 1732 1460 1771 in
1477 1736 1603 1771 statu
1624 1729 1742 1770 illius

248 1797 369 1837 vitae
399 1797 442 1838 in
469 1804 701 1839 aeternum
730 1810 863 1851 quam
896 1797 978 1838 sibi
1010 1798 1054 1837 in
1086 1795 1255 1836 mundo
1281 1795 1589 1848 comparavit;
1632 1806 1742 1847 qua-

248 1866 434 1913 propter
450 1860 669 1914 vigilabit.
735 1860 851 1914 Quia
869 1860 1022 1914 paucis
1040 1865 1198 1900 notum
1217 1865 1287 1899 est
1310 1857 1429 1912 quod
1449 1870 1607 1898 omnes
1630 1869 1741 1909 cog-

250 1923 445 1964 nitiones
468 1929 760 1977 comparatae
783 1938 842 1964 ex
862 1923 1031 1971 Verbo,
1052 1936 1166 1976 quae
1189 1935 1279 1962 non
1303 1919 1582 1974 spiritualem
1600 1920 1742 1960 vitam

248 1986 442 2039 adeptae
475 1993 594 2036 sunt,
628 1988 886 2040 eripiantur,
920 1987 1022 2027 ideo
1054 1991 1238 2039 oportet
1272 1984 1359 2024 dici
1390 1983 1621 2037 quomodo
1653 1982 1740 2023 hoc

249 2048 297 2090 fit
315 2049 552 2091 :—Omnia
573 2064 687 2104 quae
709 2051 753 2091 in
777 2051 934 2104 spiritu
961 2049 1156 2089 hominis
1180 2053 1299 2096 sunt,
1325 2052 1512 2088 manent
1535 2046 1655 2099 apud
1687 2045 1742 2086 il-

250 2112 341 2153 lum
359 2113 403 2153 in
426 2120 662 2154 aeternum
683 2128 692 2165 ;
726 2127 839 2167 quae
862 2119 1014 2154 autem
1039 2125 1129 2153 non
1153 2112 1196 2152 in
1220 2111 1378 2164 spiritu
1401 2109 1596 2150 hominis
1619 2110 1740 2159 sunt,

249 2175 326 2216 illa
348 2182 451 2229 post
475 2182 685 2225 mortem,
711 2189 813 2217 cum
842 2176 980 2217 homo
1002 2174 1052 2216 fit
1085 2175 1282 2228 spiritus,
1308 2174 1595 2226 dissipantur.
1658 2171 1744 2213 Illa

250 2245 437 2280 manent
468 2240 512 2280 in
540 2240 697 2293 spiritu
726 2239 921 2279 hominis
953 2252 1067 2292 quae
1100 2237 1240 2278 homo
1267 2250 1326 2277 ex
1359 2250 1421 2284 se,
1447 2236 1635 2289 proinde
1666 2235 1745 2276 illa

250 2315 380 2355 quae,
409 2315 510 2342 cum
543 2302 665 2343 solus
699 2302 782 2342 sibi
817 2301 912 2350 fuit,
947 2315 1006 2342 ex
1040 2314 1120 2341 suo
1153 2313 1307 2340 amore
1345 2299 1568 2352 cogitavit
1587 2313 1594 2349 ;
1634 2305 1741 2340 tunc

251 2365 369 2405 enim
393 2366 573 2418 spiritus
596 2364 688 2418 ejus
707 2365 882 2417 cogitat
901 2379 960 2405 ex
983 2378 1045 2412 se,
1066 2370 1112 2404 et
1136 2376 1226 2403 non
1250 2376 1308 2402 ex
1338 2361 1425 2402 illis
1444 2375 1559 2415 quae
1581 2362 1624 2402 in
1648 2375 1743 2402 me·-

251 2428 391 2468 mo'ria
413 2429 612 2482 corporis
636 2428 700 2469 sui
723 2441 814 2468 non
837 2441 973 2468 unum
995 2427 1165 2468 faciunt
1188 2438 1290 2466 cum
1312 2438 1466 2466 amore
1488 2438 1581 2465 suo.
1628 2423 1743 2466 Sunt

250 2491 341 2532 bini
360 2497 508 2532 status
527 2491 735 2539 hominis,
755 2504 867 2531 unus
885 2503 987 2531 cum
1006 2489 1182 2542 cogitat
1202 2502 1260 2529 ex
1279 2501 1359 2528 suo
1377 2481 1548 2541 spiritu,
1566 2493 1612 2528 et
1628 2487 1745 2528 alter

252 2568 355 2595 cum
373 2555 549 2607 cogitat
567 2568 626 2594 ex
649 2554 866 2595 memoria
884 2553 1084 2607 corporis
1103 2553 1168 2592 sui
1185 2566 1193 2602 ;
1227 2552 1300 2605 qui
1322 2551 1414 2592 bini
1432 2556 1580 2591 status
1598 2551 1634 2591 si
1652 2563 1743 2591 non

252 2630 388 2658 unum
410 2617 592 2666 faciunt,
617 2623 772 2670 potest
799 2616 938 2657 homo
960 2615 1092 2656 aliter
1113 2615 1318 2667 cogitare
1343 2627 1512 2662 secum,
1536 2627 1587 2654 ac
1612 2613 1744 2654 aliter

253 2682 457 2735 cogitare
483 2687 530 2721 et
564 2680 685 2734 loqui
712 2693 814 2721 curn
840 2679 950 2720 aliis.
1013 2679 1097 2719 Pro
1124 2677 1339 2731 exemplo
1371 2678 1428 2718 sit
1460 2677 1745 2731 praedicator

252 2745 326 2798 qui
347 2758 396 2785 se
414 2750 460 2785 et
482 2743 697 2784 mundum
717 2750 848 2797 supra
866 2743 1016 2783 omnia
1034 2748 1172 2790 amat,
1193 2747 1239 2782 et
1259 2741 1471 2781 Divinum
1490 2739 1615 2780 nihili
1637 2739 1743 2779 facit

254 2821 393 2861 usque
415 2813 464 2847 ut
483 2807 618 2847 corde
638 2813 777 2859 neget
801 2806 858 2854 id,
879 2812 925 2846 et
944 2810 1277 2859 consequenter
1295 2803 1582 2844 machinatur
1597 2802 1743 2842 omnis

253 2871 432 2924 generis
456 2869 575 2910 mala
601 2870 644 2909 in
671 2869 902 2909 consortio
924 2881 1026 2909 curn
1049 2868 1212 2908 astutis
1234 2873 1281 2907 et
1304 2865 1539 2907 malitiosis
1562 2864 1742 2914 mundi;

253 2935 290 2974 is
304 2940 458 2974 tamen
474 2933 655 2986 quando
670 2946 771 2973 cum
789 2932 886 2972 aliis
906 2931 1115 2985 loquitur,
1132 2930 1348 2983 imprimis
1366 2928 1547 2982 quando
1566 2927 1743 2981 praedi-

254 3003 342 3046 cat,
360 3002 513 3050 potest
530 2996 645 3036 sicut
660 3009 719 3036 ex
735 2994 832 3035 zelo
848 3008 928 3048 pro
944 2994 1108 3034 Divino
1122 3005 1174 3034 ac
1190 3006 1270 3047 pro
1287 2991 1459 3032 Divinis
1474 2991 1590 3032 veris
1607 2989 1741 3044 loqui,
