2060 3476
691 367 798 400 CAP.
821 367 881 409 v.,
904 367 1044 401 VERS.
1063 357 1214 400 6.—N.
1239 357 1398 413 316[c].
1713 368 1733 412 5
1741 368 1794 412 59

294 479 414 521 diem
425 479 548 534 ”quo
564 480 766 531 feriebat,
783 480 1095 535 significa-ntur
1110 481 1232 523 bona
1249 487 1295 523 et
1313 495 1420 522 vera
1436 495 1550 535 quae
1568 480 1791 535 recipiunt

293 543 358 585 illi
383 545 457 598 qui
488 545 532 585 in
559 544 785 586 charitate
810 551 857 586 et
882 545 988 586 inde
1013 544 1104 586 fide
1130 551 1250 594 sunt,
1278 558 1358 599 per
1384 558 1499 599 quae
1524 545 1790 598 dispergunt

293 606 415 648 mala
453 613 500 648 et
540 607 682 648 salsa:
728 621 808 662 per
846 611 872 628 “
887 607 1061 648 hircum
1102 607 1377 662 caprarum,”
1414 607 1534 661 quod
1574 607 1789 648 “venerit

295 668 373 724 [ab
394 670 655 725 occidente]
683 685 817 725 super
836 671 973 712 facies
995 672 1143 715 omnis
1168 671 1356 720 terrae‚’'
1378 670 1657 724 significatur
1678 670 1790 712 fides

292 741 504 787 separata
529 748 556 775 a
581 734 806 776 charitate
827 734 1016 776 oriunda
1041 749 1068 775 a
1091 734 1215 776 malo
1237 735 1384 785 vitae;
1421 734 1608 775 “hircus
1630 747 1788 788 capra-

290 797 420 838 rum'’
441 804 512 839 est
534 798 612 839 illa
634 798 758 848 fides,
782 798 1064 840 “occidens’'
1085 804 1157 840 est
1179 798 1349 839 malum
1371 799 1508 846 vitae,
1527 804 1575 839 et
1600 801 1758 840 “terra
1770 798 1789 814 ”

290 866 361 901 est
376 861 593 902 ecclesia:
618 862 739 916 quod
757 862 828 903 “ei
846 875 986 903 cornu
1000 860 1209 916 aspeRus
1223 862 1341 903 inter
1354 861 1551 910 oculos,”
1562 862 1787 917 significat

290 923 409 976 quod
433 938 492 965 ex
515 926 693 979 propria
714 924 1044 979 intelligentia:
1078 925 1198 979 quod
1219 925 1501 966 “cucurrerit
1520 938 1623 966 cum
1645 926 1788 967 ariete

289 986 333 1027 in
359 987 504 1029 furore
530 988 704 1029 roboris
730 989 809 1037 sui,
838 994 884 1029 et
910 988 1094 1042 fregerit
1121 988 1210 1029 duo
1236 1002 1404 1029 cornua
1430 988 1537 1041 ejus,
1566 995 1613 1030 et
1639 989 1786 1043 proje-

289 1051 400 1092 cerit
423 1065 525 1092 eum
548 1052 592 1092 in
615 1058 798 1101 terram,
823 1058 870 1093 et
892 1051 1229 1093 conculcaverit
1252 1051 1394 1100 eum,”
1416 1051 1643 1105 significat
1665 1053 1786 1108 quod

289 1126 468 1166 prorsus
505 1115 783 1156 destruxerit
821 1115 1093 1156 charitatem
1131 1122 1177 1156 et
1218 1115 1324 1156 inde
1363 1114 1514 1163 fidem,
1554 1114 1787 1157 destrufta

288 1178 407 1218 enim
431 1178 655 1219 charitate
678 1179 815 1219 etiam
838 1178 1084 1219 destruitur
1105 1177 1230 1227 fides,
1254 1179 1467 1232 quoniam
1490 1178 1687 1221 haecex
1709 1178 1787 1220 illa

288 1246 384 1281 est:
430 1242 551 1295 quod
592 1245 617 1262 “
632 1240 820 1283 fractum
862 1242 919 1283 sit
960 1255 1100 1282 cornu
1137 1254 1353 1294 magnum
1393 1241 1543 1290 hirci,”
1581 1248 1628 1283 et
1665 1243 1785 1296 quod

290 1307 316 1324 “
328 1305 618 1347 ascenderint
635 1311 828 1359 quatuor
845 1304 948 1346 loco
965 1304 1073 1358 ejus,
1089 1303 1223 1358 juxta
1240 1310 1434 1358 quatuor
1451 1311 1615 1346 ventos
1634 1305 1786 1346 caelo-

287 1367 424 1416 rum,”
438 1367 664 1421 significat
682 1369 834 1409 omnia
850 1367 964 1409 falsa
980 1365 1222 1420 conjuncta
1239 1367 1369 1408 malis
1387 1367 1492 1409 inde
1509 1382 1518 1419 ;
1548 1371 1574 1388 “
1586 1368 1787 1409 cornua”

286 1430 544 1483 significant
567 1430 679 1471 falsa
701 1431 820 1479 mali,
846 1434 1079 1485 “quatuor
1090 1429 1110 1446 ”
1131 1429 1496 1483 conjunctionem
1520 1430 1714 1480 illorum,
1739 1438 1785 1472 et

289 1498 519 1548 “quatuor
550 1495 676 1536 venti
712 1494 942 1536 caelorum
955 1494 973 1509 ’'
1006 1494 1159 1535 omnia
1193 1500 1289 1535 tam
1325 1493 1438 1535 falsa
1469 1508 1604 1548 quam
1637 1494 1783 1536 mala:

286 1557 406 1611 quod
441 1561 541 1599 “ex
573 1572 662 1599 uno
693 1557 750 1599 de
786 1557 874 1598 illis
911 1558 1104 1598 exiverit
1136 1571 1278 1598 cornu
1314 1571 1451 1598 unum
1483 1558 1539 1599 de
1576 1558 1787 1611 exiguo,’'

286 1620 511 1673 significat
537 1620 910 1674 justificationem
946 1634 1026 1674 per
1055 1620 1196 1670 illam,
1230 1620 1343 1662 haec
1376 1622 1496 1663 enim
1529 1622 1730 1662 nascitur
1759 1635 1786 1664 a

286 1684 504 1738 principio
536 1685 592 1726 de
624 1684 722 1725 sola
753 1683 868 1735 fide;
904 1684 998 1725 “de
1024 1685 1192 1737 exiguo
1209 1684 1228 1699 ”
1250 1684 1414 1726 dicitur
1439 1685 1542 1738 quia
1573 1684 1660 1726 hoc
1693 1698 1784 1726 non

285 1755 473 1801 apparet
488 1749 604 1792 sicut
621 1747 782 1789 falsum
799 1762 808 1788 ε
836 1748 957 1802 quod
974 1747 1061 1789 hoc
1081 1762 1220 1789 cornu
1234 1751 1260 1769 ‘⁴
1273 1748 1467 1789 creverit
1482 1747 1615 1789 valde
1630 1762 1786 1789 versus

249 1820 254 1821 ⁷
286 1811 532 1860 meridiem,
553 1818 599 1853 et
616 1825 772 1852 versus
791 1818 941 1852 ortum
959 1817 1005 1852 et
1023 1825 1178 1852 versus
1197 1811 1349 1860 decus,
1370 1817 1418 1852 et
1435 1812 1626 1873 creverit
1645 1825 1785 1864 usque

285 1874 342 1915 ad
368 1875 621 1916 exercitum
646 1874 889 1924 caelorum,
914 1881 961 1916 et
983 1874 1198 1927 dejecerit
1225 1875 1269 1915 in
1283 1870 1460 1916 'terram
1483 1874 1540 1915 de
1562 1875 1783 1923 exercitu,

285 1943 332 1978 et
354 1937 690 1979 conculcaverit
713 1938 806 1987 ea,''
824 1937 1049 1991 significat
1067 1938 1188 1992 quod
1207 1938 1485 1979 destruxerit
1509 1938 1661 1978 omnia
1678 1951 1785 1978 vera

262 2005 331 2041 ·et
362 2000 483 2041 bona
514 2001 760 2052 ecclesiae;
797 2001 1045 2042 “meridies
1057 2001 1077 2016 ’'
1102 2007 1173 2042 est
1202 2001 1275 2042 ubi
1301 2014 1456 2041 verum
1489 2007 1559 2042 est
1592 2002 1636 2041 in
1669 2001 1783 2050 luce,

287 2067 449 2104 “ortus
475 2069 522 2105 et
549 2063 718 2104 decus“
744 2070 849 2105 sunt
875 2064 949 2104 ubi
980 2064 1151 2105 bonum
1178 2070 1248 2105 est
1280 2065 1325 2104 in
1352 2063 1476 2105 claro
1508 2078 1587 2118 per
1612 2077 1783 2114 verum,

287 2128 557 2168 “exercitus
590 2127 819 2168 caelorum
835 2127 853 2142 ''
885 2134 990 2168 sunt
1028 2128 1179 2168 omnia
1211 2141 1318 2168 vera
1350 2133 1396 2168 et
1434 2128 1554 2168 bona
1585 2127 1699 2168 caeli
1732 2134 1784 2169 et

284 2190 518 2239 ecclesiae,
535 2191 765 2244 “dejicere
784 2192 1037 2232 exercitum
1059 2192 1104 2232 in
1126 2197 1310 2240 terram,
1332 2197 1378 2232 et
1401 2191 1673 2233 conculcare
1691 2192 1784 2240 ea,'’

284 2252 508 2306 significat
545 2268 725 2307 prorsus
763 2254 1021 2296 destruere:
1065 2255 1204 2308 quod,
1223 2269 1363 2308 usque
1398 2255 1493 2295 “ad
1532 2255 1783 2309 Principem

285 2317 515 2357 exercitus
537 2330 586 2358 se
607 2317 865 2366 extulerit‚”
884 2311 1070 2371 ‘etquod
1091 2321 1115 2338 “
1130 2316 1378 2371 projectum
1398 2318 1455 2358 sit
1473 2309 1783 2360 habitaculum

284 2378 526 2420 sanctuarii
548 2380 696 2432 Ejus,'’
719 2380 944 2434 significat
968 2382 1262 2434 negationem
1288 2381 1439 2422 Divini
1463 2381 1664 2422 Humani
1687 2382 1783 2423 Do-

284 2443 406 2492 mini,
431 2449 477 2483 et
503 2443 607 2484 inde
633 2443 853 2484 ecclesiae
875 2445 1212 2495 vastationem;
1249 2445 1500 2497 “Princeps
1523 2444 1784 2486 exercitus''

284 2512 354 2547 est
382 2505 603 2547 Dominus
630 2506 779 2560 quoad
811 2506 1023 2549 Divinum
1052 2506 1330 2554 Humanum,
1359 2508 1462 2561 quia
1487 2521 1547 2549 ex
1573 2507 1652 2549 illo
1678 2522 1782 2562 pro-

284 2570 452 2610 cedunt
476 2570 628 2610 omnia
649 2583 755 2610 vera
777 2575 824 2610 et
846 2570 967 2610 bona
989 2583 1103 2623 quae
1125 2569 1295 2611 faciunt
1317 2571 1558 2611 ecclesiam
1576 2586 1586 2622 ;
1615 2571 1782 2612 “habi-

284 2631 486 2682 taculum
518 2630 788 2684 sanctuarii''
820 2638 891 2673 est
923 2632 1116 2673 ecclesia
1147 2633 1221 2673 ubi
1251 2633 1329 2674 illa
1360 2640 1495 2684 sunt;
1539 2635 1659 2688 quod
1691 2636 1781 2676 sint

283 2709 403 2744 vera,
416 2709 530 2749 quae
545 2695 875 2748 intelliguntur,
889 2694 1120 2736 destructa
1135 2710 1161 2736 a
1174 2695 1311 2746 salsis,
1325 2703 1469 2750 patet,
1484 2711 1588 2738 nam
1604 2698 1780 2747 dicitur,

287 2758 518 2811 “Projecit
545 2759 787 2799 veritatem
819 2759 862 2799 in
895 2758 1102 2800 terram.”
1162 2758 1297 2812 Quod
1330 2759 1440 2801 talia
1470 2760 1782 2813 significentur

283 2835 362 2875 per
390 2821 646 2862 “arietem”
672 2828 719 2862 et
748 2815 958 2862 “hircum
971 2822 990 2837 ”
1015 2828 1062 2864 et
1091 2836 1170 2876 per
1195 2835 1350 2864 eorum
1379 2823 1624 2873 “cornua‚”
1650 2830 1779 2877 patet

283 2884 520 2925 manifeste
543 2898 603 2926 ex
625 2885 902 2938 apparentiis
927 2885 971 2926 in
998 2885 1168 2926 mundo
1190 2886 1436 2940 spirituali;
1470 2900 1574 2927 nam
1597 2887 1780 2940 quando

282 2947 399 2989 tales
424 2947 485 2988 ibi
510 2948 584 3001 qui
610 2961 659 2988 se
685 2947 1066 2989 confirmaverunt
1092 2949 1136 2989 in
1162 2947 1368 2991 doctrina
1394 2950 1450 2991 de
1477 2949 1574 2990 sola
1606 2949 1707 2998 fide,
1732 2955 1788 3006 et}

262 3011 338 3052 ‚de
360 3009 683 3064 justificatione
709 3025 787 3064 per
812 3010 951 3061 illam,
976 3011 1237 3066 disceptant
1261 3026 1361 3054 cum
1389 3013 1476 3054 illis
1502 3014 1575 3067 qui
1601 3014 1644 3053 in
1668 3008 1791 3054 doc-¹
