2060 3476
279 351 334 394 92
692 350 1025 384 APOCALYPSIS
1056 351 1356 384 EXPLICATA.

279 463 465 504 dicetur.
528 463 652 505 Mors
671 464 911 518 spiritualis
929 471 998 506 est
1017 465 1192 506 aversio
1215 471 1260 506 et
1279 465 1472 506 remotio
1495 478 1521 506 a
1543 465 1742 507 Domino
1759 479 1770 517 ;

280 541 381 568 cum
419 533 572 568 autem
610 529 790 582 spiritus
828 528 947 577 mali,
982 529 1054 582 qui
1092 529 1292 570 nondum
1324 529 1493 570 vastati
1530 535 1649 578 sunt,
1683 528 1770 570 hoc

280 596 365 640 est,
394 590 685 632 determinati
711 591 768 631 ad
798 604 925 631 suum
952 605 1153 632 amorem
1178 598 1464 645 regnantem,
1492 592 1664 633 intrant
1690 591 1771 632 ali-

280 666 414 706 quam
447 654 717 695 societatem
754 653 1025 706 angelicam,
1060 661 1166 695 tunc
1200 655 1302 708 quia
1340 654 1551 695 Divinum
1589 654 1772 695 Domini

280 716 338 756 ibi
360 722 445 764 est,
465 717 720 758 cruciantur
742 717 848 765 dire,
869 723 915 758 et
939 731 986 758 se
1010 730 1099 757 non
1124 717 1260 758 modo
1283 723 1509 766 avertunt,
1530 718 1609 758 sed
1632 719 1773 759 etiam

281 793 327 819 se
351 779 564 832 dejiciunt
592 781 634 820 in
659 780 891 833 profunda,
916 794 1004 834 quo
1028 780 1150 820 nulla
1173 780 1251 820 lux
1275 780 1389 821 caeli
1410 781 1565 829 intrat,
1590 781 1772 834 quidam

280 843 324 882 in
351 842 590 895 speluncas
622 850 850 896 petrarum
882 843 1162 892 tenebrosas,
1190 843 1328 884 verbo
1359 844 1404 883 in
1436 843 1607 884 inferna
1641 853 1696 888 (de
1709 864 1774 892 qua

278 913 312 933 re
330 904 496 934 videantur
516 913 598 942 quae
620 905 651 933 in
673 914 770 942 opere
794 905 844 933 De
866 905 957 934 Caelo
979 909 1010 934 et
1030 905 1167 943 Inferna,
1186 914 1217 935 n.
1234 912 1282 942 54,
1300 904 1401 942 [¹]400‚
1417 914 1486 942 410,
1504 905 1602 943 [510,]
1619 913 1688 943 525,
1705 913 1773 942 527,

278 965 405 990 ostensa
423 961 521 995 sunt.)
592 950 720 991 Haec
751 951 928 990 aversio
959 957 1005 991 et
1036 951 1232 991 remotio
1263 964 1288 990 a
1323 950 1524 991 Domino
1555 957 1624 991 est
1656 965 1772 1004 quae

278 1015 467 1050 vocatur
498 1023 618 1050 mors
650 1009 918 1063 spiritualis;
961 1007 1190 1062 spirituale
1222 1008 1334 1049 caeli
1372 1009 1510 1050 etiam
1542 1015 1770 1051 mortuum

278 1073 396 1126 apud
422 1072 524 1113 illos
551 1079 634 1114 est.

357 1147 449 1192 ¹79.
479 1138 756 1191 “Etimposuit
767 1138 955 1178 dextram
975 1137 1129 1190 [suam]
1150 1150 1311 1178 manum
1326 1150 1452 1190 super·
1464 1132 1768 1192 me.'¹—Quod

278 1201 503 1253 significet
526 1201 667 1242 vitam
688 1201 743 1242 ab
765 1200 883 1253 Ipso,
904 1206 1087 1241 constat
1110 1213 1169 1241 ex
1193 1199 1520 1253 significatione
1538 1200 1769 1242 “dextrae

279 1264 477 1314 manus,”
509 1278 611 1306 cum
643 1265 698 1305 de
731 1264 944 1312 Domino,
977 1263 1097 1317 quod
1131 1264 1190 1304 sit
1221 1264 1315 1304 vita
1345 1263 1403 1304 ab
1435 1263 1541 1317 Ipso
1576 1262 1652 1317 (de
1683 1278 1770 1318 qua

278 1342 423 1381 supra,
454 1341 494 1368 n.
522 1327 624 1382 72);
657 1327 777 1381 quod
809 1325 1032 1379 significet
1058 1327 1199 1367 vitam
1226 1327 1283 1367 ab
1315 1326 1434 1380 Ipso,
1463 1332 1533 1367 est
1559 1327 1661 1380 quia
1687 1327 1769 1367 im-

279 1391 476 1432 mediate
502 1392 701 1444 sequitur
727 1396 830 1443 post
857 1390 914 1438 id,
943 1389 1063 1444 quod
1092 1390 1342 1430 “ceciderit
1369 1390 1425 1430 ad
1458 1390 1596 1443 pedes
1627 1389 1770 1444 Ipsius

279 1460 495 1508 tanquam
514 1460 716 1495 mortuus
735 1453 768 1504 ;'’
791 1459 837 1499 et
856 1459 1091 1507 praeterea
1108 1466 1186 1506 per
1203 1456 1430 1505 “tangere
1448 1452 1614 1493 manu'‘
1631 1453 1769 1506 signi-

278 1516 437 1558 ficatur
456 1517 790 1558 communicare
813 1522 859 1557 et
883 1515 1122 1556 transferre
1144 1516 1187 1556 in
1211 1515 1403 1556 alterum
1423 1515 1541 1569 quod
1564 1516 1681 1569 apud
1705 1530 1768 1566 se,

279 1586 325 1621 et
343 1594 520 1634 quoque
538 1581 736 1634 recipere
754 1579 811 1620 ab
828 1579 974 1620 altero
991 1593 1000 1630 ;
1033 1592 1084 1619 ac
1104 1579 1438 1620 communicare
1460 1585 1506 1619 et
1530 1579 1770 1620 transferre

278 1644 322 1691 in
360 1643 552 1685 alterum
590 1642 710 1697 quod
747 1642 864 1696 apud
903 1655 964 1690 se,
1004 1655 1105 1683 cum
1142 1642 1198 1683 de
1237 1641 1448 1691 Domino,
1488 1647 1536 1683 ut
1574 1641 1661 1690 hic,
1700 1649 1771 1684 est

278 1708 434 1755 vitam,
467 1706 611 1760 qualis
644 1712 714 1746 est
746 1705 833 1746 illis
865 1706 937 1759 qui
969 1705 1012 1745 in
1044 1705 1345 1746 illustratione
1377 1710 1495 1753 sunt,
1530 1717 1581 1745 ac
1614 1705 1770 1746 vident

279 1777 324 1811 et
348 1770 534 1811 audiunt
558 1769 667 1811 talia
689 1782 803 1823 quae
825 1769 869 1809 in
893 1767 1048 1821 caelo3
1082 1768 1202 1822 quod
1225 1769 1363 1808 etiarn
1385 1766 1551 1808 factum
1575 1774 1644 1809 est
1669 1781 1769 1809 cum

277 1833 499 1886 Johanne,
529 1845 633 1873 nam
661 1832 697 1872 is
722 1833 766 1872 in
799 1832 879 1872 tali
911 1831 1214 1872 illustratione
1245 1831 1325 1872 fuit
1354 1844 1455 1872 cum
1482 1832 1593 1873 vidit
1619 1838 1665 1873 et
1692 1846 1770 1874 au-

279 1897 389 1937 divit
416 1896 492 1936 illa
518 1910 632 1949 quae
664 1896 706 1935 in
733 1894 1011 1947 Apocalypsi
1031 1894 1259 1948 descripta
1285 1900 1403 1935 sunt.
1465 1893 1599 1947 Quod
1629 1898 1769 1936 “tan-

277 1972 385 2011 gere
412 1958 577 1999 manu'’
604 1959 661 1999 sit
689 1958 1022 1998 communicare
1049 1963 1095 1998 et
1122 1957 1362 1998 transferre
1393 1957 1437 1998 in
1463 1957 1670 2007 alterum,
1698 1964 1770 1999 est

278 2023 379 2076 quia
420 2023 463 2062 in
505 2035 664 2062 manus
705 2021 929 2062 translata
969 2026 1039 2061 est
1080 2020 1226 2061 omnis
1266 2021 1474 2074 potentia
1513 2020 1707 2061 hominis
1744 2035 1769 2062 e

279 2098 491 2138 corpore;
525 2098 661 2138 quare
690 2083 810 2138 quod
842 2096 970 2124 mens
1002 2082 1098 2124 vult
1130 2089 1178 2124 ut
1210 2096 1372 2136 corpus
1403 2083 1551 2131 faciat,
1586 2083 1770 2125 brachia

279 2154 325 2188 et
358 2161 516 2188 manus
547 2147 742 2196 faciunt;
776 2146 879 2186 inde
911 2152 981 2186 est
1012 2146 1132 2199 quod
1164 2159 1243 2199 per
1271 2145 1522 2186 “brachia''
1553 2152 1600 2187 et
1635 2149 1768 2187 “ma-

279 2224 361 2251 nus
372 2210 391 2226 ‘’
413 2212 457 2251 in
480 2210 635 2251 Verbo
658 2208 933 2262 significetur
955 2209 1163 2262 potentia
1189 2218 1346 2256 (videatur
1359 2221 1769 2258 n.878‚3091‚4931-4937‚

277 2283 366 2320 ⁶947·
381 2283 470 2320 7673,
487 2280 658 2322 1²110019):
693 2273 772 2313 sed
795 2272 907 2313 haec
931 2273 1137 2326 potentia
1155 2279 1224 2314 est
1247 2273 1454 2326 potentia
1471 2273 1702 2322 naturalis,
1722 2281 1769 2316 et

278 2336 630 2377 communicatio
662 2350 740 2390 per
765 2335 888 2376 illam
920 2342 990 2376 est
1016 2336 1218 2376 exsertio
1244 2336 1401 2376 virium
1428 2337 1653 2389 corporis;
1687 2350 1769 2390 po-

279 2399 423 2440 tentia
449 2404 601 2439 autem
629 2398 871 2452 spiritualis
897 2405 966 2440 est
993 2398 1111 2439 velle
1137 2398 1321 2439 alterius
1347 2398 1530 2447 bonum,
1555 2404 1601 2439 et
1627 2412 1769 2453 quan-

278 2468 375 2502 tum
402 2467 570 2515 potest,
598 2461 716 2502 v’elle
743 2461 982 2502 transferre
1009 2462 1053 2502 in
1079 2461 1271 2502 alterum
1298 2461 1417 2515 quod
1446 2461 1564 2515 apud
1597 2475 1644 2503 se
1670 2468 1767 2513 est;

278 2525 391 2566 haec
424 2525 631 2578 potentia
663 2531 732 2565 est
764 2538 877 2578 quae
914 2539 992 2578 per
1026 2528 1247 2565 “manum
1260 2523 1279 2539 ’¹
1310 2525 1354 2565 in
1387 2538 1520 2565 sensu
1551 2524 1769 2578 spirituali

278 2586 568 2640 significatur,
586 2593 632 2628 et
650 2587 742 2640 ejus
760 2588 1112 2628 communicatio
1130 2593 1176 2628 et
1195 2587 1434 2628 translatio
1453 2601 1530 2641 per
1548 2591 1768 2641 “tangere

279 2650 450 2691 manu.”
510 2650 584 2690 Ex
611 2650 678 2690 his
702 2657 912 2691 constare
939 2657 1093 2704 potest
1116 2650 1221 2704 quid
1247 2650 1524 2703 significatur
1549 2664 1626 2704 per
1648 2651 1768 2704 quod

280 2713 514 2762 Dominus,
558 2714 631 2766 qui
676 2714 734 2754 ibi
774 2720 963 2754 vocatur
1007 2713 1188 2754 “Filius
1233 2713 1466 2762 hominis,”
1506 2714 1768 2766 imposuerit
1820 2760 1829 2768 ·

278 2776 490 2818 dextram
522 2790 648 2817 suam
681 2790 863 2817 manum
896 2791 1028 2830 super
1053 2776 1323 2830 Johannem,
1353 2790 1453 2817 cum
1481 2775 1620 2829 jacuit
1652 2777 1767 2818 sicut

278 2845 496 2887 mortuus,
530 2839 649 2893 quod
687 2853 850 2892 nempe
882 2840 1282 2880 communicaverit
1319 2845 1365 2880 et
1404 2838 1686 2880 transtulerit
1722 2839 1766 2879 in

279 2901 404 2942 illum
430 2903 571 2943 vitam
602 2916 628 2942 a
660 2900 717 2943 Se
752 2901 827 2956 (de
859 2916 945 2956 qua
977 2901 1143 2956 supra).
1205 2901 1358 2943 Simile
1386 2901 1662 2955 significatur
1687 2915 1766 2955 per

281 2965 538 3018 “tangere'’
564 2971 610 3006 et
639 2965 1057 3018 “tangere.manu'’
1082 2965 1280 3019 pluribus
1306 2966 1349 3006 in
1383 2965 1492 3006 locis
1523 2965 1567 3005 in
1593 2963 1763 3013 Verbo,
