2060 3476
345 349 428 400 386
755 355 1088 389 APOCALYPSIS
1118 355 1418 388 EXPLICATA.

344 470 495 511 omnia
525 483 638 523 quae
669 469 915 511 inserviunt
947 469 1357 523 comparationibus
1393 469 1530 510 etiam
1566 481 1828 523 correspon-

344 531 455 572 dent
486 536 533 571 et
563 531 668 572 inde
698 530 959 584 significant
990 541 1148 580 (videatur
1166 550 1197 571 n.
1212 547 1302 579 3579,
1318 540 1425 579 8989).
1484 528 1604 582 Quia
1635 533 1830 571 “aurum

345 592 630 646 exploratum
667 593 772 645 igne
786 592 804 608 ''
835 591 1059 646 significat
1094 592 1260 633 bonum
1297 591 1461 632 amoris
1496 590 1775 645 purificatum
1806 605 1832 633 a

345 655 488 705 malis,
515 656 617 697 ideo
643 656 907 697 mandatum
933 662 1030 697 erat

410 744 515 787 Quod
538 755 663 777 aurum
686 751 722 778 et
745 751 931 786 argentum
949 751 1091 786 captum
1115 755 1137 777 a
1162 744 1359 777 Midianitis
1376 744 1617 777 traduceretur
1633 753 1696 785 per
1711 744 1831 785 ignem

518 795 554 821 et
570 790 620 820 sic
636 789 879 830 purificaretur
895 788 1020 829 (Num.
1037 789 1132 821 xxxi.
1150 796 1202 827 22,
1219 787 1285 828 23).

346 875 479 930 Quod
507 880 698 918 “aurum
711 877 730 892 '’
752 876 974 930 significet
1000 877 1168 917 bonum
1193 876 1357 917 amoris
1382 882 1428 917 et
1454 876 1700 925 charitatis,
1723 888 1831 916 con-

345 945 438 981 stat
462 939 652 994 amplius
676 954 703 981 a
727 940 1016 993 sequentibus
1033 939 1241 993 :—Apud
1266 938 1526 988 Hoscheam,

413 1030 436 1043 “
448 1028 613 1061 Deseruit
631 1029 743 1061 Israel
760 1030 906 1066 bonum,
922 1029 1036 1061 hostis
1054 1029 1277 1070 persequitur
1290 1038 1371 1060 eum
1376 1052 1468 1066 .....
1476 1034 1664 1069 argentum
1677 1037 1781 1060 suum
1797 1032 1833 1059 et

518 1082 643 1104 aurum
661 1083 764 1104 suum
782 1072 943 1104 fecerunt
959 1073 1026 1104 sibi
1043 1072 1166 1104 idola”
1183 1073 1268 1112 (viii.
1286 1081 1316 1112 3,
1332 1071 1388 1112 4);

345 1159 465 1212 quod
493 1163 768 1213 “argentum
794 1172 920 1200 suum
947 1165 993 1201 et
1018 1171 1173 1214 aurum
1199 1171 1325 1200 suum
1351 1158 1433 1199 sibi
1461 1158 1647 1199 fecerint
1672 1155 1832 1206 idola,”

345 1221 569 1276 significet
591 1222 710 1276 quod
736 1235 890 1263 verum
916 1228 962 1263 et
987 1222 1153 1263 bonum
1178 1222 1395 1269 verterint
1421 1222 1464 1262 in
1491 1220 1602 1262 falsa
1625 1226 1672 1262 et
1698 1219 1831 1268 mala,

345 1291 474 1338 patet
500 1298 559 1326 ex
582 1299 636 1326 eo
658 1285 760 1339 quia
781 1285 955 1334 dicitur,
975 1285 1222 1326 “Deseruit
1246 1284 1385 1325 Israel
1411 1284 1592 1332 bonum,
1617 1289 1663 1324 et
1689 1283 1832 1324 hostis

345 1349 624 1402 persequitur
649 1361 750 1388 eum
767 1347 800 1399 ;”
834 1348 1012 1389 “hostis
1025 1347 1044 1363 ”
1069 1354 1139 1389 est
1163 1347 1322 1388 falsum
1349 1361 1407 1388 ex
1434 1346 1567 1395 malo,
1594 1352 1640 1387 et
1664 1345 1832 1387 malum

346 1425 404 1452 ex
430 1411 555 1452 falso.
617 1410 754 1465 Apud
778 1411 962 1460 Joelem,

413 1499 541 1541 “Quid
565 1500 667 1532 vobis
697 1499 851 1538 Mecum,
871 1499 965 1541 Tyre
989 1505 1024 1531 et
1052 1499 1247 1532 Zidon2...
1262 1498 1478 1539 .Argentum
1503 1507 1622 1530 meum
1647 1503 1682 1530 et
1706 1506 1832 1529 aurum

519 1553 636 1575 meum
661 1544 876 1584 sumpsistis,
903 1549 937 1575 et
960 1543 1210 1575 desiderabilia
1233 1543 1409 1574 bonorum
1438 1542 1607 1574 intulistis
1635 1541 1672 1572 in
1700 1541 1834 1582 templa

517 1593 648 1624 vestra,
675 1594 710 1619 et
736 1587 826 1619 filios
851 1587 1010 1629 Jehudae
1036 1593 1071 1618 et
1097 1587 1188 1618 filios
1216 1586 1492 1627 Hierosolymae
1515 1585 1726 1617 vendidistis
1751 1584 1833 1616 filiis

518 1630 748 1668 Graecorum,
765 1637 802 1662 ut
816 1631 923 1671 longe
937 1630 1168 1662 removeretis
1182 1640 1203 1661 a
1216 1630 1376 1662 terminis
1390 1639 1513 1661 eorum
1525 1628 1544 1641 '¹
1557 1629 1616 1670 (iv.
1634 1626 1693 1671 [B.
1705 1629 1750 1661 A.
1763 1625 1830 1670 iii.]

517 1683 549 1713 4.
568 1672 615 1716 5[‚
632 1672 705 1716 6]):

345 1773 423 1813 per
449 1759 656 1813 “Tyrum
684 1765 730 1801 et
756 1759 1007 1800 Zidonem”
1028 1759 1342 1813 intelliguntur
1366 1750 1428 1800 ini
1453 1759 1570 1800 intra
1595 1757 1833 1800 ecclesiam

344 1823 417 1876 qui
448 1823 491 1863 in
519 1823 850 1876 cognitionibus
875 1823 967 1863 veri
993 1829 1038 1863 et
1070 1822 1176 1863 boni
1201 1829 1332 1874 sunt;
1363 1822 1434 1863 hic
1460 1821 1523 1862 illi
1549 1822 1621 1875 qui
1652 1834 1831 1875 perver-

345 1892 494 1927 terunt
521 1885 634 1934 illas,
663 1891 707 1926 et
734 1885 1042 1939 applicuerunt
1069 1885 1126 1926 ad
1157 1885 1268 1926 falsa
1293 1891 1339 1927 et
1364 1885 1420 1926 ad
1447 1884 1566 1925 mala
1590 1883 1712 1935 salsi;
1745 1884 1831 1925 hoc

344 1948 620 2002 significatur
650 1962 728 2002 per
759 1948 879 2002 quod
912 1952 1188 2000 “argentum
1226 1961 1373 1989 meum
1410 1955 1456 1989 et
1493 1960 1646 1988 aurum
1683 1959 1831 1987 meum

327 2007 608 2065 sumpsistis,
647 2018 693 2052 et
731 2011 1041 2052 desiderabilia
1077 2011 1296 2052 bonorum
1333 2010 1546 2051 intulistis
1582 2011 1626 2050 in
1661 2009 1833 2062 templa
1887 2045 1891 2048 .

343 2081 494 2116 vestra
510 2074 544 2115 :”
578 2073 885 2127 “argentum’'
907 2073 1129 2126 significat
1151 2087 1317 2121 verum,
1339 2073 1558 2114 “aurum'’
1580 2073 1762 2121 bonum,
1785 2077 1832 2113 et

346 2137 693 2178 “desiderabilia
718 2137 935 2177 bonorum
949 2136 967 2151 ”
990 2135 1246 2189 significant
1269 2151 1374 2177 vera
1399 2143 1444 2178 et
1470 2137 1590 2177 bona
1615 2136 1830 2183 derivata,

343 2214 456 2253 quae
483 2206 585 2240 sunt
612 2200 896 2252 cognitiones
923 2213 980 2239 ex
1005 2199 1144 2240 Verbi
1173 2213 1305 2240 sensu
1331 2199 1534 2250 litterae;
1569 2198 1764 2239 “inferre
1788 2198 1835 2238 in

343 2262 514 2315 templa
530 2262 638 2303 sua”
653 2261 874 2315 significat
892 2268 1067 2302 vertere
1084 2263 1126 2302 in
1146 2262 1315 2302 cultum
1334 2262 1566 2315 profanum
1585 2276 1593 2311 ;
1621 2275 1699 2314 per
1712 2261 1833 2315 quod

345 2329 370 2345 “
383 2324 495 2367 filios
508 2325 708 2378 Jehudae
727 2331 772 2366 et
787 2324 900 2365 filios
918 2324 1264 2378 Hierosolymae
1279 2324 1562 2365 vendiderint
1580 2323 1677 2364 filiis
1693 2323 1832 2364 Grae-

343 2387 536 2436 corum,''
562 2387 830 2440 intelligitur
851 2387 970 2441 quod
998 2388 1148 2427 omnia
1173 2401 1278 2427 vera
1302 2387 1408 2427 boni
1433 2386 1833 2427 transmutaverint

342 2451 386 2491 in
412 2451 522 2491 falsa
546 2450 676 2501 mali3
709 2464 787 2503 per
811 2450 985 2503 “longe
1008 2464 1239 2491 removere
1262 2464 1339 2491 eos
1365 2463 1391 2490 a
1416 2450 1618 2490 terminis
1640 2448 1833 2498 eorum‚”
1868 2451 1876 2458 '

342 2511 617 2564 intelligitur
644 2511 802 2564 procul
833 2511 890 2551 ab
920 2512 1028 2564 ipsis
1053 2512 1184 2552 veris.
1242 2521 1354 2559 (Quod
1368 2530 1426 2559 per
1440 2518 1590 2559 “Tyrum
1605 2525 1636 2550 et
1650 2505 1803 2550 zidonaeim
1815 2519 1832 2530 ··

341 2571 554 2608 intelligantur
565 2571 607 2599 illi
619 2571 700 2599 intra
711 2570 874 2599 ecelesiam
887 2570 941 2607 qui
955 2570 987 2598 in
999 2570 1231 2607 cognitionibus
1241 2570 1306 2598 veri
1318 2574 1349 2598 et
1358 2570 1434 2598 boni
1446 2573 1528 2604 sunt,
1538 2569 1682 2598 videatur
1692 2578 1723 2598 n.
1737 2577 1812 2598 1201
1825 2578 1832 2603 ;

341 2616 431 2653 quod
450 2625 508 2653 per
522 2615 629 2644 “filios
643 2615 790 2655 Jehudae
805 2620 835 2644 et
857 2615 937 2643 filios
960 2615 1203 2653 Hierosolymae
1213 2614 1229 2624 '¹
1245 2614 1459 2652 intelligantur
1473 2614 1581 2643 omnia
1593 2621 1668 2643 vera
1685 2613 1772 2648 boni,
1788 2618 1834 2642 est

341 2661 416 2698 quia
430 2670 487 2698 per
499 2660 607 2689 “filios
618 2660 633 2669 ''
647 2660 863 2697 significantur
876 2669 959 2694 vera,
976 2669 1007 2689 n.
1025 2668 1113 2697 1729,
1127 2658 1250 2696 [¹11733,
1267 2657 1491 2697 2159,1[²]2623,
1505 2661 1593 2696 2803,
1606 2661 1694 2696 2813,
1708 2656 1832 2696 [⁸13373,

341 2714 430 2743 3704,
446 2715 535 2743 7499,
551 2707 640 2742 8897,
655 2707 751 2742 980⁴7;
773 2714 831 2742 per
846 2708 862 2719 ‘¹
872 2706 1033 2744 Jehudam
1044 2705 1060 2714 '¹
1078 2705 1209 2734 ecclesia
1223 2705 1372 2738 caelestis,
1388 2713 1419 2733 n.
1435 2705 1524 2742 3654,
1536 2704 1632 2741 6364:
1655 2711 1712 2741 per
1726 2706 1743 2717 ‘¹
1755 2703 1834 2732 Hie-

341 2751 533 2788 rosolymam
544 2750 560 2759 '’
577 2750 708 2779 ecclesia
721 2750 775 2778 ubi
797 2751 936 2787 genuina
951 2749 1105 2782 dodtrina.
1121 2758 1152 2779 n.
1168 2750 1258 2787 3654,
1273 2750 1368 2787 9166;
1392 2750 1481 2786 quod
1500 2758 1558 2786 per
1572 2748 1681 2777 “filios
1696 2748 1834 2778 Graeco-

341 2804 411 2825 rum
422 2795 438 2805 ''
455 2795 667 2832 intelligantur
681 2795 766 2829 falsa,
783 2799 828 2823 est
843 2795 917 2831 quia
931 2797 948 2809 ⁴¹
959 2794 1071 2824 Graeci
1082 2794 1099 2803 '¹
1114 2794 1290 2832 significant
1303 2798 1412 2832 gentes
1427 2803 1509 2831 quae
1530 2793 1562 2822 in
1583 2793 1675 2828 falsis,
1686 2793 1833 2830 ⁸videatur

343 2845 476 2883 [supm,]
494 2853 525 2876 n.
545 2843 623 2886 50.)
680 2834 820 2886 Apud
845 2833 1135 2882 Ezechielem,

409 2923 432 2937 ⁴*
445 2921 695 2963 Negotiatores
713 2921 870 2953 Schebae
894 2927 930 2953 et
947 2921 1103 2952 Raamae
1107 2945 1199 2958 .....
1207 2930 1270 2961 per
1286 2920 1493 2961 primarium
1517 2919 1635 2951 omnis
1659 2919 1842 2951 aromatis.

514 2971 550 2997 et
566 2975 628 3020 per
640 2965 955 3049 {2mne-m2ss3pidem
974 2965 1167 3005 pretiosum
1182 2971 1216 2996 et
1229 2974 1364 3002 aurum,
1381 2964 1554 2996 dederunt
1566 2962 1830 3003 negotiationes

514 3015 593 3041 tuas
654 3018 760 3041 xxvn.
848 3018 855 3047 ;
