2060 3476
703 399 810 432 CAP.
833 399 893 440 v.,
916 399 1055 432 VERS.
1079 391 1226 432 8.—-N.
1251 389 1411 444 324[e].
1721 400 1802 444 579

305 513 463 555 borum
481 514 523 555 in
541 514 846 569 sequentibus,
869 513 940 555 hic
963 513 1109 555 solum
1132 513 1252 567 quod
1277 512 1490 555 “suffitus
1500 511 1520 528 '⁹
1541 511 1800 566 significent

305 576 475 619 cultum
501 591 561 619 ex
587 578 709 619 bono
733 577 965 631 spirituali,
993 577 1114 631 quod
1140 583 1211 618 est
1237 577 1405 618 bonum
1431 576 1666 617 charitatis
1691 589 1801 629 erga

305 642 586 694 proximum:
619 640 695 682 ille
716 640 864 682 cultus
885 640 1023 681 etiam
1046 639 1324 693 significatur
1345 653 1425 693 per
1447 643 1645 692 “preces
1667 651 1799 679 sanc-

305 709 453 744 torum
471 703 504 754 ;'’
536 717 672 758 quare
698 703 859 745 dicitur
884 703 1004 757 quod
1032 703 1166 744 “dati
1198 703 1289 744 sint
1315 703 1355 744 ei
1387 701 1562 743 suffitus
1588 701 1718 743 multi
1750 707 1800 744 ut

305 765 484 808 offerret
507 780 607 808 cum
630 767 835 821 precibus
852 765 1109 808 sanctorum
1125 765 1159 817 ;”
1185 772 1232 807 et
1249 766 1367 815 dein,
1388 765 1632 807 “ascendit
1654 764 1800 806 furnus

305 829 533 871 suffituum
567 843 668 871 cum
708 830 914 884 precibus
949 828 1207 871 sanctorum
1243 830 1288 870 in
1324 826 1620 883 conspectum
1663 828 1749 868 Dei
1765 827 1800 878 ;‘’

305 893 425 946 quod
445 896 639 946 “preces
656 891 914 935 sanctorum
926 893 946 908 ”
967 892 1224 946 significent
1249 892 1421 934 cultum
1444 906 1504 934 ex
1529 892 1650 932 bono
1672 891 1799 944 spiri-

303 954 427 1004 tuali,
463 955 688 997 videbitur
723 956 767 997 in
804 955 994 997 articulo
1026 969 1136 996 mox
1172 960 1405 1009 sequente,
1443 960 1539 996 tum
1571 954 1708 995 etiam
1739 953 1800 994 ibi

303 1018 409 1072 quid
434 1017 702 1072 intelligitur
722 1033 802 1073 per
823 1019 993 1060 cultum
1019 1032 1079 1060 ex
1103 1018 1225 1060 bono
1245 1017 1465 1072 spirituali
1491 1031 1570 1059 seu
1595 1031 1656 1059 ex
1678 1018 1800 1058 bono

305 1082 552 1123 charitatis.
612 1081 751 1135 Apud
775 1081 979 1131 Esaiam,

372 1177 566 1219 “Populus
583 1178 642 1220 qui
658 1178 704 1210 ad
727 1178 816 1210 iram
834 1184 1032 1229 provocant
1050 1177 1111 1210 Me
1135 1188 1256 1210 coram
1280 1178 1439 1210 faciebus
1463 1177 1554 1210 meis
1577 1177 1719 1219 jugiter,
1740 1177 1799 1218 qui

477 1221 702 1254 sacrificant
692 1231 728 1253 in
745 1222 870 1260 hortis,
890 1227 926 1254 et
942 1213 1087 1254 siiffiunt
1103 1231 1211 1263 super
1226 1221 1426 1254 lateribus'’
1443 1222 1529 1262 (lxv.
1546 1221 1602 1262 3);

302 1310 374 1351 hic
415 1323 494 1364 per
532 1309 849 1351 “sacrificare'’
889 1316 935 1351 et
967 1309 1185 1352 “suffire”
1221 1309 1534 1364 significantur
1573 1309 1798 1364 opposita,

304 1387 468 1428 nempe
485 1373 631 1415 cultus
648 1387 708 1415 ex
724 1373 845 1415 falsis
862 1372 1094 1415 d06’crinae
1119 1388 1233 1428 quae
1255 1388 1314 1415 ex
1337 1373 1516 1428 propria
1536 1372 1800 1426 intelligen-

306 1437 394 1488 tia3
446 1436 634 1478 “horti''
669 1436 926 1490 significant
966 1436 1332 1490 intelligentiam,
1370 1437 1441 1477 hic
1479 1436 1719 1490 propriam,
1752 1442 1800 1476 et

307 1500 511 1541 “lateres
523 1500 542 1515 ''
559 1499 814 1555 significant
831 1500 1085 1551 salsainde;
1108 1513 1160 1541 ac
1178 1498 1466 1541 “sacrificare
1477 1498 1498 1514 ”
1511 1505 1558 1540 et
1582 1497 1801 1540 “suffire'’

305 1560 565 1615 Significant
590 1561 779 1602 cultum.
837 1572 950 1610 (Quod
964 1572 1086 1610 antiqui
1101 1573 1223 1602 cultum
1240 1572 1393 1601 Divinum
1412 1571 1582 1600 habuerint
1600 1570 1633 1600 in
1650 1571 1751 1600 hortis
1769 1575 1802 1599 et

306 1622 383 1652 lucis
397 1623 573 1652 secundum
588 1623 739 1652 arborum
761 1623 1005 1661 significationes
1025 1623 1079 1658 ibi,
1094 1624 1151 1652 sed
1172 1623 1262 1660 quod
1283 1622 1316 1651 id
1336 1623 1425 1660 apud
1444 1626 1573 1660 gentem
1596 1621 1801 1651 Israelitimm

304 1668 497 1707 prohibitum
512 1669 613 1704 fuerit,
629 1677 669 1698 ne
684 1669 838 1706 fingerent
852 1669 910 1698 sibi
925 1669 1046 1698 cultum
1061 1678 1101 1698 ex
1115 1668 1255 1706 proprio,
1270 1668 1415 1697 videatur
1429 1676 1460 1698 n.
1476 1676 1566 1705 2722,
1581 1665 1688 1704 4552.)

387 1723 469 1778 [e.]
512 1724 653 1778 Apud
676 1724 942 1774 Hosclzeam,

372 1813 518 1854 “Super
540 1813 730 1845 verticibus
755 1813 931 1853 montium
955 1813 1165 1850 sacrificant,
1185 1818 1221 1844 et
1244 1822 1353 1852 super
1375 1812 1525 1843 collibus
1549 1811 1706 1848 suffiunt,
1733 1812 1800 1842 sub

478 1866 608 1898 quercu
620 1863 656 1888 et
672 1857 805 1898 populo
817 1863 853 1888 et
869 1858 1009 1894 robore,
1026 1857 1108 1898 quia
1124 1858 1220 1888 bona
1234 1857 1363 1887 umbra
1378 1855 1476 1896 ejus3
1501 1861 1691 1896 propterea
1706 1863 1800 1886 scor-

478 1907 599 1940 tantur
614 1900 707 1932 filiae
722 1906 875 1938 vestrae,
895 1910 1006 1932 nurus
1023 1906 1163 1932 vestrae
1179 1900 1425 1931 adulterantur
1435 1898 1454 1911 ’'
1471 1899 1530 1938 (iv.
1549 1899 1629 1941 13):

303 2003 381 2043 per
397 1988 508 2030 haec
527 1989 793 2030 describitur
812 1988 960 2030 cultus
977 2002 1038 2030 ex
1059 2001 1213 2029 amore
1230 1988 1295 2028 sui
1312 1994 1359 2028 et
1382 2002 1440 2028 ex
1459 2000 1612 2028 amore
1629 1986 1798 2035 mundi,

302 2065 354 2093 ac
380 2052 486 2093 inde
512 2066 572 2093 ex
598 2052 720 2093 falsis
737 2051 999 2103 doctrinam
1033 2051 1180 2093 cultus
1203 2066 1262 2093 ex
1289 2064 1443 2092 amore
1468 2051 1534 2091 sui
1556 2064 1634 2104 per
1662 2054 1799 2091 “sac-

301 2114 471 2158 rificare
497 2129 629 2169 super
650 2116 894 2156 verticibus
920 2115 1181 2164 montium,”
1208 2114 1356 2156 cultus
1382 2128 1442 2155 ex
1468 2127 1621 2154 amore
1647 2113 1801 2153 mundi

302 2191 382 2232 per
413 2177 600 2220 “suffire
631 2192 766 2232 super
796 2178 1025 2228 collibus,'‘
1056 2184 1103 2220 et
1141 2178 1288 2219 cultus
1320 2191 1379 2218 ex
1416 2176 1538 2218 falsis
1569 2174 1802 2217 doctrinae

302 2255 381 2295 per
414 2241 702 2284 “sacrificare
734 2248 781 2283 et
813 2241 962 2283 suffire
993 2241 1075 2283 sub
1106 2255 1284 2295 quercu,
1312 2239 1480 2294 populo
1511 2245 1558 2280 et
1590 2239 1752 2280 robore
1767 2238 1802 2279 :'’

304 2308 504 2345 “vertex
535 2305 780 2346 montium‘’
803 2305 1028 2359 significat
1060 2318 1261 2346 amorem
1294 2304 1554 2352 caelestem,
1577 2303 1648 2343 hic
1675 2315 1800 2343 amo-

301 2380 396 2408 rem
440 2367 533 2419 sui;
584 2371 609 2388 “
625 2368 797 2409 colles'’
839 2368 1097 2421 significant
1145 2381 1347 2409 amorem
1392 2365 1684 2420 spiritualem,
1729 2366 1800 2406 hic

301 2443 503 2471 amorem
522 2432 677 2471 mundi
694 2445 703 2481 ;
737 2445 841 2472 nam
865 2446 990 2472 amor
1007 2432 1073 2472 sui
1094 2438 1164 2472 est
1183 2431 1418 2484 oppositus
1435 2430 1576 2470 amori
1599 2428 1799 2477 caelesti,

304 2498 350 2534 et
381 2506 510 2534 amor
541 2494 693 2534 mundi
731 2501 802 2535 est
839 2495 1075 2548 oppositus
1107 2494 1248 2535 amori
1279 2492 1523 2547 spirituali:
1558 2495 1799 2545 “quercus,

303 2555 494 2609 populus
513 2562 559 2597 et
577 2556 710 2598 robur
721 2557 740 2572 ”
754 2557 1011 2610 significant
1028 2557 1148 2598 bona
1165 2557 1258 2598 veri
1275 2563 1321 2597 et
1338 2570 1444 2597 vera
1461 2556 1567 2597 boni
1584 2553 1800 2596 naturalis

300 2618 494 2659 hominis
515 2618 681 2669 infima,
704 2619 776 2660 hic
799 2619 918 2660 mala
938 2619 1037 2661 falsi
1058 2626 1104 2661 et
1126 2619 1238 2660 falsa
1259 2618 1365 2660 mali
1387 2618 1503 2672 ejus:
1525 2619 1665 2672 “quia
1682 2617 1800 2657 bona

301 2681 459 2722 umbra
484 2681 578 2735 ejus
590 2682 609 2698 '’
635 2682 859 2736 significat
885 2682 1290 2736 complacentiam:
1333 2681 1667 2723 falsificationes
1692 2679 1800 2720 boni

303 2745 546 2799 spiritualis
568 2745 687 2795 inde,
702 2743 1046 2799 ¹¹¹significantur
1063 2759 1143 2799 per
1159 2745 1279 2799 quod
1298 2748 1323 2766 “
1336 2751 1576 2799 propterea
1592 2749 1798 2784 scorten-

301 2815 374 2849 tur
394 2807 510 2849 filiae
531 2807 749 2857 vestrae‚”
770 2814 817 2849 et
839 2807 1196 2849 adulterationes
1219 2808 1325 2849 boni
1346 2807 1555 2849 caelestis
1577 2820 1655 2859 per
1676 2805 1798 2859 quod

302 2873 580 2925 “propterea
602 2884 736 2911 nurus
757 2876 936 2911 vestrae
963 2870 1289 2912 adulterentur.
1293 2870 1313 2887 ''
1372 2870 1511 2924 Apud
1533 2868 1796 2918 Jeremiam,

368 2966 582 3000 “Numerus
605 2967 746 2999 urbium
771 2973 910 3000 tuarum
934 2967 1079 3000 fuerunt
1102 2967 1152 3000 dii
1175 2969 1239 3006 tui,
1255 2968 1405 3010 Jehuda,
1425 2974 1461 2999 et
1483 2967 1586 3008 juxta
1605 2976 1795 2998 numerum

476 3009 707 3067 [platearum]
726 3011 1003 3052 Hierosolymae
1027 3011 1196 3053 posuistis
1213 2994 1338 3044 altaria
1340 3036 1434 3050 .....
1441 3011 1567 3043 altaria
1583 3011 1628 3043 ad
1652 3011 1797 3042 suffien-

473 3055 558 3086 dum
577 3054 707 3086 Baali'¹
723 3054 783 3095 (xi.
800 3063 851 3095 13,
868 3055 941 3096 17):
