2060 3476
373 353 457 397 492
793 351 1122 386 APOCALYPSIS
1153 353 1449 387 EXPLICATA.

375 464 483 513 siae,
507 469 554 504 et
579 468 739 505 “terra
750 463 770 479 '’
792 469 863 519 est
885 471 1130 506 externum
1151 464 1245 519 ejus
1263 479 1272 517 ;
1302 476 1395 515 (quid
1406 477 1564 506 internum
1577 476 1729 506 ecclesiae
1740 481 1771 506 et
1785 476 1862 514 quid

374 538 539 563 externum
552 534 628 571 ejus,
641 533 786 563 videatur
796 534 829 564 in
842 535 999 565 Dot‘trina
1012 536 1122 565 Novae
1135 536 1378 574 Hierosolymae,
1391 545 1422 566 n.
1439 536 1498 573 246
1507 535 1533 574 ς)
1555 525 1659 565 ideo
1680 525 1859 574 dicitur,

375 589 401 606 “
414 585 535 626 Ecce
553 585 656 638 Ego
674 591 904 626 creaturus
924 585 1291 639 Hierosolymam
1309 586 1641 627 exultationem
1656 591 1703 627 et
1720 599 1861 640 popu-

374 649 466 689 lum
481 648 573 701 ejus
588 648 807 689 laetitiam
818 648 850 699 ;'’
867 652 892 670 “
907 648 1227 702 Hierosolyma
1239 649 1258 664 ’¹
1271 655 1341 690 est
1355 649 1593 698 ecclesia,“
1607 648 1832 689 exultatio
1842 647 1862 664 ”

374 718 444 753 est
461 710 706 764 jucundum
731 711 822 764 ejus
844 725 903 752 ex
926 712 1061 761 bono,
1080 719 1126 753 et
1152 716 1176 732 ‘⁴
1190 712 1365 753 laetitia
1376 711 1395 726 ”
1417 718 1487 753 est
1504 711 1747 765 jucundum
1769 710 1862 764 ejus

374 788 433 816 ex
459 789 579 816 vero.

457 835 537 891 [c.]
584 835 741 877 Simile
776 849 856 889 per
890 840 915 857 “
929 836 1107 877 caelum
1147 849 1317 877 novum
1360 842 1407 877 et
1455 842 1625 877 terram
1661 835 1861 877 novam’'

373 898 648 952 significatur
665 898 782 951 apud
801 898 992 939 eundem
1011 898 1292 951 prophetam,
1312 911 1407 952 cap.
1426 897 1533 939 lxvi.
1553 909 1605 939 22
1622 913 1631 949 ;
1654 905 1701 940 et
1718 897 1862 940 simile

373 975 451 1015 per
478 961 688 1002 “caelum
716 974 881 1002 novum
904 967 950 1002 et
973 967 1138 1002 terram
1165 961 1359 1002 novam”
1385 962 1429 1002 in
1454 961 1741 1014 Apocalypsi,
1765 973 1860 1016 cap.

373 1025 469 1064 xxi.
498 1036 542 1075 1;
576 1030 621 1065 et
648 1023 791 1066 simile
817 1038 895 1078 per
920 1023 998 1065 illa
1022 1025 1067 1065 in
1094 1025 1242 1078 capite
1268 1025 1411 1078 primo
1439 1024 1663 1075 Geneseos,

440 1119 481 1152 In
500 1120 675 1161 principio
691 1120 825 1152 creavit
841 1119 1002 1162 Jehovah
1019 1120 1155 1152 eaelum
1176 1126 1211 1152 et
1231 1126 1360 1153 terram
1375 1131 1382 1159 ;
1406 1122 1475 1152 “et
1494 1127 1588 1153 terra
1604 1127 1680 1153 erat
1696 1131 1809 1153 vacua
1827 1128 1862 1153 et

547 1164 675 1202 inanis,
698 1170 734 1196 et
753 1165 921 1196 tenebrae
941 1173 1048 1204 super
1066 1163 1222 1196 faciebus
1242 1164 1384 1205 abyssi:
1408 1170 1444 1196 et
1463 1165 1614 1206 Spiritus
1634 1164 1699 1196 Dei
1724 1175 1763 1196 se
1786 1174 1863 1197 mo-

546 1209 652 1239 vebat
672 1218 778 1248 super
797 1207 954 1239 faciebus
972 1205 1198 1249 Ulaquarurn:
1224 1214 1259 1240 et
1278 1208 1367 1240 dixit
1389 1208 1497 1246 Deus,
1523 1208 1600 1240 Fiat
1619 1208 1690 1247 lux,
1713 1215 1748 1240 et
1767 1207 1863 1240 faeta

547 1257 602 1283 est
621 1251 679 1282 lux
694 1261 716 1289 ;.
732 1276 739 1283 .
754 1276 760 1283 .
776 1257 826 1283 ‚et
845 1251 978 1283 creavit
996 1251 1092 1283 Deus
1112 1251 1295 1283 hominem
1316 1252 1352 1283 in
1373 1252 1566 1292 imaginem
1588 1262 1701 1290 suam,
1719 1252 1755 1283 in
1776 1252 1862 1284 ima—

546 1295 667 1335 ginem
687 1295 752 1327 Dei
769 1295 902 1326 creavit
918 1304 998 1326 eum
1012 1306 1019 1327 :
1045 1295 1241 1327 masculum
1255 1302 1290 1327 et
1303 1295 1473 1327 feminam
1487 1296 1620 1327 creavit
1633 1306 1695 1327 eos
1705 1295 1724 1308 ''
1735 1296 1771 1335 (i.
1786 1303 1858 1335 1-3,

548 1338 624 1379 27);

372 1431 522 1484 agitur
539 1431 597 1472 ibi
620 1431 676 1472 de
698 1431 1022 1472 instauratione
1045 1430 1280 1472 Ecclesiae
1298 1431 1470 1472 Primae
1487 1432 1531 1472 in
1548 1431 1631 1473 hac
1650 1431 1832 1474 Tellure
1851 1447 1860 1484 ;

372 1494 630 1536 reformatio
671 1495 903 1536 hominum
944 1494 1060 1536 illius
1101 1495 1319 1536 ecclesiae
1360 1495 1507 1548 quoad
1549 1496 1772 1536 internum
1815 1502 1861 1537 et

372 1557 519 1611 quoad
552 1564 793 1599 externum
829 1571 996 1607 eorum,
1029 1557 1298 1611 intelligitur
1329 1571 1406 1611 per
1432 1558 1708 1599 creationem
1749 1559 1862 1600 caeli

372 1627 417 1661 et
454 1626 614 1670 terrae,
652 1621 695 1661 in
728 1635 783 1662 eo
822 1621 995 1674 capite5
1040 1621 1160 1675 quod
1201 1621 1319 1674 prius
1356 1620 1479 1661 nulla
1518 1621 1722 1671 ecclesia,
1761 1623 1863 1676 quia

371 1683 576 1725 homines
602 1685 771 1738 absque
803 1684 923 1725 bono
950 1690 995 1725 et
1021 1697 1127 1727 veno
1159 1690 1302 1732 erant,
1331 1683 1607 1737 significatur
1638 1699 1716 1738 per
1741 1687 1861 1740 quod

374 1752 530 1788 “terra
555 1753 674 1788 esset
697 1760 838 1788 vacua
864 1753 909 1788 et
931 1747 1075 1788 inanis
1099 1745 1132 1798 ;”
1164 1754 1210 1788 et
1236 1747 1355 1801 quod
1378 1747 1421 1805 in
1444 1747 1585 1788 densa
1606 1749 1863 1801 ignorantia

371 1817 417 1851 et
435 1824 611 1864 quoque
629 1811 672 1851 in
690 1810 811 1851 falsis
829 1811 947 1864 prius
965 1810 1140 1858 fuerint,
1159 1809 1436 1864 significatur
1454 1823 1532 1864 per
1549 1811 1668 1865 quod
1694 1815 1718 1832 “
1732 1818 1861 1854 tene-

371 1874 477 1914 brae
499 1887 630 1927 super
652 1873 848 1914 faciebus
871 1873 1020 1926 abyssi
1037 1873 1070 1924 ;‘’
1098 1873 1238 1926 prima
1256 1886 1409 1914 eorum
1432 1873 1699 1915 illuminatio
1722 1875 1860 1928 signi-

371 1935 530 1977 ficatur
561 1950 639 1989 per
670 1936 790 1990 quod
825 1934 1052 1990 “Spiritus
1085 1936 1169 1977 Dei
1201 1950 1248 1977 se
1280 1936 1471 1977 moverit
1504 1950 1635 1990 super
1665 1937 1861 1978 faciebus

372 1997 645 2053 ¹¹1aquarum;
673 2005 719 2040 et
742 1999 908 2040 dixerit
933 1999 1068 2048 Deus,
1090 1999 1191 2040 Fiat
1215 1999 1307 2048 lux,
1327 2005 1373 2040 et
1395 1997 1513 2040 facta
1535 2006 1604 2040 est
1628 1999 1706 2040 lux
1724 2000 1757 2040 :”
1783 2014 1862 2053 per

373 2062 625 2116 “Spiritum
658 2062 742 2103 Dei
754 2061 773 2077 ’'
804 2061 1082 2114 significatur
1113 2061 1323 2104 Divinum
1353 2061 1523 2102 Verum
1554 2062 1803 2115 procedens
1835 2076 1861 2103 a

372 2125 584 2174 Domino,
624 2131 669 2166 et
707 2138 786 2178 per
823 2128 1044 2165 “movere
1085 2138 1132 2165 se
1177 2138 1309 2178 super
1344 2124 1539 2165 faciebus
1577 2122 1858 2179 [¹¹aquarum'’

372 2187 648 2241 significatur
674 2187 942 2237 illustrati0;
975 2186 1119 2227 simile
1150 2201 1228 2240 per
1252 2187 1468 2228 “lucem”
1494 2187 1784 2241 significatur,
1812 2194 1860 2230 et

371 2265 450 2305 per
474 2249 629 2291 “facta
651 2257 719 2291 est
746 2249 856 2291 lux’'
874 2249 1150 2303 significatur
1168 2251 1367 2304 receptio
1393 2250 1543 2291 Divini
1562 2251 1683 2292 Veri.
1727 2250 1861 2304 Quod

374 2314 534 2354 “Deus
556 2314 774 2354 creaverit
795 2313 1024 2354 hominem
1046 2313 1089 2353 in
1114 2313 1357 2366 imaginem
1381 2313 1544 2362 suam,'‘
1566 2313 1789 2367 significat
1812 2321 1861 2356 ut

371 2383 492 2418 esset
514 2377 558 2416 in
584 2389 736 2417 amore
758 2376 863 2416 boni
885 2382 931 2416 et
953 2376 1058 2424 veri,
1082 2382 1129 2417 et
1154 2376 1527 2429 corresponderet
1549 2376 1676 2418 caelo
1698 2383 1746 2418 ut
1769 2376 1861 2430 ejus

371 2438 542 2489 instar;
574 2452 700 2479 amor
725 2439 844 2479 enim
875 2439 981 2480 boni
1013 2445 1059 2480 et
1085 2439 1177 2479 veri
1203 2445 1273 2480 est
1302 2440 1491 2492 “imago
1523 2438 1647 2488 Dei,''
1679 2445 1724 2481 et
1756 2440 1861 2481 inde

370 2515 548 2555 quoque
586 2501 760 2542 caelum
798 2501 1052 2555 angelicum
1089 2508 1159 2542 est
1196 2502 1347 2555 imago
1388 2502 1500 2553 Dei;
1547 2516 1683 2556 quare
1723 2503 1861 2544 etiam

371 2564 546 2605 caelum
586 2564 839 2618 angelicum
884 2565 928 2606 in
969 2563 1213 2618 conspectu
1251 2565 1434 2606 Domini
1473 2571 1543 2606 est
1587 2566 1703 2606 sicut
1749 2579 1860 2606 unus

374 2626 529 2666 Homo
560 2636 718 2674 (videatur
737 2637 768 2665 in
792 2646 888 2674 opere
908 2637 958 2666 De
985 2637 1074 2666 Caelo
1093 2641 1122 2665 et
1143 2637 1279 2675 lnferno.
1299 2646 1330 2667 n.
1354 2638 1464 2674 59—67,
1487 2637 1597 2673 68-72,
1620 2646 1730 2675 73-77‚
1750 2638 1860 2673 78-86‚

370 2689 530 2729 87-102);
562 2679 683 2732 quod
709 2679 1000 2719 “masculum
1022 2685 1069 2719 et
1093 2678 1308 2720 feminam
1331 2680 1554 2719 creaverit
1572 2679 1691 2728 eOS‚'’
1716 2680 1858 2732 signi—

370 2737 476 2779 ficat
492 2737 613 2791 quod
627 2737 942 2779 reformaverit
957 2738 1107 2792 quoad
1122 2751 1278 2779 verum
1293 2745 1340 2780 et
1355 2738 1544 2790 bonum;
1560 2742 1584 2759 ‘⁴
1598 2739 1826 2779 masculus
1839 2738 1859 2754 ''

370 2805 440 2840 est
477 2812 632 2840 verum
669 2805 715 2839 et
755 2799 984 2839 “femina”
1010 2806 1080 2840 est
1117 2800 1297 2840 bonum.
1359 2799 1433 2839 Ex
1470 2799 1537 2840 his
1574 2805 1701 2852 patet
1738 2800 1857 2853 quod

371 2874 462 2902 non
481 2862 650 2902 creatio
667 2861 780 2902 caeli
802 2867 848 2902 et
871 2867 1031 2911 terrae,
1051 2862 1271 2915 sed-quod
1295 2875 1413 2902 nova
1434 2863 1603 2902 creatio
1621 2875 1699 2903 seu
1720 2861 1858 2903 resor-

370 2924 510 2964 matio
532 2924 762 2965 hominum
786 2923 1019 2965 Ecclesiae
1042 2925 1229 2973 Primae,
1252 2924 1296 2964 in
1323 2938 1377 2965 eo
1399 2925 1546 2977 capite
1569 2931 1614 2965 et
1641 2931 1857 2977 sequente

370 2987 673 3039 describatur;
706 2993 752 3028 et
784 2987 903 3040 quod
935 2987 1095 3028 similia
1121 2987 1180 3028 ibi
1204 2987 1519 3040 intelligantur
1544 3001 1622 3040 per
1650 2991 1674 3007 “
1691 2999 1854 3028 novum
