2060 3476
279 327 361 368 218
696 331 1028 365 APOCALYPSIS
1060 330 1358 365 EXPLICATA.

281 444 486 487 “fruetus
517 457 704 499 operum
717 444 736 459 ''
766 449 872 484 sunt
902 443 1024 484 bona
1054 456 1169 496 quae
1199 441 1380 482 amoris.
1439 450 1552 490 (Quod
1566 446 1692 480 vm„
1706 449 1769 480 sint

278 519 352 539 vera
365 519 447 547 quae
463 509 545 544 fidei,
561 510 705 538 videatur
723 517 827 545 supra,
855 517 887 540 n.
910 506 986 549 97:
1015 511 1046 536 et
1064 507 1153 544 quod
1168 503 1185 514 ‘¹
1197 505 1318 535 frud’tus
1332 513 1466 542 operum
1477 503 1494 514 '⁸
1510 504 1572 533 sint
1584 503 1672 533 bona
1685 511 1769 541 quae

277 563 403 597 amoris,
430 572 463 592 n.
481 553 550 604 98,
575 562 667 604 109,
692 550 783 600 116,
801 561 870 599 ibi.)
927 549 1067 603 Apud
1092 549 1303 596 eundem,

376 645 570 688 “Jehovah
588 644 745 677 Zebaoth
762 644 918 685 probans
934 643 1079 684 justum,
1099 642 1225 674 videns
1242 650 1346 672 renes
1362 646 1398 672 et
1414 638 1504 672 cor”
1520 638 1591 680 (xx.
1609 638 1681 680 12);

277 729 324 764 et
350 722 469 776 apud
494 722 731 771 Davidem,

345 799 368 814 “
379 798 562 849 Confi-rma
573 797 718 883 jffltuff'
736 806 819 882 nsstm
833 796 891 838 qui
909 796 1039 837 probas
1056 794 1164 827 corda
1176 801 1211 826 et
1228 803 1331 825 renes
1346 793 1443 825 Deus
1459 792 1576 834 justus
1586 791 1604 804 '¹
1618 791 1765 832 (Psalm.

450 851 510 874 vu.
529 850 570 873 10
641 865 648 873 .
703 866 710 873 .
727 851 748 882 9
792 850 799 879 ;

279 937 420 990 “justi
431 937 450 952 ''
472 951 552 991 pro
574 936 660 977 illis
682 936 755 990 qui
781 941 938 976 amant
960 934 1106 975 facere
1128 946 1282 974 verum
1308 938 1355 974 et
1380 932 1576 983 bonum;
1608 931 1767 973 horum

279 1014 386 1042 vera
412 1006 458 1042 et
489 1001 608 1041 bona
639 998 927 1053 purificantur
953 1012 979 1038 a
1005 997 1217 1046 Domino,
1245 995 1365 1050 quod
1397 995 1665 1048 intelligitur
1690 1009 1769 1048 per

278 1063 398 1118 quod
423 1063 585 1104 “vides
597 1062 616 1078 ’'
638 1069 685 1103 et
705 1061 906 1115 “probas
925 1073 1056 1101 renes
1078 1066 1125 1100 et
1148 1058 1321 1100 corda.’'
1366 1057 1505 1112 Apud
1529 1057 1765 1106 Davidem,

346 1154 368 1167 ‘⁴
382 1152 499 1184 Proba
521 1161 577 1183 me
594 1150 767 1192 jehovah,
787 1155 822 1181 et
846 1155 945 1181 tenta
968 1158 1036 1187 me,
1056 1148 1203 1189 explora
1226 1157 1330 1179 renes
1355 1157 1455 1179 meos
1479 1152 1514 1178 et
1537 1156 1598 1178 eor
1621 1156 1739 1178 meum
1750 1145 1769 1159 ”

451 1195 598 1234 (Psalm.
614 1194 710 1226 xxvi.
727 1194 760 1234 2)
774 1203 781 1232 ;

277 1283 379 1336 quia
402 1295 508 1322 vera
534 1294 559 1321 a
585 1280 706 1321 falsis
733 1285 779 1320 et
805 1279 924 1320 bona
950 1293 976 1319 a
1002 1277 1132 1319 malis
1158 1283 1426 1331 separantur
1447 1291 1525 1331 per
1547 1275 1766 1318 tentatio-

277 1358 370 1393 nes,
399 1344 501 1385 ideo
527 1343 700 1392 dicitur,
731 1342 922 1383 “Tenta
947 1341 1056 1383 me.’'
1115 1340 1255 1394 Apud
1281 1340 1488 1389 eundem,

344 1436 366 1448 ‘⁸
380 1434 620 1465 Exacerbatur
636 1442 697 1464 cor
713 1442 843 1470 meum,
863 1437 898 1463 et
922 1431 1065 1463 renibus
1089 1431 1178 1462 meis
1195 1439 1329 1462 exacuo
1346 1440 1402 1462 me
1416 1439 1423 1468 ;
1449 1429 1511 1462 sed
1527 1439 1594 1470 ego
1619 1429 1768 1461 stolidus

450 1486 515 1509 nec
532 1475 741 1517 cognosc0''
759 1475 905 1516 (Psalm.
921 1475 1031 1507 lxxiii.
1049 1483 1101 1513 21,
1118 1474 1173 1515 22)
1187 1483 1195 1513 ;

274 1572 505 1613 infestatio
537 1572 643 1613 boni
674 1585 700 1612 a
732 1570 867 1620 malo,
895 1577 942 1612 et
968 1571 1060 1612 veri
1086 1584 1112 1610 a
1142 1569 1269 1618 falso,
1298 1569 1564 1610 describitur
1588 1582 1668 1623 per
1691 1567 1768 1610 illa

273 1635 425 1677 verba.
486 1634 625 1689 Apud
652 1635 861 1683 eundem,

343 1731 466 1763 “Ecce
483 1730 670 1762 veritatem
688 1730 870 1761 desideras
893 1729 929 1761 in
948 1730 1103 1767 renibus,
1124 1735 1160 1761 et
1184 1729 1219 1761 in
1245 1729 1384 1761 occulto
1408 1729 1620 1770 sapientiam
1646 1734 1768 1761 notam

449 1774 537 1806 facis
554 1774 641 1806 mihi
653 1773 670 1786 '¹
687 1774 833 1814 (Psalm.
851 1774 886 1806 li.
905 1774 922 1805 8
943 1772 1003 1816 [B.
1019 1774 1065 1806 A.
1083 1771 1134 1815 6])
1149 1782 1156 1811 ;

272 1868 343 1909 hic
371 1867 571 1908 “renes'’
593 1866 680 1908 alia
698 1880 812 1908 voce
835 1867 878 1908 in
902 1866 1056 1920 lingua
1078 1865 1285 1920 originali
1307 1866 1633 1920 exprimuntur,
1653 1879 1766 1920 quae

271 1930 463 1972 involvit
487 1937 582 1971 tam
606 1931 941 1983 separationem
968 1929 1181 1970 salsorum
1203 1943 1229 1969 a
1251 1929 1365 1969 veris
1390 1942 1523 1982 quam
1547 1928 1765 1970 malorum

271 2008 297 2034 a
314 1994 444 2035 bonis
463 2008 472 2044 ;
496 1994 599 2034 inde
615 1999 743 2047 patet
762 1993 881 2047 quod
900 2007 979 2046 per
996 1996 1020 2013 ‘⁶
1033 1992 1193 2034 renes'’
1211 1991 1459 2047 purificatio
1474 1998 1520 2033 et
1540 1993 1765 2047 separatio

272 2056 564 2110 significetur.
627 2056 766 2110 Apud
793 2057 1002 2105 eundem,

342 2145 590 2177 “Benedicam
614 2145 775 2187 Jehovae
794 2145 852 2186 qui
876 2145 1054 2177 consuluit
1078 2145 1176 2184 mihi,
1197 2145 1303 2177 etiam
1329 2144 1493 2178 noctibus
1518 2146 1693 2186 castigant
1709 2155 1766 2177 me

446 2199 550 2221 renes
567 2189 666 2220 mei''
683 2189 830 2229 (Psalm.
848 2189 918 2221 xvi.
937 2190 968 2229 7)
983 2198 990 2227 ;

273 2277 484 2320 “no&es''
496 2278 753 2332 significant
769 2285 942 2320 statum
957 2279 1152 2320 hominis
1167 2279 1347 2333 quando
1361 2279 1472 2321 falsa
1486 2287 1737 2333 exsurgunt
1754 2295 1763 2332 ;

270 2355 424 2396 pugna
456 2348 563 2382 tunc
590 2356 798 2383 verorum
830 2356 930 2383 cum
962 2342 1049 2383 illis
1081 2342 1360 2396 significatur
1390 2357 1469 2397 per
1497 2344 1765 2396 “castigant

271 2417 343 2445 me
365 2404 535 2446 renes.''
595 2404 733 2459 Apud
756 2405 963 2455 eundem,

339 2494 362 2509 “
375 2493 491 2526 Etiam
509 2495 677 2525 tenebrae
691 2504 764 2525 non
781 2494 917 2526 faciunt
933 2495 1100 2527 tenebras
1117 2505 1202 2535 prae
1219 2502 1264 2533 te,
1281 2494 1344 2527 sed
1361 2505 1433 2526 nox
1450 2495 1541 2527 sicut
1557 2495 1633 2527 dies
1650 2495 1766 2527 lucida

445 2543 508 2575 est,
529 2538 619 2569 sicut
636 2539 803 2569 tenebrae
821 2538 871 2570 ita
886 2538 947 2569 lux
961 2548 968 2575 ;
993 2539 1048 2570 Tu
1065 2539 1160 2570 enim
1186 2539 1349 2579 possides
1366 2548 1470 2570 renes
1486 2548 1586 2570 meos
1591 2563 1683 2577 .....
1691 2549 1764 2570 non

444 2581 547 2612 latuit
559 2581 615 2665 >Te
632 2591 673 2613 os
691 2591 808 2613 meum
826 2591 906 2613 cum
923 2580 1039 2614 faetus
1056 2592 1134 2613 sum
1151 2582 1188 2614 in
1205 2582 1344 2614 occulto
1355 2582 1374 2595 ’'
1391 2581 1537 2623 (Psalm.
1553 2582 1692 2615 cxxxix.
1711 2591 1761 2620 12,

449 2633 499 2663 13,
519 2632 555 2663 15
585 2634 592 2663 ἱ

273 2711 527 2753 “tenebrae
539 2710 558 2726 ’'
581 2717 685 2752 sunt
712 2711 837 2760 falsa,
862 2718 908 2753 et
934 2711 1081 2752 “lux'’
1103 2718 1208 2753 sunt
1234 2726 1366 2764 vera3
1401 2712 1668 2766 “possidere
1693 2726 1762 2753 re-

272 2774 382 2815 nes‘'
416 2780 487 2815 est
518 2774 631 2814 scire
664 2774 776 2815 falsa
808 2781 855 2816 et
886 2789 992 2815 vera
1022 2775 1140 2828 apud
1173 2775 1430 2826 hominem;
1468 2776 1571 2816 inde
1603 2775 1764 2816 dicitur

273 2841 403 2878 “non
437 2837 569 2878 latuit
595 2836 662 2878 Te
689 2851 739 2878 os
766 2850 915 2878 meum
942 2851 1043 2878 cum
1074 2837 1216 2880 faetus
1242 2852 1340 2879 sum
1366 2839 1410 2879 in
1437 2839 1659 2888 occulto,”
1685 2853 1764 2893 per

271 2899 391 2953 quod
426 2899 702 2953 significatur
734 2901 853 2954 quod
887 2913 978 2941 non
1012 2900 1195 2942 latuerit
1229 2902 1412 2956 aliquod
1448 2901 1607 2942 falsum
1641 2903 1760 2956 quod

269 2959 437 3001 fafflssum
455 2966 540 3002 est.
599 2964 711 3011 (Quod
724 2968 741 2980 ‘⁴
753 2972 901 3002 tenebrae
913 2972 929 2982 ''
942 2974 1003 3002 sint
1019 2973 1104 3008 falsa,
1120 2978 1151 3002 et
1164 2970 1246 3003 “lux
1259 2973 1275 2983 ''
1289 2974 1350 3003 sint
1363 2982 1446 3009 vera,
1462 2974 1605 3004 videatur
1619 2974 1651 3003 in
1666 2983 1763 3012 opere
