2060 3476
300 356 379 398 312
714 355 1047 389 APOCALYPSIS
1079 356 1377 389 EXPLICATA.

294 467 495 521 Jehovae
513 482 667 509 versus
685 469 1044 522 septentrionem
1062 475 1107 511 et
1126 484 1279 511 versus
1297 463 1518 511 orientem
1537 469 1655 524 apud
1676 484 1786 512 eun-

295 531 400 573 dem
426 531 703 585 Prophetam
732 531 847 586 (cap.
867 533 953 573 viii.
979 544 1017 585 3,
1039 544 1093 585 43
1127 547 1223 587 cap.
1248 547 1293 573 x.
1322 532 1406 586 19).

374 613 511 656 209.
549 604 679 650 “Ouia
697 605 927 645 nonnullam
947 605 1074 646 habes
1091 604 1328 662 potentiam,
1349 608 1393 645 et
1411 604 1641 646 observasti
1657 618 1788 646 meum

299 664 472 711 verbum,
498 667 542 704 et
566 678 644 705 non
672 665 841 718 negasti
863 678 1005 706 nomen
1032 664 1399 717 meumst—Quod
1427 664 1649 717 significet
1674 666 1794 719 quod

295 725 388 766 illis
419 732 592 767 tantum
620 727 843 779 potentiae
872 742 900 768 a
935 727 1122 768 Domino
1151 727 1214 767 sit
1242 733 1394 767 contra
1424 726 1544 767 mala
1572 731 1615 767 et
1637 726 1784 779 falsa,

295 796 507 842 quantum
529 804 637 831 vera
657 804 714 831 ex
744 790 883 831 Verbo
894 789 1076 842 faciunt
1096 790 1225 839 vitae,
1249 796 1291 830 et
1315 796 1556 842 agnoscunt
1574 790 1788 832 Divinum

293 851 477 893 Domini
489 853 534 893 z'n
550 853 758 899 Humano
774 853 939 906 Ipsius,
956 859 1139 894 constat
1158 867 1218 893 ex
1236 853 1566 906 significatione
1583 856 1608 873 ‘¹
1621 853 1787 895 habere

294 915 581 967 potentiam’'
612 916 732 970 quod
769 918 827 957 sit
865 916 1072 969 potentia
1105 930 1131 956 a
1169 915 1367 956 Domino
1398 922 1558 956 contra
1589 915 1708 957 mala
1738 923 1785 958 et

293 978 430 1029 salsa;
464 986 510 1020 et
537 981 639 1034 quia
665 981 815 1033 agitur
840 980 895 1020 de
922 980 1009 1020 illis
1036 981 1109 1034 qui
1140 981 1184 1021 in
1216 979 1302 1020 fide
1329 994 1388 1021 ex
1415 979 1639 1020 charitate
1665 987 1784 1029 sunt,

292 1041 456 1083 dicitur
481 1042 600 1096 quod
629 1042 933 1083 “nonnullam
959 1043 1159 1084 habeant
1186 1044 1441 1097 potentiam
1454 1042 1473 1058 ’'
1502 1042 1576 1096 (de
1603 1057 1690 1096 qua
1715 1057 1785 1084 se-

292 1105 461 1159 quitur)
482 1120 490 1156 ;
524 1120 582 1146 ex
602 1105 932 1159 significatione
954 1110 978 1126 “
992 1106 1232 1148 observare
1255 1119 1404 1147 meum
1423 1106 1648 1154 verbum‚”
1666 1106 1785 1160 quod

293 1169 350 1209 sit
383 1183 488 1209 vera
519 1183 578 1209 ex
612 1169 767 1209 Verbo
804 1169 949 1210 facere
980 1170 1115 1218 vitae,
1150 1170 1390 1210 observare
1422 1170 1540 1210 enim
1572 1183 1678 1210 vera
1708 1183 1786 1210 seu

293 1238 536 1286 praecepta
560 1246 649 1273 non
672 1232 809 1273 modo
833 1232 1057 1286 significat
1080 1234 1191 1287 scire
1215 1239 1260 1274 et
1285 1234 1573 1286 appercipere
1595 1232 1686 1281 illa,
1706 1233 1786 1274 sed

292 1296 430 1336 ctiam
449 1295 566 1336 velle
589 1302 635 1336 et
658 1295 817 1344 facere,
838 1310 915 1336 seu
938 1310 1116 1337 servare
1134 1296 1238 1346 illa;
1271 1303 1317 1337 et
1337 1296 1410 1350 qui
1428 1295 1586 1336 volunt
1610 1302 1655 1336 et
1678 1295 1784 1336 faci-

292 1365 387 1408 unt,
411 1358 474 1399 illi
496 1373 602 1400 vera
624 1373 738 1412 quae
764 1360 912 1400 sciunt
940 1365 986 1400 et
1013 1360 1325 1413 appercipiunt
1352 1373 1411 1400 ex
1436 1358 1591 1399 Verbo
1617 1359 1785 1400 faciunt

291 1436 397 1462 suae
411 1423 532 1463 vitae
551 1420 778 1475 (videatur
792 1423 931 1463 etiam
948 1421 1136 1476 [supra]‚
1151 1436 1192 1463 n,
1211 1422 1300 1477 15);
1319 1429 1365 1463 et
1381 1437 1440 1463 ex
1455 1421 1785 1476 significatione

293 1489 422 1526 “non
450 1499 616 1539 negare
644 1499 809 1527 nomen
836 1486 1025 1535 meum‚’'
1051 1486 1171 1540 quod
1203 1487 1261 1527 sit
1291 1500 1540 1540 agnoscere
1574 1486 1784 1526 Divinum

291 1549 474 1590 Domini
500 1551 544 1590 in
574 1550 787 1590 Humano
814 1550 959 1603 Ipsius
988 1548 1064 1603 (de
1090 1563 1178 1603 qua
1204 1564 1350 1603 supra,
1379 1563 1420 1590 n.
1454 1548 1565 1603 135).
1628 1549 1784 1591 Scien-

290 1613 397 1654 dum
423 1620 493 1654 est
517 1613 637 1667 quod
660 1613 749 1654 duo
775 1612 1038 1667 principalia
1060 1613 1279 1654 ecclesiae
1302 1615 1406 1662 sint,
1431 1627 1594 1667 nempe
1617 1626 1784 1666 agnos·

290 1690 391 1717 cere
414 1676 626 1717 Divinum
651 1676 833 1717 Domini
855 1677 899 1717 in
924 1675 1139 1717 Humano
1162 1676 1320 1730 Ipsius,
1345 1690 1396 1717 ac
1419 1691 1526 1717 vera
1547 1691 1607 1717 ex
1630 1676 1786 1718 Verbo

289 1741 434 1782 facere
457 1754 563 1781 suae
581 1741 702 1781 vitae
721 1754 729 1790 ;
763 1753 897 1780 nemo
919 1741 1058 1780 etiam
1080 1741 1124 1780 in
1147 1753 1236 1780 uno
1259 1746 1413 1793 potest
1433 1753 1531 1780 esse
1549 1740 1632 1780 nisi
1654 1738 1785 1780 simul

288 1806 333 1846 in
359 1804 519 1854 altero,
546 1817 650 1845 nam
673 1805 825 1844 omnia
846 1817 953 1844 vera
974 1817 1088 1857 quae
1114 1803 1225 1844 fiunt
1248 1804 1369 1844 vitae
1392 1810 1496 1844 sunt
1523 1817 1549 1844 a
1572 1803 1782 1852 Domino,

288 1875 335 1910 et
362 1868 447 1909 hoc
475 1868 594 1922 apud
624 1867 726 1908 illos
752 1868 825 1921 qui
851 1873 1108 1920 agnoscunt
1141 1867 1353 1908 Divinum
1385 1867 1429 1908 in
1463 1867 1677 1907 Humano
1709 1866 1783 1920 Ip-

288 1933 403 1981 sius:
439 1932 661 1973 Dominus
681 1932 800 1972 enim
823 1931 965 1972 influit
989 1931 1107 1984 apud
1130 1944 1287 1971 omnes
1311 1937 1406 1971 tam
1427 1931 1472 1971 in
1495 1929 1632 1971 caelis
1649 1942 1783 1983 quam

288 1997 331 2036 in
359 1996 488 2036 terris
514 2009 573 2035 ex
607 1995 772 2035 Divino
806 1994 1020 2035 Humano
1047 2008 1141 2042 suo,
1170 2000 1216 2035 et
1244 2007 1334 2034 non
1366 2007 1424 2034 ex
1457 1993 1622 2034 Divino
1651 2006 1782 2046 sepa·-

287 2064 402 2106 rato,
427 2071 509 2099 nec
537 2072 596 2098 ex
625 2057 838 2098 Humano
864 2064 1103 2110 separato;
1136 2063 1413 2110 quapropter
1434 2057 1507 2110 qui
1533 2057 1577 2096 in
1604 2057 1781 2108 cogita-

288 2122 412 2162 tione
434 2135 513 2161 sua
535 2112 748 2174 separant
776 2121 989 2161 Divinum
1017 2120 1199 2160 Domini
1226 2120 1283 2160 ab
1308 2119 1523 2160 Humano
1552 2119 1711 2172 Ipsiu5‚
1736 2124 1783 2159 et

287 2181 496 2237 spectant
535 2183 679 2224 Patris
712 2184 924 2224 Divinum
957 2196 1047 2224 non
1084 2184 1127 2223 in
1164 2182 1243 2223 illo
1279 2182 1359 2223 sed
1392 2182 1526 2235 juxta
1556 2182 1667 2223 illud
1703 2188 1782 2223 aut

287 2261 421 2301 supra
456 2247 580 2296 illud,
614 2248 679 2287 ita
710 2253 983 2300 separatum,
1016 2246 1080 2287 illi
1112 2259 1203 2286 non
1235 2245 1455 2299 recipiunt
1487 2245 1683 2299 aliquem
1715 2246 1782 2286 in-

286 2310 457 2350 fluxum
479 2324 505 2350 a
529 2310 740 2358 Domino,
760 2311 824 2350 ita
846 2323 927 2350 nec
951 2324 976 2350 e
998 2309 1152 2359 caelo;
1180 2322 1284 2349 nam
1307 2322 1464 2350 omnes
1483 2310 1556 2363 qui
1578 2310 1623 2349 in
1646 2308 1783 2350 caelis

287 2376 408 2419 sunt,
438 2376 699 2423 agnoscunt
731 2371 946 2411 Divinum
979 2371 1243 2411 Humanum
1275 2369 1461 2411 Domini
1494 2381 1548 2419 (de
1563 2389 1628 2418 qua
1641 2390 1675 2409 re
1689 2380 1784 2409 etiam

287 2437 430 2465 videatur
444 2437 476 2464 in
498 2445 593 2474 opere
615 2437 667 2465 De
685 2437 776 2465 Caelo
791 2440 822 2465 et
840 2437 977 2475 Inferna,
994 2446 1024 2466 n.
1042 2437 1109 2471 2—6,
1125 2446 1214 2473 7—12,
1230 2437 1340 2474 59-67‚
1355 2437 1465 2472 68-72,
1481 2437 1591 2473 78-86,
1606 2445 1682 2474 seq.y
1699 2436 1783 2473 212).

287 2488 363 2528 Ex
390 2488 458 2529 his
485 2495 614 2542 patet
641 2489 760 2543 quod
787 2489 937 2529 omnia
963 2503 1068 2529 vera
1091 2502 1204 2542 quae
1231 2488 1342 2529 fiunt
1369 2489 1491 2529 vitae
1517 2489 1607 2529 sint
1635 2502 1661 2529 a
1687 2488 1781 2528 Do-

288 2553 410 2593 mino
433 2552 551 2605 apud
578 2551 680 2592 illos
702 2553 775 2605 qui
797 2558 1052 2605 agnoscunt
1078 2552 1288 2592 Divinum
1312 2553 1354 2592 in
1383 2551 1596 2592 Humano
1621 2551 1779 2605 Ipsius,

287 2615 372 2656 hoc
410 2622 495 2663 est,
535 2615 747 2655 Divinum
788 2614 1060 2655 Humanum.
1134 2614 1256 2655 Vera
1292 2614 1404 2655 fiunt
1441 2615 1564 2655 vitae
1601 2614 1783 2668 quando

286 2679 425 2719 homo
450 2684 573 2719 amat
600 2677 691 2727 illa,
720 2680 783 2719 ita
809 2679 990 2732 quando
1016 2678 1113 2719 vult
1146 2678 1222 2719 illa
1248 2684 1295 2719 et
1324 2678 1431 2718 facit
1457 2677 1548 2727 illa,
1578 2691 1682 2718 nam
1708 2677 1782 2731 qui

286 2748 412 2782 amat
444 2742 480 2782 is
511 2740 609 2782 vult
639 2748 686 2782 et
718 2741 850 2792 facit;
884 2742 1024 2782 verbo
1055 2741 1166 2782 fiunt
1193 2742 1314 2782 vitae
1341 2741 1522 2795 quando
1553 2739 1691 2781 homo
1723 2754 1782 2780 ex

287 2803 524 2846 affectione
549 2805 659 2845 vivit
690 2805 936 2845 secundum
968 2804 1058 2845 illa.
1122 2803 1255 2857 Quod
1287 2803 1364 2844 illa
1389 2817 1495 2844 vera
1525 2817 1552 2844 a
1583 2803 1782 2844 Domino

286 2869 392 2917 sint,
420 2874 490 2909 est
517 2868 619 2922 quia
652 2868 874 2908 Dominus
906 2868 1047 2909 influit
1079 2868 1124 2908 in
1155 2880 1355 2908 amorem
1382 2867 1501 2921 apud
1532 2865 1777 2913 hominem,

286 2938 333 2972 et
360 2945 439 2985 per
463 2930 588 2972 illum
614 2932 658 2971 in
680 2945 800 2980 vera,
825 2938 871 2973 et
899 2932 960 2972 sic
987 2931 1094 2972 facit
1122 2930 1234 2971 haec
1257 2930 1391 2971 vitae.
1453 2929 1584 2970 Nunc
1610 2928 1779 2982 aliquid

286 2995 461 3036 dicetur
492 2995 547 3036 de
579 2996 787 3049 potentia
813 3008 927 3049 quae
959 2994 1046 3035 illis
1077 3001 1148 3036 est
1180 3007 1205 3035 a
1237 2993 1436 3034 Domino
1467 2998 1627 3035 contra
1658 2991 1779 3032 mala
