2060 3476
375 365 454 408 510
782 350 1114 395 nocuis-fisis
1145 348 1445 393 EXPLiC-ATA.

371 476 492 517 solus
525 476 759 524 Dominus,
787 481 857 516 est
889 474 991 529 quia
1021 480 1092 515 est
1124 472 1245 515 solus
1277 472 1414 522 Deus,
1443 476 1489 512 et
1514 470 1618 525 quia
1647 462 1857 511 formavit

371 538 545 579 caelum
564 537 820 591 angelicum
842 537 899 578 ad
922 537 1165 590 imaginem
1188 534 1277 584 Sui,
1297 540 1344 575 et
1366 533 1596 574 hominem
1617 531 1675 573 ad
1697 531 1858 584 imagi-

371 613 474 641 nem
497 599 636 651 caeli;
669 605 943 653 quapropter
969 598 1012 639 Is
1039 598 1124 639 scit
1147 597 1298 638 omnia
1319 594 1432 637 caeli
1458 595 1502 635 in
1525 594 1778 644 communi;
1811 599 1857 634 et

370 663 444 716 qui
462 663 546 703 scit
561 663 712 703 omnia
729 661 842 703 caeli
859 662 903 702 in
919 660 1160 708 communi,
1175 660 1211 700 is
1226 671 1402 712 quoque
1417 657 1502 698 scit
1517 655 1859 709 unumquemvis

370 725 414 765 in
430 723 706 778 particulari3
734 736 838 764 nam
852 723 991 764 homo
1004 723 1078 776 qui
1095 722 1139 762 in
1154 721 1269 762 veris
1286 734 1347 761 ex
1361 719 1482 760 bono
1496 724 1580 767 est,
1593 723 1640 759 et
1653 716 1858 771 angelus,

370 793 440 828 est
463 787 615 839 imago
637 785 763 835 caeli,
787 791 857 826 est
879 785 997 826 enim
1019 784 1162 825 forma
1183 782 1302 835 ejus:
1335 781 1439 823 inde
1462 789 1638 834 quoque
1660 780 1861 833 sequitur

370 849 490 903 quod
517 861 651 889 nemo
676 849 790 889 sciat
815 846 1001 899 alicujus
1024 851 1172 887 status
1197 846 1242 885 in
1268 837 1540 898 particulari,
1565 842 1648 883 nisi
1672 842 1747 896 qui
1773 841 1859 882 scit

370 917 543 952 statum
566 911 764 951 omnium
787 920 1100 959 communem;
1133 906 1304 961 pendet
1329 906 1449 948 enim
1476 903 1697 946 indivulse
1723 916 1859 945 unum

370 971 428 1012 ab
463 971 625 1012 altero.
683 981 762 1020 (Sed
781 981 861 1010 haec
879 989 945 1009 non
963 979 1074 1018 paucis
1092 983 1226 1017 possunt
1245 977 1397 1013 describi:
1425 985 1524 1014 quare
1542 976 1710 1005 videantur
1727 984 1810 1013 quae
1829 976 1862 1005 in

370 1040 466 1068 opere
482 1031 532 1059 De
550 1031 640 1060 Caelo
655 1034 686 1059 et
698 1030 826 1068 Inferna
840 1034 966 1058 ostensa
980 1031 1062 1062 sunt,
1078 1027 1133 1057 ubi
1148 1026 1325 1056 distinctius
1345 1030 1377 1055 et
1397 1024 1592 1063 perspicuius
1612 1024 1692 1054 haec
1706 1023 1862 1062 descripta

370 1080 451 1110 sunt,
468 1075 499 1104 in
519 1075 724 1112 sequentibus
744 1074 967 1103 his*articulis:
996 1073 1095 1110 Quod
1118 1071 1269 1101 Divinum
1291 1071 1422 1101 Domini
1443 1070 1536 1100 faciat
1558 1069 1702 1104 Caelum,
1718 1078 1750 1099 n.
1764 1077 1861 1106 7-12:

370 1121 467 1158 Quod
483 1120 700 1157 unusquisque
711 1119 854 1156 Angelus
869 1118 908 1148 sit
923 1118 1056 1148 Caelum
1071 1117 1103 1146 in
1117 1117 1248 1146 minima
1261 1116 1373 1151 forma,
1386 1125 1417 1146 n.
1430 1117 1545 1153 51-58:
1569 1115 1667 1152 Quod
1680 1114 1862 1144 universum

370 1166 503 1196 Caelum
523 1165 554 1194 in
569 1165 739 1202 complexu
753 1164 866 1193 reserat
880 1172 980 1192 unum
998 1162 1184 1196 Hominem,
1200 1171 1231 1191 n.
1247 1162 1363 1199 59-67;
1385 1161 1501 1199 pariter
1516 1159 1709 1197 unaquaevis
1723 1159 1864 1189 Societas

370 1211 422 1244 ibi,
438 1219 468 1240 n.
484 1211 601 1246 68-72:
627 1210 725 1246 Quod
746 1209 820 1238 inde
842 1208 1061 1245 unusquisque
1081 1207 1224 1245 Angelus
1245 1206 1284 1236 sit
1304 1206 1336 1235 in
1356 1205 1497 1244 perfeeta
1519 1205 1636 1234 Forma
1658 1204 1820 1238 Humana,
1830 1212 1862 1234 n.

370 1264 485 1293 73-77:
509 1255 607 1292 Quod
619 1254 752 1285 Caelum
762 1254 794 1283 in
807 1258 873 1283 toto
883 1258 914 1282 et
925 1253 956 1282 in
965 1258 1054 1290 parte
1064 1252 1176 1282 reserat
1187 1252 1373 1286 Hominem,
1383 1251 1472 1288 quod
1481 1250 1519 1279 sit
1528 1259 1567 1279 ex
1581 1250 1697 1279 Divino
1708 1250 1863 1279 Humano

371 1300 511 1335 Domini,
524 1309 554 1330 n.
565 1298 714 1337 1¹]78-86:
738 1299 836 1336 Quod
848 1297 1136 1336 Cor-respondentia
1150 1297 1189 1326 sit
1203 1297 1347 1326 omnium
1363 1296 1440 1325 caeli
1456 1304 1529 1325 cum
1541 1295 1690 1324 omnibus
1703 1294 1862 1329 Hominis,

370 1360 400 1380 n.
418 1352 554 1387 87-102:
579 1350 630 1379 De
645 1348 881 1387 Conjuntstione
897 1347 985 1378 Caeli
1005 1357 1078 1377 cum
1099 1347 1255 1376 Humano
1270 1346 1404 1380 Genere,
1420 1355 1451 1375 n.
1468 1344 1633 1383 291-302.)
1703 1332 1861 1374 seien-

371 1401 477 1441 dum
509 1406 578 1441 est
611 1399 730 1454 quod
765 1398 836 1440 hic
869 1404 915 1440 et
948 1397 1054 1439 alibi
1090 1397 1134 1438 in
1166 1396 1322 1438 Verbo
1353 1396 1530 1436 dicatur
1562 1398 1588 1415 ‘⁴
1601 1394 1751 1443 liber,''
1782 1392 1862 1434 sed

370 1462 490 1517 quod
514 1461 734 1516 perillum
757 1458 1296 1514 intelligatur·volumen;
1329 1458 1524 1512 antiquis
1542 1457 1662 1498 enim
1680 1462 1862 1510 tempo-

370 1525 490 1566 ribus
512 1524 729 1578 scriptum
751 1523 832 1564 suit
856 1535 987 1576 super
1009 1521 1296 1569 membranis,
1320 1534 1434 1575 quae
1457 1518 1860 1568 convolvebantur,

371 1592 417 1628 et
455 1586 718 1627 membrana
754 1584 1002 1626 vocabatur
1041 1586 1067 1604 “
1082 1583 1193 1624 liber
1207 1582 1227 1598 ''
1264 1587 1310 1623 et
1350 1581 1600 1622 “volumen
1637 1580 1776 1629 libri‚''
1812 1586 1862 1622 ut

370 1662 548 1703 quoque
575 1653 786 1689 constare
812 1652 967 1701 potest
993 1659 1053 1687 ex
1079 1645 1234 1686 Verbo
1251 1643 1389 1686 z—Ut
1415 1643 1532 1697 apud
1557 1641 1842 1692 Ezechielem,

442 1738 568 1776 “Vidi,
588 1747 667 1769 cum
687 1747 768 1769 ecce
787 1720 916 1769 manus
935 1736 1067 1768 emissa
1085 1735 1130 1768 ad
1150 1745 1219 1774 me,
1238 1741 1274 1767 et
1292 1744 1372 1768 ecce
1391 1734 1428 1767 in
1447 1744 1491 1767 ea
1509 1734 1677 1767 volumen
1697 1733 1792 1766 libri.
1807 1758 1815 1766 .
1827 1758 1836 1766 .
1850 1758 1859 1767 .

548 1782 718 1822 scripturn
735 1786 818 1812 ante
835 1786 870 1812 et
886 1779 996 1821 post”
1013 1779 1060 1819 (ii.
1076 1789 1107 1820 9,
1124 1779 1196 1819 10):

372 1864 418 1900 et
445 1857 563 1911 apud
591 1856 830 1906 Davidem,

444 1933 466 1945 ¹¹
478 1930 570 1962 Tum
587 1930 671 1967 dixi,
694 1929 783 1961 Ecce
800 1929 919 1967 venio,
939 1928 974 1960 in
992 1928 1174 1960 volumine
1193 1927 1271 1959 libri
1289 1927 1459 1968 scriptum
1479 1932 1534 1959 est
1549 1927 1593 1959 de
1613 1935 1670 1959 me
1680 1925 1699 1939 ”
1715 1924 1861 1966 (Psalm.

550 1974 631 2006 x1.8
651 1972 711 2016 [B.
726 1974 773 2005 A.
789 1970 857 2014 7]):

371 2055 646 2104 quapropter
671 2049 833 2090 dicitur
858 2047 976 2102 apud
1001 2046 1204 2094 Esaiam,

439 2123 714 2156 “Contabescet
738 2123 859 2155 omnis
883 2123 1060 2155 exercitus
1085 2122 1280 2159 caelorum,
1308 2127 1343 2153 et
1366 2119 1457 2152 caeli
1485 2119 1750 2152 convolventur
1773 2118 1866 2151 sicut

545 2167 713 2198 volumen
725 2166 742 2178 ”
760 2168 892 2207 (xxxiv.
909 2167 944 2208 4)
959 2180 966 2202 2

373 2241 578 2283 similiter
603 2241 646 2281 in
672 2239 956 2293 Apocalypsi,

580 2315 602 2328 “
615 2312 762 2345 Caelum
781 2312 954 2344 abscessit
970 2311 1060 2343 sicut
1076 2311 1164 2342 liber
1180 2311 1239 2352 qui
1255 2309 1507 2342 convolvitur”
1523 2310 1584 2350 (vi.
1601 2309 1664 2350 14).

372 2401 448 2444 Ex
466 2401 534 2442 his
551 2401 651 2442 sciri
671 2406 826 2454 potest
845 2398 1075 2453 quomodo
1093 2398 1217 2447 liber,
1234 2398 1306 2452 qui
1322 2397 1518 2451 Johanni
1534 2398 1668 2447 visus,
1687 2400 1714 2417 “
1726 2397 1864 2451 scrip-

372 2471 446 2506 tus
471 2470 541 2505 est
567 2464 688 2504 intus
715 2468 761 2503 et
788 2476 814 2503 a
839 2461 1011 2514 tergo.’'

450 2541 592 2586 300.
631 2529 919 2584 “obsignatum
932 2528 1077 2582 sigillis
1090 2526 1481 2582 septem.''—Quod
1496 2526 1718 2581 significet
1729 2532 1867 2580 pror·

372 2606 450 2634 sus
475 2591 759 2640 reconditum,
787 2596 938 2643 nempe
966 2596 1134 2631 statum
1163 2589 1283 2630 vitae
1312 2587 1503 2629 omnium
1532 2588 1577 2629 in
1607 2587 1721 2629 caelo
1748 2593 1794 2628 et
1820 2587 1867 2628 in

373 2661 512 2703 terra,
545 2659 729 2694 constat
761 2667 820 2693 ex
851 2651 1183 2705 significatione
1218 2651 1485 2704 “obsignari
1516 2649 1716 2704 sigillis,”
1746 2649 1867 2704 quod

373 2717 432 2758 sit
453 2715 637 2757 recondi
655 2729 664 2766 ;
698 2728 802 2755 nam
819 2714 924 2768 quid
947 2715 990 2755 in
1014 2713 1128 2755 libro
1146 2713 1392 2766 obsignato
1410 2711 1568 2766 sigillis
1591 2712 1865 2760 continetur,

374 2791 508 2819 nemo
522 2778 607 2818 scit
627 2778 884 2830 priusquam
899 2776 1097 2830 aperitur
1114 2781 1160 2816 et
1179 2775 1369 2828 legitur:
1398 2780 1445 2815 et
1463 2788 1522 2815 ex
1537 2773 1866 2827 significatione

377 2838 635 2894 “septem‚''
658 2839 777 2892 quod
801 2839 890 2879 sint
914 2851 1072 2879 omnes
1097 2843 1144 2878 et
1171 2837 1334 2886 omnia,
1359 2850 1410 2877 ac
1437 2835 1619 2891 plenum
1645 2841 1691 2877 et
1713 2841 1864 2876 totum

378 2901 454 2955 (de
485 2915 572 2956 qua
603 2915 751 2955 supra,
785 2914 827 2940 n.
861 2899 978 2955 257),
1013 2901 1077 2941 ita
1108 2913 1284 2954 quoque
1316 2912 1509 2953 prorsus,
1543 2898 1645 2953 quia
1675 2897 1761 2939 hoc
1792 2902 1863 2938 est

375 2965 508 3019 plene
534 2970 580 3006 et
605 2964 648 3005 in
675 2970 839 3005 totum.

2026 3414 2034 3427 s
2034 3351 2035 3354 „
2026 2983 2030 2988 .

2000 3158 2060 3476 hfiszh
2048 3018 2060 3140 ms..
2052 2974 2060 3000 ..
2053 2924 2060 2947 ,μ
2058 2882 2060 2906 ,.
