2060 3476
682 354 789 388 CAP.
813 354 878 395 11.,
902 352 1041 386 VERS.
1070 351 1238 384 10.—-N.
1267 353 1357 394 124.
1690 348 1766 394 155

447 469 565 502 iacere
581 478 588 507 ;
612 468 672 500 ille
687 467 868 500 homicida
883 472 960 498 erat
975 466 1022 497 ab
1045 466 1160 503 initio,
1180 471 1215 496 et
1240 465 1275 496 in
1293 464 1443 495 veritate
1461 473 1533 494 non
1558 462 1668 500 stetit,
1687 462 1773 503 quia

449 524 523 545 non
539 513 672 545 veritas
689 512 726 543 in
743 521 808 550 eo;
832 521 914 543 cum
931 510 1087 551 loquitur
1104 509 1341 546 mendacium,
1362 518 1407 539 ex
1431 508 1576 548 proprio
1601 506 1768 548 loquitur,

448 558 532 599 quia
547 557 703 588 mendax
719 561 774 588 est
790 561 826 587 et
842 560 944 596 pater
960 554 1039 595 ejus
1050 553 1069 565 ¹'
1086 553 1172 594 (viii.
1186 561 1240 592 43,
1254 553 1322 593 44).

275 652 411 707 Quod
442 653 500 694 ab
531 653 661 694 initio
690 651 854 693 fuerint
886 655 1048 691 contra
1078 662 1198 698 vera,
1231 654 1279 689 et
1311 648 1356 688 in
1387 646 1510 688 falsis
1541 660 1602 687 ex
1633 644 1770 695 malo,

273 715 556 770 significatur
580 729 660 769 per
684 714 804 769 quod
831 719 962 768 pater
983 725 1139 754 eorum
1164 717 1288 752 esset
1313 710 1580 751 “homicida
1605 709 1663 750 ab
1687 709 1772 750 ini-

360 779 380 795 Η

274 780 354 829 tio,
411 785 459 821 et
493 782 624 820 “non
653 779 822 819 veritas
834 776 854 792 ''
884 776 966 817 sed
1000 774 1356 816 “mendacium''
1386 775 1432 814 in
1464 787 1545 824 eo;
1591 772 1774 814 “homi-

275 840 410 882 cida'‘
435 846 507 882 est
538 838 798 881 destructor
821 838 917 878 veri
941 836 1182 885 ecclesiae,
1209 842 1257 877 et
1285 839 1456 889 “pater
1467 834 1487 849 ’'
1513 840 1620 874 sunt
1650 834 1772 887 prio-

274 914 360 941 reS.
419 910 485 949 (De
503 915 598 948 gente
615 909 754 950 Judajca
770 908 873 947 qualis
891 908 993 937 fuerat
1011 911 1043 937 et
1060 915 1191 945 quoque
1209 906 1307 936 hodie
1325 909 1382 940 est,
1401 905 1547 933 videatur
1564 904 1598 933 in
1616 903 1776 933 Doctrina

274 962 386 992 Novae
398 961 645 999 Illerosohtmae,
658 969 688 989 n.
702 961 771 996 248.
814 958 912 995 Quod
926 967 983 996 per
998 960 1015 972 ¹⁴
1025 957 1148 986 vinctos
1163 957 1195 986 in
1210 965 1335 986 carcere
1344 955 1361 965 ''
1377 955 1594 993 significentur
1604 954 1659 991 qui
1673 953 1706 982 in
1720 953 1776 982 fal-

274 1011 316 1040 sis
331 1020 371 1040 ex
385 1011 480 1046 malo,
495 1011 528 1039 in
536 1010 678 1040 Arcanis
693 1009 890 1043 Caelestibus,
900 999 931 1038 n.
945 1006 1068 1045 [¹14958,
1078 1007 1168 1045 5096.
1212 1007 1310 1044 Quod
1320 1015 1378 1044 per
1389 1008 1406 1020 ¹¹
1419 1004 1563 1034 [21vineiri
1577 1005 1610 1033 in
1621 1013 1747 1034 carcere
1757 1003 1773 1012 ''

274 1061 468 1098 significetur
488 1060 620 1090 detineri
641 1064 673 1089 et
693 1059 831 1097 separari
845 1068 865 1088 a
878 1058 968 1092 veris,
984 1067 1015 1087 n.
1032 1064 1121 1095 5037,
1139 1056 1258 1095 [5ο38,]
1275 1058 1365 1094 5083,
1378 1055 1468 1092 5086,
1482 1053 1577 1092 5096;
1600 1058 1631 1083 et
1646 1063 1776 1091 quoque

275 1116 366 1152 quod
379 1115 502 1150 teman,
517 1124 548 1144 n.
563 1121 653 1152 5037.
669 1114 774 1153 5038·)
850 1102 987 1155 Quod
1019 1101 1182 1155 Judaei
1215 1100 1336 1141 tales
1367 1099 1534 1140 fuerint
1569 1104 1619 1139 ut
1654 1110 1773 1138 nunc

277 1166 556 1219 descriptum
586 1172 671 1215 est,
705 1171 803 1206 erat
835 1165 939 1218 quia
974 1164 1018 1205 in
1049 1177 1203 1204 amore
1234 1163 1301 1203 sui
1332 1167 1379 1203 et
1411 1161 1566 1201 mundi
1596 1160 1774 1201 fuerunt

277 1243 385 1283 prae
410 1229 510 1270 aliis
534 1229 776 1283 gentibus;
809 1234 856 1269 et
878 1228 952 1281 qui
974 1227 1092 1268 tales
1118 1232 1238 1275 sunt,
1263 1239 1365 1266 cum
1387 1224 1548 1278 legunt
1571 1223 1775 1264 Verbum

277 1293 430 1334 omnia
459 1293 692 1347 applicant
724 1293 814 1333 suis
845 1291 1099 1342 amoribus;
1142 1296 1188 1331 et
1219 1290 1378 1343 Judaei
1413 1289 1645 1342 imprimis,
1673 1287 1777 1340 quia

277 1358 418 1398 toties
449 1357 672 1398 nominati
703 1362 823 1397 sunt.
908 1353 1125 1396 Similiter
1159 1353 1210 1394 fit
1242 1366 1344 1393 cum
1376 1351 1474 1392 aliis
1506 1352 1580 1405 qui
1610 1352 1656 1391 in
1687 1349 1776 1390 illis

277 1420 505 1461 amoribus
537 1425 669 1471 sunt;
703 1432 808 1460 nam
840 1419 876 1459 is
907 1431 1035 1458 amor
1065 1418 1140 1471 qui
1171 1417 1445 1464 dominatur,
1474 1420 1677 1455 mentem
1710 1412 1775 1453 le-

220 1537 222 1539 v
278 1484 430 1537 gentis
455 1484 594 1524 vertit
620 1482 767 1524 solum
793 1482 851 1523 ad
882 1481 960 1522 illa
985 1494 1099 1535 quae
1125 1480 1279 1520 favent
1306 1480 1371 1519 ei:
1406 1492 1533 1519 amor
1559 1478 1678 1518 enim
1705 1483 1775 1516 est

278 1547 405 1600 quasi
435 1547 567 1600 ignis,
600 1548 674 1587 ex'
692 1560 781 1600 quo
812 1544 966 1586 lucent
1002 1543 1081 1585 illa
1116 1556 1231 1597 quae
1277 1539 1465 1590 favent;
1511 1546 1666 1580 cetera
1705 1539 1778 1580 vel

279 1616 626 1663 praetereuntur
656 1611 772 1650 sicut
804 1622 895 1649 non
921 1608 1031 1656 visa,
1058 1606 1132 1647 vel
1163 1605 1406 1647 trahuntur
1436 1605 1481 1644 in
1513 1609 1667 1657 partes
1700 1616 1778 1655 per

279 1673 510 1714 sinistram
535 1672 907 1726 explicationem,
931 1677 978 1712 et
1005 1671 1067 1711 sic
1090 1668 1396 1711 falsificantur.
1458 1667 1520 1707 Hi
1546 1673 1592 1707 et
1619 1665 1683 1706 illi
1709 1667 1776 1706 in-

278 1735 449 1778 festant
476 1750 554 1777 eos
580 1737 655 1790 qui
675 1737 720 1776 in
746 1733 983 1776 affectione
1008 1734 1101 1774 veri
1127 1731 1362 1786 spirituali,
1386 1737 1433 1772 et
1459 1729 1779 1783 intelliguntur

278 1813 359 1852 per
397 1799 706 1848 “diabolum,’'
738 1799 812 1853 qui
847 1798 950 1839 illos
986 1797 1060 1851 qui
1100 1796 1158 1837 ab
1199 1795 1392 1838 ecclesia
1433 1794 1618 1834 Domini
1655 1799 1761 1833 sunt

282 1862 460 1916 “injicit
486 1864 532 1904 in
557 1862 813 1904 custodiam
830 1861 864 1913 ;''
896 1875 957 1902 ex
983 1860 1052 1901 his
1078 1860 1198 1900 enim
1220 1873 1244 1900 e
1270 1858 1440 1899 mundo
1462 1855 1684 1911 spirituali
1710 1857 1777 1896 in·

278 1927 421 1968 fluunt
448 1927 600 1977 omnia
624 1925 739 1967 falsa
763 1925 882 1979 apud
913 1924 1016 1965 illos
1041 1924 1116 1978 qui
1141 1923 1403 1964 desiderant
1428 1935 1549 1969 vera,
1577 1934 1692 1974 quae
1723 1919 1778 1960 il-

279 1990 349 2032 los
380 1996 543 2032 tenent
578 1990 706 2044 quasi
736 1987 913 2030 vinctos
944 1989 990 2029 in
1025 1999 1231 2027 carcere:
1282 1984 1602 2038 intelliguntur
1637 1985 1778 2025 etiam

280 2069 360 2109 per
390 2068 470 2096 eos
495 2055 552 2095 de
577 2054 738 2108 quibus
765 2053 988 2093 Dominus
1014 2051 1139 2100 dicit,

479 2152 502 2167 ‘⁴
514 2151 557 2183 In
574 2151 736 2183 custodia
751 2150 802 2182 fui
819 2156 855 2182 et
871 2159 946 2181 non
964 2148 1135 2180 visitastis
1154 2147 1214 2179 Me
1225 2146 1244 2158 '¹
1261 2146 1406 2187 (Matth.
1420 2155 1503 2177 xxv.
1517 2147 1586 2185 43).

355 2264 479 2308 123.
517 2258 542 2276 “
556 2253 607 2294 vt
626 2250 1070 2303 tentemini.¹'—Quod
1091 2248 1316 2302 significet
1338 2247 1443 2288 inde
1461 2247 1779 2288 incrementum

279 2316 496 2357 desiderii
514 2315 623 2364 veri,
647 2320 832 2356 constat
854 2327 915 2354 ex
941 2311 1274 2365 significatione
1303 2309 1550 2359 “tentari,'’
1573 2309 1693 2363 quod
1720 2311 1779 2350 sit

281 2377 486 2418 infestari
511 2391 537 2418 a
552 2376 678 2417 falSiS
696 2386 751 2426 (de
766 2395 832 2424 qua
844 2386 877 2414 in
893 2385 1051 2415 Doarina
1065 2385 1175 2413 Novae
1189 2383 1432 2421 Hierosolymae,
1447 2392 1479 2412 n.
1497 2391 1564 2420 197,
1582 2382 1655 2420 198)
1671 2385 1681 2422 ;
1705 2371 1778 2412 hic

280 2445 449 2487 autem,
483 2440 586 2493 quia
616 2438 780 2479 dicitur
810 2436 931 2491 quod
965 2435 1211 2488 “conjiciet
1244 2448 1304 2475 ex
1335 2434 1464 2474 vobis
1495 2433 1703 2474 diabolus
1734 2434 1778 2474 in

281 2501 577 2550 custodiam,”
608 2515 688 2555 per
717 2500 839 2554 quod
874 2498 1146 2552 intelligitur
1177 2497 1255 2538 illa
1285 2497 1532 2545 infestatio,
1565 2496 1669 2537 ideo
1700 2510 1779 2550 per

283 2564 523 2606 “tentari’'
549 2563 828 2618 significatur
858 2564 1189 2604 incrementum
1221 2561 1430 2601 desiderii
1461 2566 1508 2601 et
1539 2560 1645 2601 inde
1669 2562 1777 2609 veri,

281 2626 497 2680 quoniam
528 2626 815 2666 tentationes
844 2624 890 2664 id
920 2623 1136 2664 efficiunt.
1183 2632 1297 2671 (Quod
1318 2641 1375 2670 per
1394 2633 1593 2667 tentationes,
1613 2632 1646 2661 in
1664 2633 1782 2669 quibus

280 2688 379 2716 homo
393 2687 500 2722 vineit,
515 2687 571 2715 fiat
584 2686 748 2715 illustratio
763 2690 795 2714 et
809 2685 971 2723 perceptio
985 2684 1050 2713 veri
1064 2687 1096 2712 et
1109 2683 1196 2717 boni,
1212 2683 1358 2712 videatur
1371 2683 1404 2711 in
1418 2682 1559 2712 Arcanis
1581 2683 1780 2716 Caelestibus.

280 2744 312 2764 n.
328 2735 417 2772 8367,
434 2736 524 2771 8370.
567 2733 665 2770 Quod
678 2733 752 2762 inde
767 2732 973 2770 intelligentia
987 2733 1024 2760 et'
1039 2731 1202 2769 sapientia,
1218 2739 1249 2759 n.
1266 2730 1354 2767 8966,
1368 2730 1457 2767 8967.
1501 2730 1599 2766 Quod
1613 2739 1688 2759 vera
1708 2734 1782 2767 post

281 2782 471 2810 tentationes
485 2781 518 2810 in
532 2780 724 2809 immensum
739 2783 890 2814 crescant,
900 2788 932 2808 n.
947 2776 1044 2816 6663;
1067 2782 1192 2816 praeter
1205 2777 1307 2816 plura,
1323 2778 1363 2805 de
1378 2777 1493 2814 quibus
1502 2777 1647 2805 videatur
1655 2777 1687 2804 in
1698 2777 1782 2805 Doc-

281 2830 371 2859 trina
384 2830 495 2859 Novae
508 2828 758 2866 Hierosolymae,
773 2836 805 2857 n.
822 2826 988 2864 187-201.)

362 2894 487 2939 124.
526 2882 828 2924 “erhabebitis
852 2882 1106 2923 afflictionem
1122 2881 1262 2922 diebus
1277 2879 1662 2932 decem.'’—Quod
1684 2879 1778 2932 sig-

283 2946 434 2988 nificet
466 2947 585 3000 quod
614 2945 842 2998 infestatio
871 2951 914 2986 et
942 2944 1044 2985 inde
1073 2943 1255 2985 tentatio
1285 2943 1510 2983 duratura
1540 2942 1603 2982 sit
1629 2940 1779 2994 aliquo

283 3017 486 3064 tempore,
520 3015 703 3052 constat
741 3023 800 3050 ex
833 3007 1164 3062 significatione
1199 3005 1530 3065 “afflictionis,”
1562 3005 1683 3059 quod
1718 3005 1779 3045 sit
