2060 3476
341 334 426 375 412
756 310 1088 365 APOCALvPffls
1116 331 1429 364 EXPLICATA„

342 459 421 499 per
435 443 743 486 “ffleburneum
755 445 774 461 ”
786 444 1064 499 significatur
1076 445 1288 486 Divinum
1299 443 1470 485 Verum
1485 444 1528 484 in
1539 443 1708 484 ultimis
1725 458 1734 495 ;
1754 456 1834 498 per

345 510 370 525 ‘⁴
386 505 561 560 [caput]
586 506 831 548 rotundum
843 506 863 522 ’'
884 507 1243 561 correspondens
1268 507 1463 558 bonum;
1496 521 1575 562 per
1599 507 1833 557 “aurum,'’

341 583 430 623 quo
467 567 689 610 obdquS
725 576 837 619 erat,
870 569 1149 623 significatur
1186 570 1398 610 Divinum
1437 570 1616 611 Bonum·
1649 585 1708 612 ex
1745 585 1833 625 quo

342 631 556 674 Divinum
581 632 780 684 Verum3
813 647 892 686 per
919 636 1041 674 “sex
1073 632 1271 686 gradus”
1297 632 1607 686 significantur
1631 634 1782 675 omnia
1807 647 1834 675 a
1874 636 1877 641 “

341 695 494 748 primis
530 695 587 736 ad
624 695 808 747 ultima3
852 710 930 749 per
964 695 1113 736 “duas
1150 694 1340 736 manus”
1373 695 1651 749 significatur
1686 697 1832 737 omnis

340 759 548 811 potentia
564 773 574 810 ;
607 772 686 813 per
713 758 938 801 “leones”
964 757 1275 811 significantur
1299 771 1405 799 vera
1430 758 1649 800 ecclesiae
1680 759 1724 799 in
1753 773 1833 800 sua

340 822 560 875 potentia,
580 835 659 876 per
678 825 703 842 “
716 821 954 862 duodecim
966 820 986 836 ’'
1003 821 1166 862 omnia.
1229 819 1455 879 Quoniam
1476 825 1501 842 ‘⁶
1514 821 1743 871 thronus,'’
1758 822 1833 863 ubi

339 883 395 925 de
419 883 629 934 Domino,
649 883 873 938 significat
890 884 1067 925 caelum
1084 884 1233 938 quoad
1255 897 1390 925 omne
1413 884 1625 925 Divinum
1643 884 1829 934 Verum,

339 948 403 989 ita
428 949 473 989 in
499 948 711 1002 opposito
737 961 870 988 sensu
900 946 1128 988 “thronus
1141 946 1160 962 ''
1186 946 1411 1000 significat
1437 947 1657 988 infernum
1682 948 1831 1001 quoad

339 1024 473 1052 omne
494 1010 668 1052 falsum.
731 1010 783 1052 In
806 1010 1018 1064 opposito
1035 1009 1122 1051 hoc
1141 1023 1276 1051 sensu
1293 1010 1551 1051 nominatur
1571 1013 1596 1031 “
1610 1010 1800 1052 thronus
1812 1010 1832 1026 ’⁷

404 1099 528 1140 Supra,
544 1109 619 1140 cap.
640 1099 675 1131 ii.
699 1107 757 1138 13:
793 1098 892 1131 Esai.
913 1098 983 1131 xiv,
1003 1108 1039 1141 9ι
1059 1106 1120 1138 13;
1153 1107 1228 1139 cap.
1248 1098 1344 1132 xlvii.
1367 1107 1405 1131 1:
1441 1099 1555 1141 Hagg.
1576 1099 1611 1132 ii.
1631 1107 1693 1132 22:
1732 1099 1829 1132 Dan.

511 1142 570 1175 vii.
587 1152 626 1183 9:
660 1142 744 1175 Luc.
762 1142 783 1175 i.
802 1150 862 1181 52:
895 1148 931 1174 et
946 1142 1044 1174 alibi.

417 1250 546 1294 254.
585 1239 737 1281 “Siout
757 1243 802 1280 et
819 1239 905 1293 qu
930 1238 1017 1287 vici,
1042 1243 1087 1280 et
1106 1240 1232 1281 sedeo
1255 1253 1346 1280 oum
1369 1239 1491 1280 Patre
1514 1252 1604 1280 meo
1625 1239 1665 1279 in
1689 1239 1832 1281 flu-ono

338 1298 700 1353 lpsius.''—Quod
731 1299 957 1353 significet
986 1299 1290 1352 comparative
1318 1299 1436 1340 sicut
1465 1299 1687 1340 Divinum
1725 1299 1830 1354 [Bo-

337 1361 459 1415 num]
488 1367 556 1402 est
585 1361 755 1402 unitum
784 1360 950 1402 Divino
985 1360 1094 1402 Vero
1123 1360 1168 1401 in
1199 1359 1325 1410 caelo,
1354 1366 1536 1402 constat
1569 1375 1628 1402 ex
1660 1360 1829 1415 signifi-

337 1425 518 1466 catione
552 1423 809 1474 “vincere,”
841 1437 942 1466 cum
978 1424 1035 1465 de
1072 1423 1177 1477 Ipso
1214 1423 1426 1473 Domino,
1460 1424 1579 1478 quod
1615 1425 1674 1465 sit
1706 1425 1830 1466 unire

337 1486 550 1528 Divinum
589 1486 765 1528 Bonum
802 1486 967 1528 Divino
999 1486 1151 1528 Vero:
1195 1486 1281 1527 hoc
1314 1487 1416 1540 quia
1447 1485 1613 1528 factum
1645 1493 1715 1529 est
1752 1501 1831 1541 per

337 1551 619 1592 tentationes
659 1556 705 1591 et
746 1548 970 1599 victorias,
1013 1550 1115 1590 ideo
1155 1547 1317 1590 dicitur
1355 1548 1522 1591 “Sicut
1563 1549 1666 1604 Ego
1706 1550 1830 1592 vici.”

337 1613 449 1651 (Quod
465 1613 623 1642 Dominus
634 1613 768 1642 univerit
784 1612 935 1642 Divinum
952 1613 1078 1641 Bonum
1094 1612 1211 1641 Divino
1222 1612 1308 1643 Vero
1322 1621 1379 1650 per
1390 1613 1578 1641 tentationes
1592 1613 1623 1641 in
1641 1613 1830 1655 Humanum

334 1667 428 1688 suum
449 1658 612 1692 admissas,
628 1662 659 1687 et
679 1666 736 1696 per
750 1657 916 1687 continuas
937 1661 1013 1686 tunc
1027 1656 1183 1692 victorias,
1198 1657 1342 1686 videatur
1362 1657 1394 1686 in
1417 1657 1576 1686 Doctrina
1590 1658 1701 1687 IVovae
1715 1658 1831 1687 Hiero-

333 1709 476 1747 solymae,
490 1718 520 1738 n.
535 1717 603 1744 201,
618 1717 686 1746 293,
699 1706 784 1746 302.)
825 1695 961 1749 Quod
981 1695 1179 1736 “sedere
1197 1708 1299 1736 cum
1322 1695 1456 1737 Patre
1473 1709 1576 1737 meo
1597 1696 1641 1737 in
1660 1696 1828 1738 throno
1876 1702 1882 1708 ‘

336 1759 520 1813 Ipsius‚''
547 1759 769 1813 significet
797 1757 1010 1799 Divinum
1037 1756 1213 1798 Bonum
1240 1757 1413 1798 unitum
1439 1756 1606 1798 Divino
1633 1757 1757 1799 Vero
1782 1759 1828 1799 in

335 1822 476 1872 caelo,
504 1829 574 1864 est
600 1823 704 1877 quia
734 1835 814 1876 per
841 1822 1061 1862 “Patrem
1073 1819 1092 1836 ”
1117 1834 1144 1862 a
1175 1820 1373 1861 Domino
1403 1820 1672 1874 intelligi-tur
1701 1821 1827 1863 Divi-

337 1899 441 1927 num
468 1885 644 1927 Bonum
670 1885 790 1939 quod
821 1886 865 1926 in
894 1885 999 1938 Ipso
1025 1898 1051 1925 a
1077 1884 1378 1938 conceptione
1402 1883 1498 1933 suit,
1526 1897 1578 1925 ac
1605 1898 1683 1937 per
1711 1884 1827 1925 “Fi-

337 1947 442 1989 lium
454 1948 474 1964 ’'
490 1949 703 1989 Divinum
719 1948 904 1996 Verum,
918 1954 1156 2001 utrumque
1170 1948 1214 1988 in
1228 1947 1369 1997 caelo,
1383 1961 1434 1989 ac
1446 1960 1529 2001 per
1542 1946 1794 2002 “thr-onum
1807 1946 1827 1963 '’

336 2011 510 2054 caelum
531 2011 600 2066 (ut
617 2011 786 2066 supra).
849 2011 951 2051 Hoc
975 2010 1187 2051 Divinum
1209 2010 1394 2051 Domini
1415 2011 1460 2051 in
1483 2010 1620 2052 caelis
1637 2016 1827 2052 vocatur

337 2075 548 2117 Divinum
575 2075 761 2123 Verum,
790 2074 871 2115 sed
901 2080 973 2115 est
1005 2073 1217 2114 Divinum
1250 2073 1426 2114 Bonum
1454 2074 1629 2115 unitum
1661 2074 1827 2116 Divino

337 2136 475 2177 Vero.
534 2147 646 2185 (Quod
660 2147 704 2176 ita
717 2147 766 2181 sit,
782 2146 926 2175 videatur
939 2146 971 2174 in
986 2153 1083 2183 opere
1099 2146 1151 2175 De
1166 2145 1256 2175 Caelo
1269 2148 1300 2174 et
1313 2146 1448 2184 lnserno,
1462 2154 1492 2176 n.
1508 2154 1555 2184 13,
1573 2154 1640 2183 133,
1658 2154 1725 2183 139,
1740 2146 1826 2185 140.)

337 2197 470 2251 Quod
488 2198 769 2251 comparatio
787 2196 865 2238 fiat
883 2196 1115 2237 hominum
1130 2195 1348 2238 ecclesiae
1366 2209 1468 2237 cum
1486 2197 1592 2250 Ipso
1612 2197 1824 2247 Domino,

337 2261 542 2310 dicendo,
570 2264 594 2281 “
608 2260 810 2301 Vincens
831 2259 951 2300 dabo
975 2258 1039 2299 illi
1061 2259 1218 2300 sedere
1245 2259 1424 2300 Mecum
1446 2260 1492 2300 in
1519 2259 1686 2300 throno
1707 2272 1823 2309 meo,

337 2325 449 2366 sicut
472 2330 519 2366 et
546 2323 650 2377 Ego
670 2323 756 2364 vici
777 2328 824 2363 et
847 2322 986 2363 sedeo
1008 2334 1110 2362 cum
1133 2321 1265 2363 Patre
1291 2323 1335 2362 in
1357 2322 1526 2363 throno
1549 2322 1733 2376 Ipsius‚”
1753 2328 1825 2364 est
1867 2317 1872 2323 ’

336 2389 437 2442 quia
461 2388 556 2428 vita
582 2386 764 2428 Domini
795 2386 841 2426 in
866 2385 1035 2426 mundo
1065 2384 1147 2426 fuit
1172 2384 1408 2438 exemplar
1433 2385 1679 2426 secundum
1704 2385 1826 2440 quod

337 2449 491 2492 victuri
522 2450 729 2491 homines
760 2448 994 2498 ecclesiae,
1027 2454 1076 2489 ut
1105 2461 1282 2502 quoque
1316 2448 1418 2502 Ipse
1447 2448 1558 2489 dicit
1588 2448 1707 2502 apud
1737 2448 1824 2497 Jo-

335 2513 535 2563 kannem,
1020 2531 1026 2535 ·

338 2613 342 2618 ⁴
402 2604 425 2618 ‘⁴
438 2602 647 2644 Exemplum
664 2602 744 2633 dedi
761 2601 874 2639 vobis,
892 2607 933 2632 ut
947 2601 1040 2632 sicut
1064 2599 1141 2641 Ego
1157 2600 1224 2632 feei
1238 2600 1354 2638 vobis,
1373 2599 1481 2631 etiam
1497 2609 1563 2640 vos
1579 2599 1716 2632 faciatis
1728 2611 1753 2633 ε.
1768 2625 1776 2632 .
1789 2624 1797 2633 .
1810 2625 1819 2633 .

509 2647 539 2678 si
555 2647 622 2678 hoc
639 2646 748 2683 scitis,
768 2645 862 2677 beati
879 2645 965 2677 estis
983 2644 1013 2676 si
1028 2644 1183 2676 feceritis
1199 2644 1262 2676 illa
1273 2643 1291 2656 ’¹
1307 2643 1394 2684 (xiii.
1413 2651 1464 2683 15,
1483 2644 1547 2684 17).

327 2735 447 2778 Inde
465 2740 534 2776 est
549 2734 668 2788 quod
688 2734 908 2783 Dominus
923 2733 1314 2786 comparationem
1333 2731 1494 2773 Secum
1511 2731 1666 2773 fecerit
1683 2731 1823 2773 etiam

329 2798 431 2842 aliis
454 2799 501 2839 in
527 2797 665 2848 locis;
698 2803 747 2838 ut
773 2797 818 2837 in
843 2796 912 2836 his
928 2795 1139 2849 :—Apud
1165 2794 1432 2844 Johannem,
1661 2811 1664 2814 >

397 2888 417 2931 J
421 2898 502 2922 esus
519 2887 616 2925 dixit,
640 2888 662 2902 ‘⁸
673 2887 981 2929 Quemadmodum
999 2886 1122 2918 dilexit
1139 2886 1200 2918 Me
1216 2886 1334 2924 Pater,
1353 2886 1403 2918 ita
1420 2885 1496 2926 Ego
1512 2885 1619 2918 diiexi
1636 2895 1701 2917 vos
1715 2895 1722 2924 ;
1748 2895 1824 2917 ma-

507 2937 587 2963 nete
603 2931 639 2963 in
657 2929 846 2962 dilectione
861 2940 944 2962 mea
946 2955 1038 2969 .....
1046 2931 1135 2962 sicut
1151 2929 1229 2970 ‘Ego
1246 2929 1414 2961 mandata
1436 2929 1554 2961 Patris
1571 2929 1641 2961 mei
1665 2929 1817 2967 servavi,

506 2982 541 3007 et
557 2985 686 3007 maneo
703 2975 738 3006 in
758 2974 873 3015 Ipsius
890 2972 1080 3006 dilectione
1093 2973 1111 2986 '⁹
1127 2973 1198 3014 (xv.
1215 2983 1246 3014 9,
1261 2971 1352 3013 βΙ-Ῑο)
1366 2982 1373 3012 ;
