2060 3476
630 365 737 398 CAP.
761 365 827 406 11„
850 364 988 396 VERS.
1013 355 1190 396 28.-N.
1219 364 1309 407 ¹79-
1529 333 1540 347 ⁰
1637 361 1720 406 237

221 478 373 520 omnia
389 478 466 521 illa
483 493 597 534 quae
614 493 674 520 ex
692 477 771 520 illo
793 477 1072 532 procedunt;
1106 489 1210 517 nam
1234 475 1458 517 Dominus
1476 481 1546 516 est
1569 475 1612 515 in
1634 472 1722 515 illis

221 557 334 596 quae
353 539 410 584 ab
426 543 532 597 Ipso
549 542 815 596 procedunt,
831 542 946 582 adeo
960 547 1008 581 ut
1023 541 1080 581 sit
1100 540 1202 594 Ipse
1220 540 1292 580 ibi.
1354 538 1490 592 Quod
1510 539 1722 578 Divinum

223 606 486 647 Humanum
502 606 684 647 Domini
698 606 742 646 in
757 618 967 659 supremo
981 618 1116 645 sensu
1131 602 1414 656 intelligatur
1429 616 1506 655 per
1520 600 1722 649 “mane,”

221 676 291 710 est
306 671 408 723 quia
426 670 648 711 Dominus
666 676 735 710 est
754 668 831 710 Sol
850 668 963 710 caeli
980 666 1188 720 angelici,
1205 673 1251 707 et
1270 665 1348 707 Sol
1366 666 1482 706 illius
1500 665 1613 707 caeli
1632 679 1722 707 non

221 733 509 786 progreditur
533 747 560 774 a
586 746 718 774 mane
744 732 801 773 ad
827 744 1063 785 vesperam
1090 745 1168 771 seu
1194 730 1252 770 ab
1278 736 1380 770 ortu
1406 729 1464 770 ad
1494 742 1721 777 occasum,

220 797 335 837 sicut
359 796 427 837 sol
449 796 604 837 mundi
626 796 684 837 ad
707 795 1034 850 apparentiam,
1056 794 1136 835 sed
1160 800 1313 834 manet
1337 799 1554 834 constans
1576 794 1620 834 in
1643 807 1724 833 suo

220 859 323 900 loco
348 867 604 901 antrorsum
631 874 763 914 supra
788 859 967 909 caelos;
1000 858 1106 899 inde
1134 864 1202 898 est
1229 857 1351 911 quod
1384 858 1441 897 sit
1475 871 1653 910 semper
1678 857 1722 897 in

221 936 366 971 mane,
386 930 432 964 et
451 937 668 977 nusquam
691 925 735 964 in
755 936 942 976 vespera
959 937 968 973 ;
1001 928 1047 963 et
1065 922 1168 975 quia
1185 922 1331 962 omnis
1354 920 1659 974 intelligentia
1676 927 1723 961 et

220 985 455 1037 sapientia,
475 1000 589 1040 quae
612 993 681 1027 est
699 986 888 1040 angelis,
908 1001 934 1027 a
956 986 1155 1027 Domino
1178 991 1226 1026 ut
1250 984 1355 1026 Sole
1375 985 1493 1038 apud
1516 984 1617 1025 illos
1640 998 1723 1025 ex-

220 1049 329 1095 istit,
363 1049 465 1090 ideo
497 1050 634 1094 etiam
666 1057 814 1091 status
852 1050 1030 1092 illorum
1062 1050 1243 1099 amoris,
1276 1062 1328 1089 ac
1362 1055 1511 1089 status
1544 1047 1723 1089 illorum

220 1113 469 1165 sapientiae
501 1120 547 1153 et
579 1114 927 1166 intelligentiae,
958 1120 1004 1154 et
1037 1114 1080 1153 in
1113 1126 1280 1166 genere
1312 1119 1460 1153 status
1492 1111 1726 1152 illustrati-

220 1177 319 1215 onis
345 1175 537 1225 illorum,
562 1191 641 1230 per
665 1177 868 1218 “mane''
890 1177 1196 1230 significatum
1223 1176 1477 1230 procedunt
1504 1177 1622 1216 enim
1649 1175 1727 1216 illa

220 1253 246 1280 a
274 1239 472 1280 Domino
498 1246 547 1281 ut
573 1240 695 1289 Sole,
724 1247 771 1281 et
794 1241 919 1294 'quod
953 1240 1159 1294 procedit
1192 1241 1249 1281 ab
1282 1240 1388 1293 Ipso
1414 1246 1485 1280 est
1519 1240 1637 1293 Ipse,
1665 1253 1725 1279 ex

223 1302 389 1344 Divino
416 1304 535 1344 enim
569 1317 660 1344 non
693 1303 814 1344 aliud
847 1317 982 1368 quarn
1018 1304 1229 1344 Divinum
1262 1303 1483 1357 procedit,
1511 1310 1557 1344 et
1590 1317 1726 1344 omne

221 1364 438 1406 Divinum
463 1371 535 1406 eSt
562 1365 682 1419 Ipse.
741 1377 856 1413 (Quod
878 1377 1036 1405 Dominus
1051 1377 1090 1405 sit
1105 1377 1160 1405 Sol
1175 1376 1254 1405 caeli
1269 1376 1414 1413 angelici,
1430 1380 1461 1405 et
1480 1377 1570 1413 quod
1589 1376 1630 1405 ab
1651 1376 1727 1414 Ipso

220 1431 255 1457 ut
277 1427 353 1457 Sole
374 1427 486 1456 existat
500 1428 604 1456 omnis
625 1437 725 1461 amor,
740 1428 895 1465 sapientia
916 1433 946 1457 et
969 1428 1182 1466 intelligentia,
1199 1432 1230 1456 et
1251 1428 1283 1456 in
1305 1436 1422 1465 genere
1436 1428 1540 1456 omnis
1561 1426 1727 1456 illustratio

219 1476 327 1512 quoad
343 1475 460 1504 Divina
474 1484 556 1509 vera,
572 1485 612 1505 ex
626 1476 743 1512 quibus
757 1481 805 1505 est
819 1476 982 1513 sapientia,
998 1477 1143 1505 videatur
1157 1476 1190 1504 in
1205 1485 1302 1513 opere
1318 1476 1370 1504 De
1389 1476 1482 1505 Caelo
1496 1479 1527 1504 et
1541 1476 1680 1514 Irgfernn,
1693 1484 1726 1505 n.

222 1525 371 1562 116-125‚
385 1526 540 1563 -125-143,
558 1533 625 1563 155,
644 1526 727 1564 156.)
768 1514 844 1556 Ex
867 1515 937 1555 his
959 1522 1175 1556 constare
1193 1521 1351 1568 potest
1370 1515 1491 1555 unde
1509 1521 1581 1555 est
1602 1515 1725 1568 quod

156 1624 160 1628 Κ
223 1578 267 1617 in
299 1575 457 1618 Verbo
489 1578 628 1618 toties
660 1577 838 1618 dicatur
871 1577 1083 1625 “mane,”
1115 1590 1217 1618 cum
1250 1578 1401 1630 agitur
1432 1577 1489 1618 de
1520 1577 1726 1630 jehovah

220 1655 300 1682 seu
332 1640 545 1689 Domino,
574 1641 631 1682 de
663 1641 808 1694 Ipsius
840 1641 1054 1689 adventu,
1088 1655 1231 1695 regno
1262 1648 1309 1682 et
1342 1641 1549 1687 ecclesia,
1582 1654 1634 1681 ac
1667 1641 1725 1681 de

221 1704 353 1745 bonis
379 1718 548 1751 eorum,
578 1711 626 1745 ut
657 1706 702 1745 in
733 1705 1027 1758 sequentibus
1053 1705 1121 1745 his
1154 1705 1278 1754 locis,
1307 1719 1423 1758 quae
1455 1705 1724 1746 illustratio-

221 1769 291 1808 nis
318 1781 453 1808 causa
478 1768 584 1809 volo
610 1768 835 1809 adducere
853 1768 978 1809 :—In
1004 1768 1139 1809 Lz'bro
1166 1768 1362 1810 Secundo
1389 1768 1625 1817 Samuelis,

289 1866 423 1898 “Dixit
448 1867 546 1898 Deus
572 1867 728 1904 Israelis,
749 1867 836 1899 mihi
861 1867 980 1899 locuta
1003 1874 1058 1900 est
1085 1867 1193 1899 Petra
1219 1867 1363 1899 Israelis
1367 1892 1460 1904 .....
1470 1867 1535 1899 Ille
1553 1867 1644 1899 sicut
1668 1867 1728 1899 lux

395 1921 512 1948 mane,
533 1911 646 1943 oritur
662 1911 734 1948 Sol,
755 1921 862 1943 mane
878 1912 957 1943 sine
975 1911 1159 1943 nubibus'’
1177 1912 1290 1951 (xxiii.
1312 1920 1343 1951 3,
1357 1912 1412 1950 4);

222 2013 384 2054 “Deus
417 2013 596 2054 Israelis
609 2013 628 2028 '’
655 2020 701 2054 et
730 2014 946 2062 “Petra,’'
973 2021 1043 2055 est
1077 2014 1298 2055 Dominus
1331 2014 1480 2068 quoad
1514 2014 1728 2055 Divinum

223 2076 499 2127 Humanum,
539 2084 586 2118 et
625 2078 731 2119 inde
770 2078 1023 2131 procedens
1063 2078 1276 2119 Divinum
1316 2078 1516 2128 Verum;
1565 2078 1730 2119 “Deus

221 2140 402 2181 Israelis
415 2141 434 2156 ’'
453 2155 511 2182 ex
535 2155 604 2190 eo,
624 2142 745 2195 quod
767 2146 791 2162 ‘⁴
806 2142 977 2182 Israel''
1001 2143 1058 2183 sit
1082 2142 1276 2183 ecclesia
1297 2142 1541 2195 spiritualis
1566 2143 1726 2196 Ipsius,

221 2208 268 2242 et
303 2202 479 2243 “Petra
492 2202 511 2217 '’
542 2204 647 2256 quia
679 2203 895 2244 Divinum
929 2204 1076 2257 Ipsius
1107 2204 1168 2244 ibi
1199 2210 1271 2245 est
1303 2204 1521 2244 Divinum
1554 2204 1728 2245 Verum

223 2273 382 2312 (videatur
396 2283 427 2303 n.
443 2283 533 2311 3720,
548 2275 638 2312 6426,
655 2277 745 2311 8581,
763 2275 903 2314 10580);
945 2265 1049 2318 quia
1085 2264 1310 2305 Dominus
1345 2265 1390 2304 in
1421 2264 1553 2305 caelo
1584 2278 1728 2318 ange-

222 2325 310 2366 lico
336 2332 406 2366 est
435 2325 527 2372 Sol,
556 2326 734 2367 etinde
761 2327 906 2366 omnis
934 2326 1012 2367 lux
1041 2326 1230 2380 angelis,
1255 2334 1301 2367 et
1329 2326 1407 2367 Sol
1434 2328 1492 2367 ibi
1519 2334 1588 2368 est
1611 2327 1730 2381 jugi-

222 2395 293 2430 ter
319 2389 363 2429 in
391 2403 472 2430 suo
499 2403 645 2438 mane,
673 2390 776 2431 ideo
803 2390 980 2438 dicitur,
1011 2390 1137 2431 “Ille
1164 2391 1278 2431 sicut
1307 2390 1384 2431 lux
1414 2404 1560 2439 mane,
1588 2393 1730 2432 oritur

223 2452 317 2502 Sol,
346 2466 479 2493 mane
506 2454 600 2494 sine
627 2453 857 2494 nubibus.‘'
918 2453 1056 2508 Apud
1086 2454 1325 2503 Davidem,

292 2555 314 2568 ‘¹
327 2553 380 2585 Ex
404 2559 506 2584 utero
524 2552 687 2584 Aurorae
711 2563 771 2584 ros
795 2553 994 2594 juventutis
1012 2560 1094 2585 tuae
1111 2564 1134 2591 ;.
1150 2579 1157 2585 .
1171 2579 1178 2586 .
1194 2554 1266 2586 ‚Tu
1290 2554 1458 2586 sacerdos
1483 2555 1519 2586 in
1545 2562 1731 2587 aeternum

399 2597 501 2637 juxta
518 2597 666 2628 modum
686 2597 968 2629 Melchizedechi
980 2597 998 2609 '’
1016 2598 1164 2637 (Psalm.
1180 2608 1233 2630 cx.
1252 2595 1299 2639 3[,
1316 2596 1389 2639 4]);

225 2700 337 2742 haec
366 2700 423 2741 de
447 2699 646 2741 Domino
671 2707 865 2741 venturo
890 2701 934 2740 in
962 2701 1207 2751 mundum;
1243 2705 1339 2742 “ex
1367 2708 1497 2742 utero
1524 2702 1731 2742 Aurorae

224 2765 326 2805 Tibi
353 2778 425 2804 ros
447 2763 739 2816 juventutis‚’‘
764 2770 834 2804 est
861 2765 1102 2817 conceptio
1128 2778 1186 2805 ex
1215 2764 1320 2818 Ipso
1347 2765 1527 2813 Divino,
1552 2772 1598 2806 et
1625 2765 1729 2805 inde

225 2827 496 2881 glorificatio
531 2827 730 2867 Humani
764 2827 934 2880 Ipsius;
974 2829 1225 2869 “sacerdos
1257 2829 1300 2869 in
1334 2835 1569 2869 aeternum
1598 2829 1732 2881 juxta

227 2891 412 2932 modum
436 2889 835 2939 Melchizedechi,”
857 2898 926 2932 est
949 2891 1070 2945 quod
1094 2891 1308 2933 Divinum
1332 2892 1507 2932 Bonum
1533 2899 1579 2932 et
1603 2892 1728 2932 Divi-

225 2967 331 2994 num
359 2954 531 2995 Verum
557 2954 614 2994 ab
639 2954 744 3007 Ipso
769 2954 1003 3007 procedat,
1032 2955 1254 2996 Dominus
1281 2957 1400 2996 enim
1427 2962 1474 2996 ut
1502 2955 1726 2996 Sacerdos

224 3024 296 3059 est
323 3017 539 3058 Divinum
568 3017 757 3067 Bonum,
786 3031 837 3059 ac
864 3025 912 3059 ut
946 3018 1049 3060 Rex
1076 3017 1345 3068 sanctitatis,
1374 3021 1448 3074 qui
1474 3026 1543 3060 est
1574 3019 1722 3060 “Mel-
