2060 3476
301 351 378 395 192
709 349 1043 383 APOCALYPSIS
1075 349 1374 382 EXPLICATA.

316 471 369 503 24.
404 462 524 497 “Vobis
540 465 656 497 autem
673 463 748 497 dt'co
768 466 805 497 et
825 462 968 507 reliquls
991 462 1025 496 ιή
1045 461 1240 506 ΤΙιγαὺϊῘε,”
1257 461 1420 504 significat
1436 461 1589 493 omnibus
1603 465 1634 492 et
1646 460 1788 503 sing-ult&

470 510 565 550 apud
577 520 655 550 quos
671 509 845 540 internum
858 509 1075 550 conjunc‘tum
1092 513 1137 539 est
1151 512 1284 539 externo
1301 507 1352 550 [n.
1371 505 1470 548 169];
1497 504 1707 548 “quicunque
1723 515 1788 539 non

469 552 573 586 habet
588 552 775 586 doctrinam
791 552 906 590 hanef
920 552 1086 594 significat
1102 553 1196 594 apud
1207 563 1286 594 quos
1291 552 1489 593 jucundum
1501 554 1690 588 externum,
1702 550 1793 592 quod

471 602 516 628 est
527 598 723 639 jucundum
741 598 865 628 amoris
879 597 935 628 sui
956 601 986 628 et
1007 597 1137 634 mundi,
1154 607 1222 627 non
1239 595 1438 627 dominatur
1456 594 1506 637 [n.
1528 593 1627 636 170];
1655 596 1712 627 “et
1732 592 1792 637 qul'

470 651 536 675 non
561 644 794 684 cognorerunt
812 641 985 684 profunda
1008 643 1164 678 satanae,
1184 643 1223 673 ut
1241 639 1383 676 dicunt,''
1401 638 1565 679 significat
1582 638 1787 680 illaqueatio-

470 697 544 717 nem
561 686 602 716 ab
619 686 687 717 illis
706 686 756 729 [n.
779 685 878 728 171];
907 690 992 718 “non
1015 685 1149 728 impono
1172 694 1279 727 super
1299 693 1358 717 ros
1374 682 1471 716 aliud
1493 683 1607 720 onus‚''
1624 681 1788 724 significat

469 731 560 772 quod
572 731 631 761 ltoc
645 731 750 761 solum
768 731 954 761 cavendum
970 730 1015 761 sit
1031 729 1078 773 [n.
1100 728 1193 771 172].

315 807 368 843 25.
402 799 576 834 “Attamen
593 800 684 844 quod
703 800 837 834 habetis
853 799 997 834 retinete
1014 799 1120 833 donec
1140 798 1264 836 νεηϊο,”
1281 798 1446 840 significat
1459 797 1732 840 permanentiam
1750 797 1787 829 in

466 849 555 876 statu
571 846 696 876 amoris
710 850 741 876 et
743 845 835 887 fidei
849 856 950 887 usque
964 845 1013 876 ad
1025 844 1250 876 visitationem
1271 843 1323 887 [n.
1345 850 1381 883 17
1385 842 1438 885 3].

316 914 368 948 26.
403 915 466 949 “Et
483 915 620 949 vincens
637 918 675 949 et
688 915 887 949 custodiens
904 924 1012 959 usque
1027 914 1075 948 ad
1089 915 1186 947 mrem
1204 923 1309 957 opem
1325 913 1430 950 mnf
1447 911 1611 954 significat
1619 917 1786 955 postpug-

469 971 551 991 nam
569 965 683 992 contra
701 961 773 992 illos
784 971 911 991 amores
926 965 956 991 et
971 960 1179 991 remotionem
1193 959 1329 990 illorum
1342 963 1508 1000 quantum
1516 962 1630 999 potest,
1639 962 1787 999 perseve-

470 1005 635 1036 rationem
661 1006 698 1036 in
721 1015 833 1036 amore
851 1009 881 1035 et
890 1004 966 1046 fide
992 1004 1042 1046 [n.
1065 1003 1164 1046 174];
1191 1005 1250 1036 “et
1271 1002 1356 1036 dabo
1379 1001 1431 1035 ῘΙΙῘ
1448 1004 1657 1045 potestatem
1681 1011 1788 1044 supet·

465 1049 618 1092 gentes?
634 1048 797 1090 significat
812 1054 912 1090 super
926 1049 1018 1080 mala
1035 1049 1130 1090 apud
1148 1059 1190 1086 se,
1207 1058 1292 1090 quae
1306 1052 1388 1079 tunc
1403 1058 1424 1078 a
1448 1047 1597 1078 Domino
1611 1047 1786 1078 discutien-

468 1098 529 1124 tur
546 1093 598 1137 [n.
620 1100 657 1133 17
662 1093 715 1135 5].

315 1163 368 1198 27.
403 1156 464 1190 “Et
475 1159 575 1200 reget
586 1166 648 1190 eas
665 1156 759 1200 vlrya
774 1156 918 1193 forrea.”
930 1155 1094 1197 signifieat
1106 1157 1198 1198 quod
1205 1156 1428 1197 castigaturus
1441 1155 1531 1186 mala
1537 1159 1603 1196 per
1612 1165 1692 1186 vera
1704 1165 1788 1196 quoe

467 1207 550 1233 sunt
565 1202 602 1233 in
617 1202 774 1232 naturali
787 1202 920 1232 homine
935 1201 986 1244 [n.
1004 1199 1106 1243 176];
1133 1203 1315 1243 “tanquam
1335 1209 1419 1233 vasa
1436 1198 1552 1232 fictilia
1569 1198 1786 1242 confr-inqen-

470 1246 555 1283 tur,”
572 1245 733 1287 significat
749 1246 1159 1287 dispersioncmfalsorum
1176 1246 1306 1276 totalem
1326 1245 1377 1287 [n.
1399 1243 1499 1286 177];
1527 1243 1641 1277 “sicut
1662 1246 1699 1276 et
1720 1243 1788 1287 Ego

468 1289 589 1333 accepi
597 1300 619 1323 α
632 1289 734 1323 Patre
746 1290 848 1327 meo,”
859 1289 1021 1331 signifieat
1034 1290 1259 1331 comparative
1269 1290 1355 1320 sicut
1365 1289 1536 1320 Dominus
1548 1299 1569 1320 a
1581 1288 1716 1320 Divino
1730 1299 1788 1320 suo

469 1346 543 1366 cum
555 1335 767 1377 glorificavit
781 1335 986 1366 Humanum
1002 1345 1101 1366 suum
1121 1333 1174 1377 [n.
1196 1332 1290 1376 178].

315 1407 367 1440 28.
401 1407 464 1441 “Et
477 1407 564 1442 dabo
583 1407 635 1441 ῘΙΙῘ
655 1409 792 1442 stellam
810 1407 1039 1444 matutsnaml'
1055 1406 1217 1449 significat
1234 1407 1491 1449 intelligentiam
1508 1410 1539 1438 et
1551 1406 1749 1448 sapientiam
1765 1417 1787 1438 a

468 1453 603 1484 Diz‘ino
619 1453 782 1484 Humano
799 1453 947 1484 Domini
965 1452 1016 1496 [n.
1038 1451 1132 1495 179].

315 1532 367 1565 ²9-
403 1522 557 1557 “liabens
569 1533 690 1556 aurem
702 1522 824 1556 audiat
834 1522 916 1567 quid
931 1506 1078 1565 Spiritus
1092 1521 1174 1556 dicit
1186 1521 1371 1559 ecclesils‚''
1385 1520 1547 1563 significat
1559 1522 1650 1564 quod
1660 1521 1722 1563 qui
1736 1522 1787 1553 in·

467 1569 587 1610 tellrgzt
608 1569 770 1599 auscultet
792 1568 878 1610 quid
897 1568 1070 1599 Divinum
1096 1568 1215 1598 Verum
1231 1567 1410 1608 procedens
1434 1577 1456 1597 a
1481 1566 1630 1598 Domino
1644 1567 1734 1597 docet
1758 1569 1790 1597 et

467 1613 550 1645 dicit
564 1613 633 1644 illis
649 1613 710 1654 qui
723 1612 766 1644 ab
781 1612 909 1644 ecclesia
927 1612 1036 1654 Ipsius
1049 1616 1131 1643 sunt
1148 1611 1199 1655 [n.
1221 1610 1316 1653 180]‚

372 1731 503 1775 150.
535 1731 641 1770 [Vm.
663 1731 726 1770 18.]
757 1721 836 1761 “ft
853 1720 1006 1775 Angelo
1027 1720 1067 1761 in
1096 1719 1295 1774 Thyamis
1318 1719 1532 1761 Ecclesiae
1554 1719 1788 1760 scr-ibel'-

294 1782 428 1836 Quod
455 1782 678 1837 significet
705 1783 806 1824 illos
832 1783 887 1824 ab
912 1782 1089 1824 ecclesia
1113 1782 1240 1835 apud
1264 1796 1371 1836 quos
1401 1782 1621 1823 internum
1644 1788 1687 1823 et
1708 1796 1785 1823 ex—

293 1853 463 1887 ternam
503 1861 578 1888 seu
617 1846 875 1899 spiritualis
914 1853 956 1887 et
994 1845 1220 1887 naturalis
1262 1845 1387 1887 homo
1426 1859 1558 1886 unum
1589 1839 1794 1898 faciunt,¹

292 1916 477 1951 constat
504 1924 564 1951 ex
591 1911 770 1964 scriptis
793 1910 849 1951 ad
881 1909 999 1951 hunc
1036 1909 1250 1963 angelum
1281 1909 1324 1949 in
1352 1922 1485 1950 sensu
1514 1910 1693 1950 interno
1718 1909 1785 1949 in-

293 1971 513 2014 tellectis:
550 1974 593 2013 in
625 1973 712 2013 illis
744 1974 893 2026 agitur
919 1973 975 2013 de
1007 1971 1322 2025 conjunfflone
1354 1972 1518 2013 interni
1549 1985 1627 2012 seu
1658 1971 1784 2025 spiri-

293 2036 427 2077 tualis
450 2036 644 2077 hominis
667 2050 767 2077 cum
791 2042 985 2077 externo
1007 2049 1085 2076 seu
1108 2035 1315 2084 naturali,
1336 2049 1414 2076 seu
1436 2035 1492 2075 de
1523 2034 1609 2075 illis
1631 2035 1689 2075 ab
1711 2047 1785 2076 ec-

293 2098 431 2140 clesia
462 2099 580 2152 apud
619 2113 730 2153 quos
768 2099 845 2139 illa
883 2097 1123 2152 conjuncta
1159 2105 1277 2139 sunt.
1347 2098 1433 2138 Est
1471 2098 1587 2151 apud
1626 2112 1784 2139 unum-

293 2164 495 2217 quemvis
514 2163 745 2203 hominem
763 2163 989 2204 internum
1005 2168 1051 2203 et
1070 2168 1336 2213 externum3
1364 2162 1589 2202 internum
1605 2161 1697 2214 ejus
1715 2169 1785 2203 est

293 2226 413 2280 quod
435 2232 626 2266 vocatur
647 2225 890 2279 spiritualis
915 2225 1068 2274 homo,
1094 2231 1335 2266 externum
1353 2225 1472 2279 quod
1494 2232 1684 2266 vocatur
1706 2239 1785 2266 na-

294 2289 449 2331 turalis
461 2289 611 2330 homo.
651 2289 763 2330 Cum
774 2289 912 2330 homo
924 2290 1137 2338 nascitur,
1155 2289 1345 2342 primum
1361 2289 1558 2342 aperitur
1568 2295 1786 2330 externus

294 2367 372 2394 seu
395 2352 612 2393 naturalis
634 2352 799 2403 homo;
833 2366 884 2393 ac
908 2359 1082 2406 postea,
1108 2353 1222 2393 sicut
1249 2351 1471 2393 adolescit
1494 2358 1539 2392 et
1561 2351 1788 2406 perficitur

294 2415 601 2469 intelligentia
633 2422 679 2457 et
712 2417 946 2469 sapientia,
975 2417 1171 2469 aperitur
1201 2416 1403 2456 internus
1436 2429 1513 2456 seu
1545 2416 1786 2469 spiritualis

294 2479 447 2520 homo.
509 2479 743 2520 Externus
781 2493 858 2520 seu
895 2479 1112 2520 naturalis
1153 2478 1291 2520 homo
1327 2479 1524 2532 aperitur
1563 2493 1641 2533 per
1677 2479 1786 2521 talia

294 2556 409 2596 quae
447 2542 586 2583 homo
623 2542 771 2583 haurit
809 2557 868 2583 ex
901 2542 1083 2592 mundo,
1118 2548 1165 2583 at
1202 2543 1403 2583 internus
1435 2556 1513 2583 seu
1545 2542 1786 2596 spiritualis

295 2605 434 2646 homo
460 2606 658 2658 aperitur
683 2619 761 2659 per
783 2605 892 2646 talia
914 2619 1028 2659 quae
1055 2605 1203 2647 haurit
1229 2619 1288 2646 ex
1312 2605 1466 2656 caelo;
1499 2619 1604 2646 nam
1631 2612 1785 2647 exter-

296 2682 378 2709 nus
396 2682 474 2709 seu
493 2668 708 2709 naturalis
726 2668 864 2709 homo
886 2668 1103 2709 formatus
1126 2675 1196 2710 est
1218 2669 1274 2709 ad
1297 2670 1605 2722 receptionem
1628 2669 1785 2709 talium

295 2745 410 2785 quae
442 2732 485 2771 in
518 2731 686 2771 mundo
712 2738 830 2781 sunt,
860 2745 910 2772 ac
944 2732 1145 2772 internus
1177 2746 1255 2773 seu
1286 2732 1527 2785 spiritualis
1560 2732 1697 2773 homo
1729 2732 1785 2772 ad

295 2795 605 2848 receptionem
624 2794 782 2835 talium
800 2808 913 2848 quae
931 2795 975 2835 in
993 2794 1121 2835 caelo
1139 2801 1256 2836 sunt.
1319 2795 1403 2835 Illa
1421 2809 1534 2849 quae
1556 2795 1599 2835 in
1618 2795 1785 2836 mundo

296 2863 415 2906 sunt,
449 2857 506 2897 ad
538 2870 726 2911 quorum
758 2858 1065 2911 receptionem
1103 2857 1322 2898 formatus
1358 2864 1428 2899 est
1460 2864 1676 2899 externus
1707 2872 1785 2899 seu

297 2920 514 2962 naturalis
540 2920 693 2969 homo,
722 2934 769 2961 se
795 2921 993 2961 referunt
1018 2921 1062 2961 in
1088 2911 1255 2974 genere
1281 2921 1338 2962 ad
1364 2921 1515 2962 omnia
1541 2934 1654 2974 quae
1680 2927 1784 2962 sunt

296 2984 416 3024 vitae
455 2983 596 3024 civilis
634 2990 680 3024 et
719 2984 928 3035 moralis;
974 2990 1021 3025 at
1059 2983 1135 3024 illa
1173 2998 1286 3037 quae
1322 2984 1366 3024 in
1405 2983 1533 3025 caelo
1569 2989 1688 3033 sunt,
1727 2984 1784 3024 ad
