<?xml version="1.0" encoding="UTF-8"?>
<!DOCTYPE html PUBLIC "-//W3C//DTD XHTML 1.0 Transitional//EN"
    "http://www.w3.org/TR/xhtml1/DTD/xhtml1-transitional.dtd">
<html xmlns="http://www.w3.org/1999/xhtml" xml:lang="en" lang="en">
 <head>
  <title>
</title>
<meta http-equiv="Content-Type" content="text/html;charset=utf-8" />
  <meta name='ocr-system' content='tesseract 3.04.00' />
  <meta name='ocr-capabilities' content='ocr_page ocr_carea ocr_par ocr_line ocrx_word'/>
</head>
<body>
  <div class='ocr_page' id='page_1' title='image "apocalypsisexpli01sweduoft_0244.png"; bbox 0 0 2060 3476; ppageno 0'>
   <div class='ocr_carea' id='block_1_1' title="bbox 280 320 1357 395">
    <p class='ocr_par' dir='ltr' id='par_1_1' title="bbox 280 320 1357 395">
     <span class='ocr_line' id='line_1_1' title="bbox 280 320 1357 395; baseline 0.002 -13"><span class='ocrx_word' id='word_1_1' title='bbox 280 342 363 395; x_wconf 88' lang='lat'>238</span> <span class='ocrx_word' id='word_1_2' title='bbox 466 320 476 333; x_wconf 63' lang='lat'>⁸</span> <span class='ocrx_word' id='word_1_3' title='bbox 694 351 1027 385; x_wconf 74' lang='lat' dir='ltr'>APOCALYPSIS</span> <span class='ocrx_word' id='word_1_4' title='bbox 1058 350 1357 384; x_wconf 81' lang='lat' dir='ltr'>EXPLICATA.</span> 
     </span>
    </p>
   </div>
   <div class='ocr_carea' id='block_1_2' title="bbox 280 448 1817 574">
    <p class='ocr_par' dir='ltr' id='par_1_2' title="bbox 280 448 1817 574">
     <span class='ocr_line' id='line_1_2' title="bbox 280 448 1817 515; baseline -0.002 -11"><span class='ocrx_word' id='word_1_5' title='bbox 280 459 571 512; x_wconf 82' lang='lat' dir='ltr'>chizedech,&#39;’</span> <span class='ocrx_word' id='word_1_6' title='bbox 587 469 658 504; x_wconf 91' lang='lat' dir='ltr'>est</span> <span class='ocrx_word' id='word_1_7' title='bbox 682 462 896 504; x_wconf 89' lang='lat' dir='ltr'>Divinum</span> <span class='ocrx_word' id='word_1_8' title='bbox 914 461 1087 504; x_wconf 89' lang='lat' dir='ltr'>Verum</span> <span class='ocrx_word' id='word_1_9' title='bbox 1110 473 1268 512; x_wconf 79' lang='lat' dir='ltr'>(videatur</span> <span class='ocrx_word' id='word_1_10' title='bbox 1282 481 1312 502; x_wconf 89' lang='lat' dir='ltr'>n.</span> <span class='ocrx_word' id='word_1_11' title='bbox 1330 471 1436 510; x_wconf 88' lang='lat'><strong>1725).</strong></span> <span class='ocrx_word' id='word_1_12' title='bbox 1495 460 1634 515; x_wconf 91' lang='lat' dir='ltr'><strong>Apud</strong></span> <span class='ocrx_word' id='word_1_13' title='bbox 1656 448 1769 502; x_wconf 67' lang='lat' dir='ltr'>Eze÷</span> <span class='ocrx_word' id='word_1_14' title='bbox 1814 485 1817 487; x_wconf 98' lang='lat'>-</span> 
     </span>
     <span class='ocr_line' id='line_1_3' title="bbox 280 524 470 574; baseline 0.005 -9"><span class='ocrx_word' id='word_1_15' title='bbox 280 524 470 574; x_wconf 81' lang='lat' dir='ltr'>clzz‘elem,</span> 
     </span>
    </p>
   </div>
   <div class='ocr_carea' id='block_1_3' title="bbox 347 611 1773 700">
    <p class='ocr_par' dir='ltr' id='par_1_3' title="bbox 347 611 1773 700">
     <span class='ocr_line' id='line_1_4' title="bbox 347 611 1773 656; baseline -0.002 -10"><span class='ocrx_word' id='word_1_16' title='bbox 347 614 500 646; x_wconf 89' lang='lat' dir='ltr'>Cherubi</span> <span class='ocrx_word' id='word_1_17' title='bbox 519 620 693 647; x_wconf 88' lang='lat' dir='ltr'>steterunt</span> <span class='ocrx_word' id='word_1_18' title='bbox 713 616 788 647; x_wconf 81' lang='lat' dir='ltr'>“ad</span> <span class='ocrx_word' id='word_1_19' title='bbox 800 615 937 651; x_wconf 81' lang='lat' dir='ltr'>¹ostium</span> <span class='ocrx_word' id='word_1_20' title='bbox 955 621 1078 656; x_wconf 86' lang='lat' dir='ltr'>portae</span> <span class='ocrx_word' id='word_1_21' title='bbox 1097 614 1235 646; x_wconf 91' lang='lat' dir='ltr'>Domus</span> <span class='ocrx_word' id='word_1_22' title='bbox 1253 613 1436 651; x_wconf 86' lang='lat' dir='ltr'>orientale,</span> <span class='ocrx_word' id='word_1_23' title='bbox 1457 611 1572 653; x_wconf 86' lang='lat' dir='ltr'>gloria</span> <span class='ocrx_word' id='word_1_24' title='bbox 1590 612 1657 644; x_wconf 90' lang='lat' dir='ltr'>Dei</span> <span class='ocrx_word' id='word_1_25' title='bbox 1681 611 1773 643; x_wconf 87' lang='lat' dir='ltr'>Isra-</span> 
     </span>
     <span class='ocr_line' id='line_1_5' title="bbox 455 658 1075 700; baseline 0 -10"><span class='ocrx_word' id='word_1_26' title='bbox 455 659 519 690; x_wconf 89' lang='lat' dir='ltr'><strong>elis</strong></span> <span class='ocrx_word' id='word_1_27' title='bbox 537 669 644 699; x_wconf 88' lang='lat' dir='ltr'>super</span> <span class='ocrx_word' id='word_1_28' title='bbox 661 659 729 691; x_wconf 91' lang='lat' dir='ltr'>illis</span> <span class='ocrx_word' id='word_1_29' title='bbox 746 669 887 691; x_wconf 88' lang='lat' dir='ltr'>sursum</span> <span class='ocrx_word' id='word_1_30' title='bbox 900 658 918 671; x_wconf 83' lang='lat'>’¹</span> <span class='ocrx_word' id='word_1_31' title='bbox 936 659 982 699; x_wconf 84' lang='lat' dir='ltr'>(x.</span> <span class='ocrx_word' id='word_1_32' title='bbox 1002 659 1075 700; x_wconf 84' lang='lat'>19);</span> 
     </span>
    </p>
   </div>
   <div class='ocr_carea' id='block_1_4' title="bbox 280 743 1773 1116">
    <p class='ocr_par' dir='ltr' id='par_1_4' title="bbox 280 743 1773 1116">
     <span class='ocr_line' id='line_1_6' title="bbox 282 743 1772 801; baseline -0.003 -13"><span class='ocrx_word' id='word_1_33' title='bbox 282 747 545 788; x_wconf 79' lang='lat' dir='ltr'>“Cherubi”</span> <span class='ocrx_word' id='word_1_34' title='bbox 579 747 832 801; x_wconf 86' lang='lat' dir='ltr'>significant</span> <span class='ocrx_word' id='word_1_35' title='bbox 874 747 1117 788; x_wconf 89' lang='lat' dir='ltr'>Dominum</span> <span class='ocrx_word' id='word_1_36' title='bbox 1155 745 1301 800; x_wconf 84' lang='lat' dir='ltr'>quoad</span> <span class='ocrx_word' id='word_1_37' title='bbox 1348 743 1679 799; x_wconf 84' lang='lat' dir='ltr'>providentiam</span> <span class='ocrx_word' id='word_1_38' title='bbox 1725 749 1772 785; x_wconf 88' lang='lat' dir='ltr'>et</span> 
     </span>
     <span class='ocr_line' id='line_1_7' title="bbox 280 808 1771 864; baseline -0.003 -13"><span class='ocrx_word' id='word_1_39' title='bbox 280 810 427 864; x_wconf 87' lang='lat' dir='ltr'>quoad</span> <span class='ocrx_word' id='word_1_40' title='bbox 452 811 702 851; x_wconf 83' lang='lat' dir='ltr'>custodiam</span> <span class='ocrx_word' id='word_1_41' title='bbox 730 825 785 851; x_wconf 91' lang='lat' dir='ltr'>ne</span> <span class='ocrx_word' id='word_1_42' title='bbox 811 811 998 851; x_wconf 81' lang='lat' dir='ltr'>adeatur</span> <span class='ocrx_word' id='word_1_43' title='bbox 1021 811 1103 850; x_wconf 92' lang='lat' dir='ltr'>nisi</span> <span class='ocrx_word' id='word_1_44' title='bbox 1129 822 1261 863; x_wconf 87' lang='lat' dir='ltr'>quam</span> <span class='ocrx_word' id='word_1_45' title='bbox 1288 822 1366 863; x_wconf 88' lang='lat' dir='ltr'>per</span> <span class='ocrx_word' id='word_1_46' title='bbox 1387 809 1555 849; x_wconf 90' lang='lat' dir='ltr'>bonurn</span> <span class='ocrx_word' id='word_1_47' title='bbox 1582 808 1771 858; x_wconf 86' lang='lat' dir='ltr'>amoris;</span> 
     </span>
     <span class='ocr_line' id='line_1_8' title="bbox 281 870 1771 926; baseline -0.002 -12"><span class='ocrx_word' id='word_1_48' title='bbox 281 875 484 915; x_wconf 80' lang='lat' dir='ltr'>“ostium</span> <span class='ocrx_word' id='word_1_49' title='bbox 506 880 662 926; x_wconf 88' lang='lat' dir='ltr'>portae</span> <span class='ocrx_word' id='word_1_50' title='bbox 683 873 855 914; x_wconf 90' lang='lat' dir='ltr'>Domus</span> <span class='ocrx_word' id='word_1_51' title='bbox 883 873 1130 914; x_wconf 88' lang='lat' dir='ltr'>orientale&#39;’</span> <span class='ocrx_word' id='word_1_52' title='bbox 1157 871 1380 925; x_wconf 83' lang='lat' dir='ltr'>significat</span> <span class='ocrx_word' id='word_1_53' title='bbox 1405 872 1604 922; x_wconf 82' lang='lat' dir='ltr'>aditum;</span> <span class='ocrx_word' id='word_1_54' title='bbox 1630 870 1771 911; x_wconf 91' lang='lat' dir='ltr'>&#39;“Do-</span> 
     </span>
     <span class='ocr_line' id='line_1_9' title="bbox 282 934 1771 987; baseline -0.001 -11"><span class='ocrx_word' id='word_1_55' title='bbox 282 950 378 976; x_wconf 91' lang='lat' dir='ltr'>mus</span> <span class='ocrx_word' id='word_1_56' title='bbox 407 936 489 977; x_wconf 88' lang='lat' dir='ltr'>Dei</span> <span class='ocrx_word' id='word_1_57' title='bbox 502 936 520 951; x_wconf 91' lang='lat'>&#39;&#39;</span> <span class='ocrx_word' id='word_1_58' title='bbox 547 944 616 978; x_wconf 87' lang='lat' dir='ltr'>est</span> <span class='ocrx_word' id='word_1_59' title='bbox 643 936 816 977; x_wconf 85' lang='lat' dir='ltr'>caelum</span> <span class='ocrx_word' id='word_1_60' title='bbox 843 943 888 977; x_wconf 88' lang='lat' dir='ltr'>et</span> <span class='ocrx_word' id='word_1_61' title='bbox 921 935 1137 987; x_wconf 81' lang='lat' dir='ltr'>ecclesia3</span> <span class='ocrx_word' id='word_1_62' title='bbox 1172 934 1388 976; x_wconf 88' lang='lat' dir='ltr'>“oriens”</span> <span class='ocrx_word' id='word_1_63' title='bbox 1413 941 1482 976; x_wconf 89' lang='lat' dir='ltr'>est</span> <span class='ocrx_word' id='word_1_64' title='bbox 1509 935 1581 975; x_wconf 89' lang='lat' dir='ltr'>ubi</span> <span class='ocrx_word' id='word_1_65' title='bbox 1615 934 1771 975; x_wconf 90' lang='lat' dir='ltr'>Domi-</span> 
     </span>
     <span class='ocr_line' id='line_1_10' title="bbox 281 997 1773 1052; baseline -0.001 -13"><span class='ocrx_word' id='word_1_66' title='bbox 281 1013 361 1039; x_wconf 85' lang='lat' dir='ltr'>nus</span> <span class='ocrx_word' id='word_1_67' title='bbox 379 1006 565 1052; x_wconf 83' lang='lat' dir='ltr'>apparet</span> <span class='ocrx_word' id='word_1_68' title='bbox 589 1006 636 1040; x_wconf 91' lang='lat' dir='ltr'>ut</span> <span class='ocrx_word' id='word_1_69' title='bbox 661 999 751 1047; x_wconf 82' lang='lat' dir='ltr'>Sol,</span> <span class='ocrx_word' id='word_1_70' title='bbox 771 1001 834 1040; x_wconf 86' lang='lat' dir='ltr'>ita</span> <span class='ocrx_word' id='word_1_71' title='bbox 856 1000 927 1040; x_wconf 90' lang='lat' dir='ltr'>ubi</span> <span class='ocrx_word' id='word_1_72' title='bbox 946 999 1112 1052; x_wconf 85' lang='lat' dir='ltr'>jugiter</span> <span class='ocrx_word' id='word_1_73' title='bbox 1135 1005 1203 1040; x_wconf 89' lang='lat' dir='ltr'>est</span> <span class='ocrx_word' id='word_1_74' title='bbox 1226 999 1270 1039; x_wconf 91' lang='lat' dir='ltr'>in</span> <span class='ocrx_word' id='word_1_75' title='bbox 1294 1011 1451 1049; x_wconf 82' lang='lat' dir='ltr'>mane3</span> <span class='ocrx_word' id='word_1_76' title='bbox 1484 998 1588 1039; x_wconf 90' lang='lat' dir='ltr'>inde</span> <span class='ocrx_word' id='word_1_77' title='bbox 1611 997 1773 1038; x_wconf 89' lang='lat' dir='ltr'>dicitur</span> 
     </span>
     <span class='ocr_line' id='line_1_11' title="bbox 283 1060 1720 1116; baseline -0.001 -13"><span class='ocrx_word' id='word_1_78' title='bbox 283 1062 466 1115; x_wconf 80' lang='lat' dir='ltr'>“gloria</span> <span class='ocrx_word' id='word_1_79' title='bbox 493 1063 578 1103; x_wconf 91' lang='lat' dir='ltr'>Dei</span> <span class='ocrx_word' id='word_1_80' title='bbox 606 1063 783 1103; x_wconf 80' lang='lat' dir='ltr'>Israelis</span> <span class='ocrx_word' id='word_1_81' title='bbox 809 1076 940 1116; x_wconf 88' lang='lat' dir='ltr'>super</span> <span class='ocrx_word' id='word_1_82' title='bbox 966 1063 1051 1103; x_wconf 87' lang='lat' dir='ltr'>illis</span> <span class='ocrx_word' id='word_1_83' title='bbox 1078 1061 1287 1104; x_wconf 85' lang='lat' dir='ltr'>sursum.&#39;’</span> <span class='ocrx_word' id='word_1_84' title='bbox 1347 1061 1485 1115; x_wconf 90' lang='lat' dir='ltr'>Apud</span> <span class='ocrx_word' id='word_1_85' title='bbox 1512 1060 1720 1109; x_wconf 84' lang='lat' dir='ltr'>eundern,</span> 
     </span>
    </p>
   </div>
   <div class='ocr_carea' id='block_1_5' title="bbox 346 1156 1774 1288">
    <p class='ocr_par' dir='ltr' id='par_1_5' title="bbox 346 1156 1774 1288">
     <span class='ocr_line' id='line_1_12' title="bbox 346 1156 1771 1199; baseline -0.001 -9"><span class='ocrx_word' id='word_1_86' title='bbox 346 1158 506 1198; x_wconf 86' lang='lat' dir='ltr'>Angelus</span> <span class='ocrx_word' id='word_1_87' title='bbox 528 1158 660 1190; x_wconf 85' lang='lat' dir='ltr'>“duxit</span> <span class='ocrx_word' id='word_1_88' title='bbox 685 1168 742 1189; x_wconf 87' lang='lat' dir='ltr'>me</span> <span class='ocrx_word' id='word_1_89' title='bbox 766 1158 811 1190; x_wconf 86' lang='lat' dir='ltr'>ad</span> <span class='ocrx_word' id='word_1_90' title='bbox 835 1165 987 1199; x_wconf 86' lang='lat' dir='ltr'>portam,</span> <span class='ocrx_word' id='word_1_91' title='bbox 1008 1168 1097 1199; x_wconf 87' lang='lat' dir='ltr'>quae</span> <span class='ocrx_word' id='word_1_92' title='bbox 1122 1156 1290 1199; x_wconf 68' lang='lat' dir='ltr'>spectans</span> <span class='ocrx_word' id='word_1_93' title='bbox 1314 1167 1440 1190; x_wconf 88' lang='lat' dir='ltr'>versus</span> <span class='ocrx_word' id='word_1_94' title='bbox 1464 1157 1660 1194; x_wconf 84' lang='lat' dir='ltr'>orientem:</span> <span class='ocrx_word' id='word_1_95' title='bbox 1693 1167 1771 1189; x_wconf 91' lang='lat' dir='ltr'>cum</span> 
     </span>
     <span class='ocr_line' id='line_1_13' title="bbox 454 1201 1774 1242; baseline -0.001 -9"><span class='ocrx_word' id='word_1_96' title='bbox 454 1212 533 1234; x_wconf 91' lang='lat' dir='ltr'>ecce</span> <span class='ocrx_word' id='word_1_97' title='bbox 549 1202 665 1242; x_wconf 87' lang='lat' dir='ltr'>gloria</span> <span class='ocrx_word' id='word_1_98' title='bbox 684 1202 748 1233; x_wconf 91' lang='lat' dir='ltr'>Dei</span> <span class='ocrx_word' id='word_1_99' title='bbox 775 1202 918 1234; x_wconf 87' lang='lat' dir='ltr'>Israelis</span> <span class='ocrx_word' id='word_1_100' title='bbox 935 1203 1034 1234; x_wconf 86' lang='lat' dir='ltr'>venit</span> <span class='ocrx_word' id='word_1_101' title='bbox 1057 1211 1079 1233; x_wconf 89' lang='lat' dir='ltr'>a</span> <span class='ocrx_word' id='word_1_102' title='bbox 1095 1202 1153 1233; x_wconf 88' lang='lat' dir='ltr'>via</span> <span class='ocrx_word' id='word_1_103' title='bbox 1176 1202 1323 1233; x_wconf 89' lang='lat' dir='ltr'>orientis</span> <span class='ocrx_word' id='word_1_104' title='bbox 1328 1226 1419 1238; x_wconf 81' lang='grc'><strong>.....</strong></span> <span class='ocrx_word' id='word_1_105' title='bbox 1428 1208 1463 1233; x_wconf 88' lang='lat' dir='ltr'>et</span> <span class='ocrx_word' id='word_1_106' title='bbox 1487 1207 1582 1233; x_wconf 87' lang='lat' dir='ltr'>terra</span> <span class='ocrx_word' id='word_1_107' title='bbox 1598 1201 1774 1233; x_wconf 86' lang='lat' dir='ltr'>illustrata</span> 
     </span>
     <span class='ocr_line' id='line_1_14' title="bbox 453 1245 1773 1288; baseline -0.001 -11"><span class='ocrx_word' id='word_1_108' title='bbox 453 1256 474 1277; x_wconf 90' lang='lat' dir='ltr'>a</span> <span class='ocrx_word' id='word_1_109' title='bbox 497 1246 610 1286; x_wconf 84' lang='lat' dir='ltr'>gloria</span> <span class='ocrx_word' id='word_1_110' title='bbox 628 1246 744 1286; x_wconf 87' lang='lat' dir='ltr'>Ipsius</span> <span class='ocrx_word' id='word_1_111' title='bbox 761 1255 783 1284; x_wconf 86' lang='lat'>;.</span> <span class='ocrx_word' id='word_1_112' title='bbox 798 1270 805 1278; x_wconf 87' lang='lat'>.</span> <span class='ocrx_word' id='word_1_113' title='bbox 819 1271 827 1278; x_wconf 90' lang='lat'>.</span> <span class='ocrx_word' id='word_1_114' title='bbox 842 1246 971 1286; x_wconf 88' lang='lat' dir='ltr'>.gloria</span> <span class='ocrx_word' id='word_1_115' title='bbox 986 1245 1146 1288; x_wconf 88' lang='lat' dir='ltr'>Jehovae</span> <span class='ocrx_word' id='word_1_116' title='bbox 1162 1246 1309 1277; x_wconf 82' lang='lat' dir='ltr'>intravit</span> <span class='ocrx_word' id='word_1_117' title='bbox 1334 1246 1368 1277; x_wconf 90' lang='lat' dir='ltr'>in</span> <span class='ocrx_word' id='word_1_118' title='bbox 1395 1245 1550 1277; x_wconf 90' lang='lat' dir='ltr'>Domum</span> <span class='ocrx_word' id='word_1_119' title='bbox 1568 1245 1626 1276; x_wconf 88' lang='lat' dir='ltr'>via</span> <span class='ocrx_word' id='word_1_120' title='bbox 1650 1251 1773 1286; x_wconf 90' lang='lat' dir='ltr'>portae</span> 
     </span>
    </p>
   </div>
   <div class='ocr_carea' id='block_1_6' title="bbox 454 1289 1329 1352">
    <p class='ocr_par' dir='ltr' id='par_1_6' title="bbox 454 1289 1329 1352">
     <span class='ocr_line' id='line_1_15' title="bbox 454 1289 1329 1352; baseline 0 -31"><span class='ocrx_word' id='word_1_121' title='bbox 454 1290 555 1330; x_wconf 90' lang='lat' dir='ltr'>cujus</span> <span class='ocrx_word' id='word_1_122' title='bbox 573 1289 682 1321; x_wconf 80' lang='lat' dir='ltr'>facies</span> <span class='ocrx_word' id='word_1_123' title='bbox 700 1299 826 1321; x_wconf 91' lang='lat' dir='ltr'>versus</span> <span class='ocrx_word' id='word_1_124' title='bbox 843 1289 1051 1352; x_wconf 50' lang='lat' dir='ltr'>orientem:</span> <span class='ocrx_word' id='word_1_125' title='bbox 1068 1290 1168 1330; x_wconf 88' lang='lat' dir='ltr'>(xliii.</span> <span class='ocrx_word' id='word_1_126' title='bbox 1186 1298 1214 1327; x_wconf 92' lang='lat'>1,</span> <span class='ocrx_word' id='word_1_127' title='bbox 1230 1298 1260 1327; x_wconf 88' lang='lat'>2,</span> <span class='ocrx_word' id='word_1_128' title='bbox 1274 1289 1329 1329; x_wconf 85' lang='lat'>4);</span> 
     </span>
    </p>
   </div>
   <div class='ocr_carea' id='block_1_7' title="bbox 280 1384 1774 1693">
    <p class='ocr_par' dir='ltr' id='par_1_7' title="bbox 280 1384 1774 1693">
     <span class='ocr_line' id='line_1_16' title="bbox 280 1384 1773 1438; baseline -0.001 -12"><span class='ocrx_word' id='word_1_129' title='bbox 280 1386 349 1426; x_wconf 93' lang='lat' dir='ltr'>hic</span> <span class='ocrx_word' id='word_1_130' title='bbox 373 1385 638 1426; x_wconf 86' lang='lat' dir='ltr'>describitur</span> <span class='ocrx_word' id='word_1_131' title='bbox 659 1385 702 1426; x_wconf 91' lang='lat' dir='ltr'>in</span> <span class='ocrx_word' id='word_1_132' title='bbox 726 1399 859 1426; x_wconf 89' lang='lat' dir='ltr'>sensu</span> <span class='ocrx_word' id='word_1_133' title='bbox 884 1385 1062 1426; x_wconf 88' lang='lat' dir='ltr'>interno</span> <span class='ocrx_word' id='word_1_134' title='bbox 1088 1385 1281 1426; x_wconf 85' lang='lat' dir='ltr'>influxus</span> <span class='ocrx_word' id='word_1_135' title='bbox 1305 1385 1486 1426; x_wconf 89' lang='lat' dir='ltr'>Domini</span> <span class='ocrx_word' id='word_1_136' title='bbox 1512 1385 1555 1425; x_wconf 90' lang='lat' dir='ltr'>in</span> <span class='ocrx_word' id='word_1_137' title='bbox 1582 1384 1682 1425; x_wconf 90' lang='lat' dir='ltr'>illos</span> <span class='ocrx_word' id='word_1_138' title='bbox 1700 1385 1773 1438; x_wconf 93' lang='lat' dir='ltr'>qui</span> 
     </span>
     <span class='ocr_line' id='line_1_17' title="bbox 282 1448 1772 1502; baseline 0.001 -13"><span class='ocrx_word' id='word_1_139' title='bbox 282 1449 326 1489; x_wconf 91' lang='lat' dir='ltr'>in</span> <span class='ocrx_word' id='word_1_140' title='bbox 354 1449 498 1502; x_wconf 90' lang='lat' dir='ltr'>Ipsius</span> <span class='ocrx_word' id='word_1_141' title='bbox 524 1462 666 1502; x_wconf 87' lang='lat' dir='ltr'>regno</span> <span class='ocrx_word' id='word_1_142' title='bbox 692 1456 738 1490; x_wconf 90' lang='lat' dir='ltr'>et</span> <span class='ocrx_word' id='word_1_143' title='bbox 771 1449 962 1490; x_wconf 85' lang='lat' dir='ltr'>ecclesia</span> <span class='ocrx_word' id='word_1_144' title='bbox 988 1456 1120 1500; x_wconf 88' lang='lat' dir='ltr'>sunt;</span> <span class='ocrx_word' id='word_1_145' title='bbox 1155 1449 1317 1490; x_wconf 90' lang='lat' dir='ltr'>“Deus</span> <span class='ocrx_word' id='word_1_146' title='bbox 1345 1448 1523 1490; x_wconf 86' lang='lat' dir='ltr'>Israelis</span> <span class='ocrx_word' id='word_1_147' title='bbox 1536 1448 1554 1464; x_wconf 91' lang='lat'>’&#39;</span> <span class='ocrx_word' id='word_1_148' title='bbox 1580 1455 1650 1490; x_wconf 89' lang='lat' dir='ltr'>est</span> <span class='ocrx_word' id='word_1_149' title='bbox 1677 1448 1772 1490; x_wconf 95' lang='lat' dir='ltr'>Do-</span> 
     </span>
     <span class='ocr_line' id='line_1_18' title="bbox 282 1512 1772 1566; baseline -0.001 -13"><span class='ocrx_word' id='word_1_150' title='bbox 282 1513 427 1553; x_wconf 87' lang='lat' dir='ltr'>minus</span> <span class='ocrx_word' id='word_1_151' title='bbox 453 1513 603 1566; x_wconf 86' lang='lat' dir='ltr'>quoad</span> <span class='ocrx_word' id='word_1_152' title='bbox 636 1512 846 1553; x_wconf 90' lang='lat' dir='ltr'>Divinum</span> <span class='ocrx_word' id='word_1_153' title='bbox 876 1513 1136 1553; x_wconf 90' lang='lat' dir='ltr'>Humanum</span> <span class='ocrx_word' id='word_1_154' title='bbox 1163 1519 1209 1553; x_wconf 92' lang='lat' dir='ltr'>et</span> <span class='ocrx_word' id='word_1_155' title='bbox 1235 1512 1339 1553; x_wconf 90' lang='lat' dir='ltr'>inde</span> <span class='ocrx_word' id='word_1_156' title='bbox 1371 1512 1621 1566; x_wconf 86' lang='lat' dir='ltr'>procedens</span> <span class='ocrx_word' id='word_1_157' title='bbox 1648 1512 1772 1552; x_wconf 87' lang='lat' dir='ltr'>Divi-</span> 
     </span>
     <span class='ocr_line' id='line_1_19' title="bbox 280 1575 1772 1629; baseline 0 -13"><span class='ocrx_word' id='word_1_158' title='bbox 280 1589 384 1616; x_wconf 91' lang='lat' dir='ltr'>num</span> <span class='ocrx_word' id='word_1_159' title='bbox 407 1575 577 1616; x_wconf 87' lang='lat' dir='ltr'>Verum</span> <span class='ocrx_word' id='word_1_160' title='bbox 597 1589 605 1626; x_wconf 91' lang='lat'>;</span> <span class='ocrx_word' id='word_1_161' title='bbox 641 1575 854 1616; x_wconf 89' lang='lat' dir='ltr'>“Domus</span> <span class='ocrx_word' id='word_1_162' title='bbox 878 1576 962 1617; x_wconf 90' lang='lat' dir='ltr'>Dei</span> <span class='ocrx_word' id='word_1_163' title='bbox 975 1575 993 1591; x_wconf 89' lang='lat'>&#39;‘</span> <span class='ocrx_word' id='word_1_164' title='bbox 1016 1582 1085 1617; x_wconf 91' lang='lat' dir='ltr'>est</span> <span class='ocrx_word' id='word_1_165' title='bbox 1109 1576 1252 1629; x_wconf 89' lang='lat' dir='ltr'>Ipsius</span> <span class='ocrx_word' id='word_1_166' title='bbox 1273 1588 1462 1628; x_wconf 85' lang='lat' dir='ltr'>regnum</span> <span class='ocrx_word' id='word_1_167' title='bbox 1485 1582 1531 1616; x_wconf 89' lang='lat' dir='ltr'>et</span> <span class='ocrx_word' id='word_1_168' title='bbox 1554 1575 1772 1626; x_wconf 85' lang='lat' dir='ltr'>ecclesia;</span> 
     </span>
     <span class='ocr_line' id='line_1_20' title="bbox 281 1638 1774 1693; baseline 0.001 -14"><span class='ocrx_word' id='word_1_169' title='bbox 281 1639 493 1692; x_wconf 87' lang='lat' dir='ltr'>“gloria&#39;’</span> <span class='ocrx_word' id='word_1_170' title='bbox 520 1645 589 1679; x_wconf 91' lang='lat' dir='ltr'>est</span> <span class='ocrx_word' id='word_1_171' title='bbox 623 1638 834 1679; x_wconf 90' lang='lat' dir='ltr'>Divinum</span> <span class='ocrx_word' id='word_1_172' title='bbox 862 1639 1033 1680; x_wconf 89' lang='lat' dir='ltr'>Verum</span> <span class='ocrx_word' id='word_1_173' title='bbox 1060 1639 1191 1693; x_wconf 89' lang='lat' dir='ltr'>quale</span> <span class='ocrx_word' id='word_1_174' title='bbox 1222 1639 1265 1679; x_wconf 91' lang='lat' dir='ltr'>in</span> <span class='ocrx_word' id='word_1_175' title='bbox 1298 1638 1452 1690; x_wconf 88' lang='lat' dir='ltr'>caelo;</span> <span class='ocrx_word' id='word_1_176' title='bbox 1488 1640 1677 1680; x_wconf 89' lang='lat' dir='ltr'>“venire</span> <span class='ocrx_word' id='word_1_177' title='bbox 1702 1639 1774 1680; x_wconf 88' lang='lat' dir='ltr'>via</span> 
     </span>
    </p>
   </div>
   <div class='ocr_carea' id='block_1_8' title="bbox 277 1701 1772 1755">
    <p class='ocr_par' dir='ltr' id='par_1_8' title="bbox 277 1701 1772 1755">
     <span class='ocr_line' id='line_1_21' title="bbox 277 1701 1772 1755; baseline 0 -12"><span class='ocrx_word' id='word_1_178' title='bbox 277 1703 462 1743; x_wconf 89' lang='lat' dir='ltr'>orientis</span> <span class='ocrx_word' id='word_1_179' title='bbox 485 1703 529 1743; x_wconf 92' lang='lat' dir='ltr'>in</span> <span class='ocrx_word' id='word_1_180' title='bbox 554 1702 790 1751; x_wconf 88' lang='lat' dir='ltr'>Domum,&#39;&#39;</span> <span class='ocrx_word' id='word_1_181' title='bbox 808 1708 877 1743; x_wconf 88' lang='lat' dir='ltr'>est</span> <span class='ocrx_word' id='word_1_182' title='bbox 900 1716 926 1742; x_wconf 89' lang='lat' dir='ltr'>a</span> <span class='ocrx_word' id='word_1_183' title='bbox 949 1702 1068 1751; x_wconf 83' lang='lat' dir='ltr'>Sole,</span> <span class='ocrx_word' id='word_1_184' title='bbox 1089 1703 1160 1743; x_wconf 92' lang='lat' dir='ltr'>ubi</span> <span class='ocrx_word' id='word_1_185' title='bbox 1183 1708 1252 1743; x_wconf 88' lang='lat' dir='ltr'>est</span> <span class='ocrx_word' id='word_1_186' title='bbox 1271 1701 1438 1755; x_wconf 85' lang='lat' dir='ltr'>jugiter</span> <span class='ocrx_word' id='word_1_187' title='bbox 1459 1702 1501 1742; x_wconf 93' lang='lat' dir='ltr'>in</span> <span class='ocrx_word' id='word_1_188' title='bbox 1525 1715 1605 1743; x_wconf 89' lang='lat' dir='ltr'>suo</span> <span class='ocrx_word' id='word_1_189' title='bbox 1627 1715 1772 1743; x_wconf 82' lang='lat' dir='ltr'>mane.</span> 
     </span>
    </p>
   </div>
   <div class='ocr_carea' id='block_1_9' title="bbox 276 1763 1774 1944">
    <p class='ocr_par' dir='ltr' id='par_1_9' title="bbox 276 1763 1774 1944">
     <span class='ocr_line' id='line_1_22' title="bbox 278 1763 1773 1803; baseline -0.001 -9"><span class='ocrx_word' id='word_1_190' title='bbox 278 1765 391 1803; x_wconf 87' lang='lat' dir='ltr'>(Quod</span> <span class='ocrx_word' id='word_1_191' title='bbox 403 1765 529 1802; x_wconf 77' lang='lat' dir='ltr'>“gloria</span> <span class='ocrx_word' id='word_1_192' title='bbox 543 1765 581 1794; x_wconf 85' lang='lat' dir='ltr'>sit</span> <span class='ocrx_word' id='word_1_193' title='bbox 598 1765 749 1794; x_wconf 88' lang='lat' dir='ltr'>Divinum</span> <span class='ocrx_word' id='word_1_194' title='bbox 763 1765 884 1794; x_wconf 83' lang='lat' dir='ltr'>Verum</span> <span class='ocrx_word' id='word_1_195' title='bbox 900 1765 994 1802; x_wconf 89' lang='lat' dir='ltr'>quale</span> <span class='ocrx_word' id='word_1_196' title='bbox 1009 1770 1054 1794; x_wconf 88' lang='lat' dir='ltr'>est</span> <span class='ocrx_word' id='word_1_197' title='bbox 1076 1765 1107 1794; x_wconf 90' lang='lat' dir='ltr'>in</span> <span class='ocrx_word' id='word_1_198' title='bbox 1123 1765 1221 1799; x_wconf 84' lang='lat' dir='ltr'>caelo,</span> <span class='ocrx_word' id='word_1_199' title='bbox 1236 1765 1380 1794; x_wconf 84' lang='lat' dir='ltr'>videatur</span> <span class='ocrx_word' id='word_1_200' title='bbox 1395 1774 1425 1795; x_wconf 93' lang='lat' dir='ltr'>n.</span> <span class='ocrx_word' id='word_1_201' title='bbox 1441 1767 1530 1803; x_wconf 78' lang='lat'>4809.</span> <span class='ocrx_word' id='word_1_202' title='bbox 1545 1763 1667 1803; x_wconf 79' lang='lat'><strong>[¹15922‚</strong></span> <span class='ocrx_word' id='word_1_203' title='bbox 1684 1765 1773 1801; x_wconf 85' lang='lat'><em>8267,</em></span> 
     </span>
     <span class='ocr_line' id='line_1_23' title="bbox 277 1811 1772 1851; baseline -0.001 -9"><span class='ocrx_word' id='word_1_204' title='bbox 277 1814 366 1850; x_wconf 82' lang='lat'><strong>8427,</strong></span> <span class='ocrx_word' id='word_1_205' title='bbox 381 1821 477 1850; x_wconf 83' lang='lat'><strong>9429:</strong></span> <span class='ocrx_word' id='word_1_206' title='bbox 501 1813 589 1850; x_wconf 89' lang='lat' dir='ltr'>quod</span> <span class='ocrx_word' id='word_1_207' title='bbox 604 1813 757 1841; x_wconf 84' lang='lat' dir='ltr'>“Domus</span> <span class='ocrx_word' id='word_1_208' title='bbox 774 1812 833 1841; x_wconf 90' lang='lat' dir='ltr'>Dei</span> <span class='ocrx_word' id='word_1_209' title='bbox 844 1812 860 1821; x_wconf 72' lang='lat'>&#39;⁵</span> <span class='ocrx_word' id='word_1_210' title='bbox 876 1812 915 1841; x_wconf 89' lang='lat' dir='ltr'>sit</span> <span class='ocrx_word' id='word_1_211' title='bbox 929 1812 1052 1841; x_wconf 85' lang='lat' dir='ltr'>caelum</span> <span class='ocrx_word' id='word_1_212' title='bbox 1075 1818 1106 1841; x_wconf 83' lang='lat' dir='ltr'>et</span> <span class='ocrx_word' id='word_1_213' title='bbox 1123 1812 1254 1842; x_wconf 87' lang='lat' dir='ltr'>ecclesia</span> <span class='ocrx_word' id='word_1_214' title='bbox 1269 1813 1377 1849; x_wconf 90' lang='lat' dir='ltr'>quoad</span> <span class='ocrx_word' id='word_1_215' title='bbox 1397 1813 1529 1846; x_wconf 88' lang='lat' dir='ltr'>bonum,</span> <span class='ocrx_word' id='word_1_216' title='bbox 1546 1811 1772 1851; x_wconf 74' lang='lat' dir='ltr'>“Templum&#39;&#39;</span> 
     </span>
     <span class='ocr_line' id='line_1_24' title="bbox 276 1859 1774 1897; baseline 0.001 -9"><span class='ocrx_word' id='word_1_217' title='bbox 276 1860 384 1896; x_wconf 89' lang='lat' dir='ltr'>quoad</span> <span class='ocrx_word' id='word_1_218' title='bbox 398 1868 518 1894; x_wconf 82' lang='lat' dir='ltr'>verum,</span> <span class='ocrx_word' id='word_1_219' title='bbox 534 1868 564 1889; x_wconf 92' lang='lat' dir='ltr'>n.</span> <span class='ocrx_word' id='word_1_220' title='bbox 581 1868 677 1897; x_wconf 84' lang='lat'>3720:</span> <span class='ocrx_word' id='word_1_221' title='bbox 701 1863 731 1888; x_wconf 87' lang='lat' dir='ltr'>et</span> <span class='ocrx_word' id='word_1_222' title='bbox 743 1860 831 1897; x_wconf 90' lang='lat' dir='ltr'>quod</span> <span class='ocrx_word' id='word_1_223' title='bbox 847 1862 863 1874; x_wconf 77' lang='lat'>¹·</span> <span class='ocrx_word' id='word_1_224' title='bbox 876 1860 979 1888; x_wconf 87' lang='lat' dir='ltr'>oriens</span> <span class='ocrx_word' id='word_1_225' title='bbox 989 1859 1007 1869; x_wconf 87' lang='grc'>“’</span> <span class='ocrx_word' id='word_1_226' title='bbox 1020 1860 1052 1888; x_wconf 92' lang='lat' dir='ltr'>in</span> <span class='ocrx_word' id='word_1_227' title='bbox 1066 1868 1216 1897; x_wconf 87' lang='lat' dir='ltr'>supremo</span> <span class='ocrx_word' id='word_1_228' title='bbox 1231 1868 1325 1888; x_wconf 89' lang='lat' dir='ltr'>sensu</span> <span class='ocrx_word' id='word_1_229' title='bbox 1339 1859 1377 1888; x_wconf 88' lang='lat' dir='ltr'>sit</span> <span class='ocrx_word' id='word_1_230' title='bbox 1393 1860 1561 1894; x_wconf 88' lang='lat' dir='ltr'>Dominus,</span> <span class='ocrx_word' id='word_1_231' title='bbox 1572 1860 1647 1897; x_wconf 82' lang='lat' dir='ltr'>quia</span> <span class='ocrx_word' id='word_1_232' title='bbox 1658 1864 1704 1889; x_wconf 84' lang='lat' dir='ltr'>est</span> <span class='ocrx_word' id='word_1_233' title='bbox 1718 1859 1774 1889; x_wconf 85' lang='lat' dir='ltr'>Sol</span> 
     </span>
     <span class='ocr_line' id='line_1_25' title="bbox 276 1906 1774 1944; baseline 0.001 -9"><span class='ocrx_word' id='word_1_234' title='bbox 276 1907 363 1941; x_wconf 86' lang='lat' dir='ltr'>caeli,</span> <span class='ocrx_word' id='word_1_235' title='bbox 379 1907 433 1944; x_wconf 89' lang='lat' dir='ltr'>qui</span> <span class='ocrx_word' id='word_1_236' title='bbox 455 1915 580 1944; x_wconf 88' lang='lat' dir='ltr'>semper</span> <span class='ocrx_word' id='word_1_237' title='bbox 594 1911 640 1935; x_wconf 91' lang='lat' dir='ltr'>est</span> <span class='ocrx_word' id='word_1_238' title='bbox 661 1906 693 1935; x_wconf 91' lang='lat' dir='ltr'>in</span> <span class='ocrx_word' id='word_1_239' title='bbox 715 1911 786 1935; x_wconf 87' lang='lat' dir='ltr'>ortu</span> <span class='ocrx_word' id='word_1_240' title='bbox 801 1911 832 1935; x_wconf 89' lang='lat' dir='ltr'>et</span> <span class='ocrx_word' id='word_1_241' title='bbox 853 1915 956 1940; x_wconf 84' lang='lat' dir='ltr'>mane,</span> <span class='ocrx_word' id='word_1_242' title='bbox 972 1910 1003 1935; x_wconf 86' lang='lat' dir='ltr'>et</span> <span class='ocrx_word' id='word_1_243' title='bbox 1024 1907 1112 1944; x_wconf 89' lang='lat' dir='ltr'>quod</span> <span class='ocrx_word' id='word_1_244' title='bbox 1134 1907 1208 1936; x_wconf 83' lang='lat' dir='ltr'>inde</span> <span class='ocrx_word' id='word_1_245' title='bbox 1223 1906 1381 1936; x_wconf 83' lang='lat' dir='ltr'>“oriens&#39;&#39;</span> <span class='ocrx_word' id='word_1_246' title='bbox 1398 1906 1437 1936; x_wconf 90' lang='lat' dir='ltr'>sit</span> <span class='ocrx_word' id='word_1_247' title='bbox 1457 1907 1579 1936; x_wconf 85' lang='lat' dir='ltr'>bonurn</span> <span class='ocrx_word' id='word_1_248' title='bbox 1595 1907 1711 1936; x_wconf 89' lang='lat' dir='ltr'>amoris</span> <span class='ocrx_word' id='word_1_249' title='bbox 1732 1907 1774 1936; x_wconf 84' lang='lat' dir='ltr'>ab</span> 
     </span>
    </p>
   </div>
   <div class='ocr_carea' id='block_1_10' title="bbox 277 1945 1186 1999">
    <p class='ocr_par' dir='ltr' id='par_1_10' title="bbox 277 1945 1186 1999">
     <span class='ocr_line' id='line_1_26' title="bbox 277 1945 1186 1999; baseline 0 -13"><span class='ocrx_word' id='word_1_250' title='bbox 277 1957 362 1995; x_wconf 84' lang='lat' dir='ltr'>Ipso.</span> <span class='ocrx_word' id='word_1_251' title='bbox 382 1966 413 1986; x_wconf 92' lang='lat' dir='ltr'>n.</span> <span class='ocrx_word' id='word_1_252' title='bbox 434 1958 523 1994; x_wconf 85' lang='lat'>3708,</span> <span class='ocrx_word' id='word_1_253' title='bbox 540 1963 629 1994; x_wconf 84' lang='lat'>5097,</span> <span class='ocrx_word' id='word_1_254' title='bbox 645 1956 751 1995; x_wconf 89' lang='lat'><strong>9668.)</strong></span> <span class='ocrx_word' id='word_1_255' title='bbox 810 1945 950 1999; x_wconf 88' lang='lat' dir='ltr'>Apud</span> <span class='ocrx_word' id='word_1_256' title='bbox 976 1946 1186 1995; x_wconf 82' lang='lat' dir='ltr'>eundem,</span> 
     </span>
    </p>
   </div>
   <div class='ocr_carea' id='block_1_11' title="bbox 342 2040 1772 2300">
    <p class='ocr_par' dir='ltr' id='par_1_11' title="bbox 342 2040 1772 2300">
     <span class='ocr_line' id='line_1_27' title="bbox 342 2040 1772 2081; baseline 0.001 -10"><span class='ocrx_word' id='word_1_257' title='bbox 342 2040 503 2081; x_wconf 87' lang='lat' dir='ltr'>Angelus</span> <span class='ocrx_word' id='word_1_258' title='bbox 521 2042 543 2055; x_wconf 84' lang='lat'>‘¹</span> <span class='ocrx_word' id='word_1_259' title='bbox 557 2046 683 2081; x_wconf 86' lang='lat' dir='ltr'>postea</span> <span class='ocrx_word' id='word_1_260' title='bbox 696 2040 835 2072; x_wconf 89' lang='lat' dir='ltr'>reduxit</span> <span class='ocrx_word' id='word_1_261' title='bbox 852 2050 908 2072; x_wconf 89' lang='lat' dir='ltr'>me</span> <span class='ocrx_word' id='word_1_262' title='bbox 925 2041 970 2072; x_wconf 89' lang='lat' dir='ltr'>ad</span> <span class='ocrx_word' id='word_1_263' title='bbox 987 2040 1117 2072; x_wconf 87' lang='lat' dir='ltr'>ostium</span> <span class='ocrx_word' id='word_1_264' title='bbox 1138 2040 1287 2078; x_wconf 88' lang='lat' dir='ltr'>Domus,</span> <span class='ocrx_word' id='word_1_265' title='bbox 1303 2040 1363 2071; x_wconf 90' lang='lat' dir='ltr'>ubi</span> <span class='ocrx_word' id='word_1_266' title='bbox 1380 2049 1461 2071; x_wconf 92' lang='lat' dir='ltr'>ecce</span> <span class='ocrx_word' id='word_1_267' title='bbox 1475 2050 1586 2081; x_wconf 84' lang='lat' dir='ltr'>aquae</span> <span class='ocrx_word' id='word_1_268' title='bbox 1600 2046 1772 2073; x_wconf 86' lang='lat' dir='ltr'>exeuntes</span> 
     </span>
     <span class='ocr_line' id='line_1_28' title="bbox 451 2083 1769 2124; baseline 0 -9"><span class='ocrx_word' id='word_1_269' title='bbox 451 2084 494 2115; x_wconf 93' lang='lat' dir='ltr'>de</span> <span class='ocrx_word' id='word_1_270' title='bbox 508 2085 575 2115; x_wconf 90' lang='lat' dir='ltr'>sub</span> <span class='ocrx_word' id='word_1_271' title='bbox 589 2084 711 2115; x_wconf 89' lang='lat' dir='ltr'>limine</span> <span class='ocrx_word' id='word_1_272' title='bbox 728 2084 866 2116; x_wconf 91' lang='lat' dir='ltr'>Domus</span> <span class='ocrx_word' id='word_1_273' title='bbox 877 2094 1001 2116; x_wconf 89' lang='lat' dir='ltr'>versus</span> <span class='ocrx_word' id='word_1_274' title='bbox 1013 2084 1186 2115; x_wconf 88' lang='lat' dir='ltr'>orientem</span> <span class='ocrx_word' id='word_1_275' title='bbox 1193 2109 1284 2122; x_wconf 85' lang='grc'><strong>.....</strong></span> <span class='ocrx_word' id='word_1_276' title='bbox 1292 2084 1511 2115; x_wconf 86' lang='lat' dir='ltr'>descendent</span> <span class='ocrx_word' id='word_1_277' title='bbox 1524 2084 1559 2115; x_wconf 90' lang='lat' dir='ltr'>in</span> <span class='ocrx_word' id='word_1_278' title='bbox 1572 2083 1769 2124; x_wconf 78' lang='lat' dir='ltr'>planitiem,</span> 
     </span>
     <span class='ocr_line' id='line_1_29' title="bbox 451 2126 1772 2168; baseline 0.001 -10"><span class='ocrx_word' id='word_1_279' title='bbox 451 2133 487 2159; x_wconf 88' lang='lat' dir='ltr'>et</span> <span class='ocrx_word' id='word_1_280' title='bbox 503 2126 649 2159; x_wconf 86' lang='lat' dir='ltr'>venient</span> <span class='ocrx_word' id='word_1_281' title='bbox 667 2137 793 2159; x_wconf 86' lang='lat' dir='ltr'>versus</span> <span class='ocrx_word' id='word_1_282' title='bbox 811 2138 919 2165; x_wconf 83' lang='lat' dir='ltr'>mare,</span> <span class='ocrx_word' id='word_1_283' title='bbox 937 2128 972 2159; x_wconf 90' lang='lat' dir='ltr'>in</span> <span class='ocrx_word' id='word_1_284' title='bbox 992 2138 1090 2159; x_wconf 86' lang='lat' dir='ltr'>mare</span> <span class='ocrx_word' id='word_1_285' title='bbox 1105 2128 1260 2159; x_wconf 83' lang='lat' dir='ltr'>emissae</span> <span class='ocrx_word' id='word_1_286' title='bbox 1275 2133 1314 2159; x_wconf 91' lang='lat' dir='ltr'>ut</span> <span class='ocrx_word' id='word_1_287' title='bbox 1331 2133 1503 2159; x_wconf 86' lang='lat' dir='ltr'>sanentur</span> <span class='ocrx_word' id='word_1_288' title='bbox 1518 2137 1631 2168; x_wconf 89' lang='lat' dir='ltr'>aquae</span> <span class='ocrx_word' id='word_1_289' title='bbox 1646 2137 1653 2163; x_wconf 88' lang='grc'>;</span> <span class='ocrx_word' id='word_1_290' title='bbox 1677 2128 1772 2160; x_wconf 90' lang='lat' dir='ltr'>unde</span> 
     </span>
     <span class='ocr_line' id='line_1_30' title="bbox 450 2171 1769 2212; baseline 0 -10"><span class='ocrx_word' id='word_1_291' title='bbox 450 2171 488 2202; x_wconf 88' lang='lat' dir='ltr'>fit</span> <span class='ocrx_word' id='word_1_292' title='bbox 502 2172 594 2212; x_wconf 90' lang='lat' dir='ltr'>quod</span> <span class='ocrx_word' id='word_1_293' title='bbox 610 2172 728 2202; x_wconf 91' lang='lat' dir='ltr'>omnis</span> <span class='ocrx_word' id='word_1_294' title='bbox 742 2171 863 2202; x_wconf 86' lang='lat' dir='ltr'>anima</span> <span class='ocrx_word' id='word_1_295' title='bbox 875 2171 1001 2203; x_wconf 88' lang='lat' dir='ltr'>vivens</span> <span class='ocrx_word' id='word_1_296' title='bbox 1015 2182 1104 2212; x_wconf 89' lang='lat' dir='ltr'>quae</span> <span class='ocrx_word' id='word_1_297' title='bbox 1118 2177 1244 2212; x_wconf 86' lang='lat' dir='ltr'>reptat,</span> <span class='ocrx_word' id='word_1_298' title='bbox 1259 2181 1469 2212; x_wconf 89' lang='lat' dir='ltr'>quocunque</span> <span class='ocrx_word' id='word_1_299' title='bbox 1483 2171 1646 2203; x_wconf 86' lang='lat' dir='ltr'>venerint</span> <span class='ocrx_word' id='word_1_300' title='bbox 1660 2171 1769 2209; x_wconf 75' lang='lat' dir='ltr'>fluvii,</span> 
     </span>
     <span class='ocr_line' id='line_1_31' title="bbox 451 2215 1772 2255; baseline 0.002 -10"><span class='ocrx_word' id='word_1_301' title='bbox 451 2215 568 2252; x_wconf 73' lang='lat' dir='ltr'>vivet:</span> <span class='ocrx_word' id='word_1_302' title='bbox 594 2215 689 2246; x_wconf 91' lang='lat' dir='ltr'>unde</span> <span class='ocrx_word' id='word_1_303' title='bbox 708 2215 744 2245; x_wconf 86' lang='lat' dir='ltr'>fit</span> <span class='ocrx_word' id='word_1_304' title='bbox 769 2215 875 2255; x_wconf 88' lang='lat' dir='ltr'>piscis</span> <span class='ocrx_word' id='word_1_305' title='bbox 893 2216 1024 2246; x_wconf 87' lang='lat' dir='ltr'>multus</span> <span class='ocrx_word' id='word_1_306' title='bbox 1045 2215 1157 2252; x_wconf 87' lang='lat' dir='ltr'>valde,</span> <span class='ocrx_word' id='word_1_307' title='bbox 1179 2216 1261 2255; x_wconf 84' lang='lat' dir='ltr'>quia</span> <span class='ocrx_word' id='word_1_308' title='bbox 1277 2215 1423 2246; x_wconf 89' lang='lat' dir='ltr'>venient</span> <span class='ocrx_word' id='word_1_309' title='bbox 1439 2225 1482 2246; x_wconf 90' lang='lat' dir='ltr'>eo</span> <span class='ocrx_word' id='word_1_310' title='bbox 1500 2225 1612 2255; x_wconf 90' lang='lat' dir='ltr'>aquae</span> <span class='ocrx_word' id='word_1_311' title='bbox 1637 2215 1715 2252; x_wconf 89' lang='lat' dir='ltr'>hae,</span> <span class='ocrx_word' id='word_1_312' title='bbox 1736 2221 1772 2247; x_wconf 87' lang='lat' dir='ltr'>et</span> 
     </span>
     <span class='ocr_line' id='line_1_32' title="bbox 450 2256 1724 2300; baseline 0.001 -11"><span class='ocrx_word' id='word_1_313' title='bbox 450 2264 634 2295; x_wconf 87' lang='lat' dir='ltr'>sanantur,</span> <span class='ocrx_word' id='word_1_314' title='bbox 655 2265 693 2289; x_wconf 86' lang='lat' dir='ltr'>ut</span> <span class='ocrx_word' id='word_1_315' title='bbox 710 2259 806 2290; x_wconf 87' lang='lat' dir='ltr'>vivat</span> <span class='ocrx_word' id='word_1_316' title='bbox 823 2268 930 2290; x_wconf 91' lang='lat' dir='ltr'>omne</span> <span class='ocrx_word' id='word_1_317' title='bbox 948 2269 1017 2300; x_wconf 92' lang='lat' dir='ltr'>quo</span> <span class='ocrx_word' id='word_1_318' title='bbox 1036 2259 1175 2290; x_wconf 83' lang='lat' dir='ltr'>venerit</span> <span class='ocrx_word' id='word_1_319' title='bbox 1192 2259 1320 2290; x_wconf 88' lang='lat' dir='ltr'>fluvius</span> <span class='ocrx_word' id='word_1_320' title='bbox 1333 2258 1350 2269; x_wconf 87' lang='grc'><em>”</em></span> <span class='ocrx_word' id='word_1_321' title='bbox 1367 2258 1479 2298; x_wconf 86' lang='lat' dir='ltr'>(xlvii.</span> <span class='ocrx_word' id='word_1_322' title='bbox 1497 2256 1563 2296; x_wconf 69' lang='lat'>[²11.</span> <span class='ocrx_word' id='word_1_323' title='bbox 1579 2267 1609 2297; x_wconf 85' lang='lat'>2,</span> <span class='ocrx_word' id='word_1_324' title='bbox 1625 2259 1655 2297; x_wconf 84' lang='lat'>8,</span> <span class='ocrx_word' id='word_1_325' title='bbox 1670 2258 1724 2300; x_wconf 80' lang='grc'>9);</span> 
     </span>
    </p>
   </div>
   <div class='ocr_carea' id='block_1_12' title="bbox 276 2353 1772 3039">
    <p class='ocr_par' dir='ltr' id='par_1_12' title="bbox 276 2353 1772 3039">
     <span class='ocr_line' id='line_1_33' title="bbox 276 2353 1772 2407; baseline -0.001 -12"><span class='ocrx_word' id='word_1_326' title='bbox 276 2353 545 2396; x_wconf 90' lang='lat' dir='ltr'>describitur</span> <span class='ocrx_word' id='word_1_327' title='bbox 571 2354 708 2394; x_wconf 82' lang='lat' dir='ltr'>etiam</span> <span class='ocrx_word' id='word_1_328' title='bbox 741 2354 811 2394; x_wconf 91' lang='lat' dir='ltr'>hic</span> <span class='ocrx_word' id='word_1_329' title='bbox 844 2368 922 2407; x_wconf 88' lang='lat' dir='ltr'>per</span> <span class='ocrx_word' id='word_1_330' title='bbox 948 2367 1093 2394; x_wconf 83' lang='lat' dir='ltr'>meras</span> <span class='ocrx_word' id='word_1_331' title='bbox 1126 2354 1551 2407; x_wconf 82' lang='lat' dir='ltr'>correspondentias</span> <span class='ocrx_word' id='word_1_332' title='bbox 1577 2353 1772 2395; x_wconf 87' lang='lat' dir='ltr'>influxus</span> 
     </span>
     <span class='ocr_line' id='line_1_34' title="bbox 277 2416 1770 2471; baseline 0 -13"><span class='ocrx_word' id='word_1_333' title='bbox 277 2417 461 2458; x_wconf 86' lang='lat' dir='ltr'>Domini</span> <span class='ocrx_word' id='word_1_334' title='bbox 487 2430 546 2457; x_wconf 85' lang='lat' dir='ltr'>ex</span> <span class='ocrx_word' id='word_1_335' title='bbox 581 2416 746 2457; x_wconf 88' lang='lat' dir='ltr'>Divino</span> <span class='ocrx_word' id='word_1_336' title='bbox 776 2416 989 2457; x_wconf 82' lang='lat' dir='ltr'>Humano</span> <span class='ocrx_word' id='word_1_337' title='bbox 1016 2431 1096 2458; x_wconf 90' lang='lat' dir='ltr'>suo</span> <span class='ocrx_word' id='word_1_338' title='bbox 1122 2417 1239 2470; x_wconf 85' lang='lat' dir='ltr'>apud</span> <span class='ocrx_word' id='word_1_339' title='bbox 1272 2417 1374 2458; x_wconf 88' lang='lat' dir='ltr'>illos</span> <span class='ocrx_word' id='word_1_340' title='bbox 1406 2418 1479 2471; x_wconf 91' lang='lat' dir='ltr'>qui</span> <span class='ocrx_word' id='word_1_341' title='bbox 1505 2431 1529 2457; x_wconf 87' lang='lat' dir='ltr'>e</span> <span class='ocrx_word' id='word_1_342' title='bbox 1555 2430 1697 2470; x_wconf 86' lang='lat' dir='ltr'>regno</span> <span class='ocrx_word' id='word_1_343' title='bbox 1724 2423 1770 2458; x_wconf 87' lang='lat' dir='ltr'>et</span> 
     </span>
     <span class='ocr_line' id='line_1_35' title="bbox 277 2480 1771 2534; baseline -0.001 -12"><span class='ocrx_word' id='word_1_344' title='bbox 277 2480 469 2522; x_wconf 82' lang='lat' dir='ltr'>ecclesia</span> <span class='ocrx_word' id='word_1_345' title='bbox 498 2480 639 2532; x_wconf 87' lang='lat' dir='ltr'>Ipsius</span> <span class='ocrx_word' id='word_1_346' title='bbox 667 2486 798 2530; x_wconf 89' lang='lat' dir='ltr'>sunt;</span> <span class='ocrx_word' id='word_1_347' title='bbox 833 2494 910 2533; x_wconf 88' lang='lat' dir='ltr'>per</span> <span class='ocrx_word' id='word_1_348' title='bbox 939 2484 1115 2534; x_wconf 81' lang='lat' dir='ltr'>“aquas</span> <span class='ocrx_word' id='word_1_349' title='bbox 1141 2487 1363 2521; x_wconf 84' lang='lat' dir='ltr'>exeuntes</span> <span class='ocrx_word' id='word_1_350' title='bbox 1390 2481 1472 2521; x_wconf 91' lang='lat' dir='ltr'>sub</span> <span class='ocrx_word' id='word_1_351' title='bbox 1499 2481 1649 2521; x_wconf 89' lang='lat' dir='ltr'>limine</span> <span class='ocrx_word' id='word_1_352' title='bbox 1676 2481 1771 2522; x_wconf 92' lang='lat' dir='ltr'>Do-</span> 
     </span>
     <span class='ocr_line' id='line_1_36' title="bbox 278 2543 1770 2596; baseline 0 -12"><span class='ocrx_word' id='word_1_353' title='bbox 278 2557 375 2584; x_wconf 92' lang='lat' dir='ltr'>mus</span> <span class='ocrx_word' id='word_1_354' title='bbox 402 2556 554 2583; x_wconf 88' lang='lat' dir='ltr'>versus</span> <span class='ocrx_word' id='word_1_355' title='bbox 587 2543 847 2592; x_wconf 86' lang='lat' dir='ltr'>orientem‚&#39;&#39;</span> <span class='ocrx_word' id='word_1_356' title='bbox 874 2543 1140 2584; x_wconf 86' lang='lat' dir='ltr'>describitur</span> <span class='ocrx_word' id='word_1_357' title='bbox 1169 2544 1380 2584; x_wconf 86' lang='lat' dir='ltr'>Divinum</span> <span class='ocrx_word' id='word_1_358' title='bbox 1408 2543 1579 2585; x_wconf 87' lang='lat' dir='ltr'>Verum</span> <span class='ocrx_word' id='word_1_359' title='bbox 1611 2557 1770 2596; x_wconf 90' lang='lat' dir='ltr'>proce-</span> 
     </span>
     <span class='ocr_line' id='line_1_37' title="bbox 276 2606 1769 2660; baseline 0 -13"><span class='ocrx_word' id='word_1_360' title='bbox 276 2607 388 2648; x_wconf 89' lang='lat' dir='ltr'>dens</span> <span class='ocrx_word' id='word_1_361' title='bbox 410 2607 466 2647; x_wconf 85' lang='lat' dir='ltr'>ab</span> <span class='ocrx_word' id='word_1_362' title='bbox 490 2606 608 2659; x_wconf 86' lang='lat' dir='ltr'>Ipso,</span> <span class='ocrx_word' id='word_1_363' title='bbox 633 2612 678 2647; x_wconf 88' lang='lat' dir='ltr'>et</span> <span class='ocrx_word' id='word_1_364' title='bbox 705 2606 891 2647; x_wconf 88' lang='lat' dir='ltr'>influens</span> <span class='ocrx_word' id='word_1_365' title='bbox 918 2607 1035 2660; x_wconf 83' lang='lat' dir='ltr'>apud</span> <span class='ocrx_word' id='word_1_366' title='bbox 1062 2607 1163 2648; x_wconf 79' lang='lat' dir='ltr'>iilos</span> <span class='ocrx_word' id='word_1_367' title='bbox 1186 2608 1258 2660; x_wconf 88' lang='lat' dir='ltr'>qui</span> <span class='ocrx_word' id='word_1_368' title='bbox 1285 2608 1327 2648; x_wconf 91' lang='lat' dir='ltr'>in</span> <span class='ocrx_word' id='word_1_369' title='bbox 1351 2608 1523 2648; x_wconf 88' lang='lat' dir='ltr'>oriente</span> <span class='ocrx_word' id='word_1_370' title='bbox 1547 2614 1664 2656; x_wconf 89' lang='lat' dir='ltr'>sunt,</span> <span class='ocrx_word' id='word_1_371' title='bbox 1684 2607 1769 2648; x_wconf 93' lang='lat' dir='ltr'>hoc</span> 
     </span>
     <span class='ocr_line' id='line_1_38' title="bbox 276 2669 1770 2727; baseline -0.001 -16"><span class='ocrx_word' id='word_1_372' title='bbox 276 2676 360 2718; x_wconf 86' lang='lat' dir='ltr'>est,</span> <span class='ocrx_word' id='word_1_373' title='bbox 388 2670 536 2727; x_wconf 25' lang='lat' dir='ltr'>qui-in</span> <span class='ocrx_word' id='word_1_374' title='bbox 568 2669 688 2709; x_wconf 89' lang='lat' dir='ltr'>bono</span> <span class='ocrx_word' id='word_1_375' title='bbox 721 2671 883 2710; x_wconf 83' lang='lat' dir='ltr'>amoris</span> <span class='ocrx_word' id='word_1_376' title='bbox 915 2670 958 2710; x_wconf 90' lang='lat' dir='ltr'>in</span> <span class='ocrx_word' id='word_1_377' title='bbox 992 2670 1143 2723; x_wconf 88' lang='lat' dir='ltr'>Ipsum</span> <span class='ocrx_word' id='word_1_378' title='bbox 1176 2677 1306 2720; x_wconf 89' lang='lat' dir='ltr'>sunt;</span> <span class='ocrx_word' id='word_1_379' title='bbox 1339 2670 1459 2724; x_wconf 92' lang='lat' dir='ltr'>quod</span> <span class='ocrx_word' id='word_1_380' title='bbox 1485 2674 1665 2723; x_wconf 89' lang='lat' dir='ltr'>“aquae</span> <span class='ocrx_word' id='word_1_381' title='bbox 1690 2670 1770 2710; x_wconf 88' lang='lat' dir='ltr'>de·</span> 
     </span>
     <span class='ocr_line' id='line_1_39' title="bbox 276 2732 1770 2787; baseline 0 -14"><span class='ocrx_word' id='word_1_382' title='bbox 276 2732 535 2773; x_wconf 86' lang='lat' dir='ltr'>scenderint</span> <span class='ocrx_word' id='word_1_383' title='bbox 562 2732 606 2772; x_wconf 93' lang='lat' dir='ltr'>in</span> <span class='ocrx_word' id='word_1_384' title='bbox 634 2732 883 2785; x_wconf 82' lang='lat' dir='ltr'>planitiem,</span> <span class='ocrx_word' id='word_1_385' title='bbox 911 2739 957 2774; x_wconf 90' lang='lat' dir='ltr'>et</span> <span class='ocrx_word' id='word_1_386' title='bbox 983 2734 1027 2773; x_wconf 92' lang='lat' dir='ltr'>in</span> <span class='ocrx_word' id='word_1_387' title='bbox 1054 2733 1215 2783; x_wconf 84' lang='lat' dir='ltr'>mare,”</span> <span class='ocrx_word' id='word_1_388' title='bbox 1237 2740 1283 2774; x_wconf 90' lang='lat' dir='ltr'>et</span> <span class='ocrx_word' id='word_1_389' title='bbox 1310 2733 1430 2787; x_wconf 91' lang='lat' dir='ltr'>quod</span> <span class='ocrx_word' id='word_1_390' title='bbox 1459 2733 1601 2774; x_wconf 90' lang='lat' dir='ltr'>“inde</span> <span class='ocrx_word' id='word_1_391' title='bbox 1627 2746 1770 2786; x_wconf 85' lang='lat' dir='ltr'>aquae</span> 
     </span>
     <span class='ocr_line' id='line_1_40' title="bbox 277 2796 1768 2848; baseline 0.001 -13"><span class='ocrx_word' id='word_1_392' title='bbox 277 2796 411 2836; x_wconf 87' lang='lat' dir='ltr'>maris</span> <span class='ocrx_word' id='word_1_393' title='bbox 443 2801 632 2835; x_wconf 83' lang='lat' dir='ltr'>sanatae</span> <span class='ocrx_word' id='word_1_394' title='bbox 665 2796 794 2843; x_wconf 83' lang='lat' dir='ltr'>sint‚’&#39;</span> <span class='ocrx_word' id='word_1_395' title='bbox 827 2796 1051 2848; x_wconf 83' lang='lat' dir='ltr'>significat</span> <span class='ocrx_word' id='word_1_396' title='bbox 1084 2796 1301 2837; x_wconf 87' lang='lat' dir='ltr'>influxum</span> <span class='ocrx_word' id='word_1_397' title='bbox 1333 2797 1377 2837; x_wconf 92' lang='lat' dir='ltr'>in</span> <span class='ocrx_word' id='word_1_398' title='bbox 1410 2796 1661 2837; x_wconf 82' lang='lat' dir='ltr'>naturalem</span> <span class='ocrx_word' id='word_1_399' title='bbox 1687 2796 1768 2836; x_wconf 92' lang='lat' dir='ltr'>ho-</span> 
     </span>
     <span class='ocr_line' id='line_1_41' title="bbox 276 2859 1768 2913; baseline 0.001 -15"><span class='ocrx_word' id='word_1_400' title='bbox 276 2859 457 2907; x_wconf 91' lang='lat' dir='ltr'>minem,</span> <span class='ocrx_word' id='word_1_401' title='bbox 474 2871 524 2898; x_wconf 87' lang='lat' dir='ltr'>ac</span> <span class='ocrx_word' id='word_1_402' title='bbox 543 2859 587 2898; x_wconf 91' lang='lat' dir='ltr'>in</span> <span class='ocrx_word' id='word_1_403' title='bbox 605 2860 890 2911; x_wconf 87' lang='lat' dir='ltr'>cognitiones</span> <span class='ocrx_word' id='word_1_404' title='bbox 908 2873 1022 2912; x_wconf 83' lang='lat' dir='ltr'>quae</span> <span class='ocrx_word' id='word_1_405' title='bbox 1040 2860 1098 2900; x_wconf 91' lang='lat' dir='ltr'>ibi</span> <span class='ocrx_word' id='word_1_406' title='bbox 1117 2874 1125 2910; x_wconf 92' lang='lat'>;</span> <span class='ocrx_word' id='word_1_407' title='bbox 1155 2864 1180 2880; x_wconf 87' lang='lat'>“</span> <span class='ocrx_word' id='word_1_408' title='bbox 1193 2861 1324 2913; x_wconf 86' lang='lat' dir='ltr'>piscis</span> <span class='ocrx_word' id='word_1_409' title='bbox 1342 2859 1509 2900; x_wconf 87' lang='lat' dir='ltr'>multus</span> <span class='ocrx_word' id='word_1_410' title='bbox 1522 2860 1540 2875; x_wconf 91' lang='lat'>”</span> <span class='ocrx_word' id='word_1_411' title='bbox 1558 2860 1632 2913; x_wconf 87' lang='lat' dir='ltr'>qui</span> <span class='ocrx_word' id='word_1_412' title='bbox 1649 2859 1768 2908; x_wconf 87' lang='lat' dir='ltr'>inde,</span> 
     </span>
     <span class='ocr_line' id='line_1_42' title="bbox 277 2921 1768 2976; baseline 0.001 -15"><span class='ocrx_word' id='word_1_413' title='bbox 277 2921 501 2974; x_wconf 86' lang='lat' dir='ltr'>significat</span> <span class='ocrx_word' id='word_1_414' title='bbox 525 2921 771 2962; x_wconf 85' lang='lat' dir='ltr'>scientifica</span> <span class='ocrx_word' id='word_1_415' title='bbox 793 2936 899 2963; x_wconf 85' lang='lat' dir='ltr'>vera</span> <span class='ocrx_word' id='word_1_416' title='bbox 924 2922 1008 2973; x_wconf 88' lang='lat' dir='ltr'>ibi;</span> <span class='ocrx_word' id='word_1_417' title='bbox 1042 2922 1162 2976; x_wconf 90' lang='lat' dir='ltr'>quod</span> <span class='ocrx_word' id='word_1_418' title='bbox 1188 2924 1389 2963; x_wconf 85' lang='lat' dir='ltr'>“vixerit</span> <span class='ocrx_word' id='word_1_419' title='bbox 1417 2936 1550 2963; x_wconf 90' lang='lat' dir='ltr'>omne</span> <span class='ocrx_word' id='word_1_420' title='bbox 1576 2936 1664 2975; x_wconf 90' lang='lat' dir='ltr'>quo</span> <span class='ocrx_word' id='word_1_421' title='bbox 1691 2936 1768 2963; x_wconf 88' lang='lat' dir='ltr'>ve-</span> 
     </span>
     <span class='ocr_line' id='line_1_43' title="bbox 277 2984 1767 3039; baseline 0.001 -15"><span class='ocrx_word' id='word_1_422' title='bbox 277 2986 391 3026; x_wconf 89' lang='lat' dir='ltr'>nerit</span> <span class='ocrx_word' id='word_1_423' title='bbox 429 2984 622 3034; x_wconf 86' lang='lat' dir='ltr'>fluvius,‘’</span> <span class='ocrx_word' id='word_1_424' title='bbox 659 2984 880 3038; x_wconf 87' lang='lat' dir='ltr'>significat</span> <span class='ocrx_word' id='word_1_425' title='bbox 918 2986 1036 3039; x_wconf 91' lang='lat' dir='ltr'>quod</span> <span class='ocrx_word' id='word_1_426' title='bbox 1075 2987 1168 3027; x_wconf 84' lang='lat' dir='ltr'>vita</span> <span class='ocrx_word' id='word_1_427' title='bbox 1204 2986 1291 3027; x_wconf 91' lang='lat' dir='ltr'>illis</span> <span class='ocrx_word' id='word_1_428' title='bbox 1327 3000 1386 3027; x_wconf 86' lang='lat' dir='ltr'>ex</span> <span class='ocrx_word' id='word_1_429' title='bbox 1429 2986 1593 3027; x_wconf 92' lang='lat' dir='ltr'>Divino</span> <span class='ocrx_word' id='word_1_430' title='bbox 1630 2985 1767 3027; x_wconf 88' lang='lat' dir='ltr'>Vero.</span> 
     </span>
    </p>
   </div>
  </div>
 </body>
</html>
