2060 3476
667 345 862 387 cAP.11.,
886 344 1026 377 VERs.
1055 341 1224 388 13.——N.
1254 343 1342 387 135.
1691 343 1763 386 171

350 469 478 513 133.
516 457 633 499 “vbi
662 454 1059 509 habitas.''-Quod
1098 454 1320 508 significet
1359 454 1480 494 inter
1514 466 1622 506 quos
1658 466 1772 493 nunc

268 521 396 570 vivit,
421 526 606 561 constat
629 533 688 560 ex
714 517 1044 572 significatione
1069 515 1353 565 “habitare,”
1375 515 1495 569 quod
1523 515 1582 555 sit
1604 515 1768 555 vivere.

272 583 407 637 Quod
447 582 723 624 “habitare”
755 583 800 623 in
838 594 972 622 sensu
1007 579 1226 634 spirituali
1263 580 1322 620 sit
1358 580 1523 626 vivere,
1558 583 1629 619 est
1667 578 1770 632 quia

270 647 580 688 habitationes
605 647 650 687 in
676 645 845 686 mundo
867 643 1088 698 spirituali
1114 650 1219 684 sunt
1247 656 1405 683 omnes
1428 639 1671 682 distinctae
1698 655 1768 682 se-

269 709 470 749 cundum
494 709 614 749 vitas
639 721 691 748 ac
717 708 840 748 vitae
866 705 1147 746 differentias
1172 716 1222 753 (ut
1237 719 1382 744 constare
1395 719 1500 752 potest
1515 723 1554 743 ex
1569 714 1628 743 illis
1641 722 1724 751 quae
1739 714 1771 742 in

268 779 366 808 opere
382 771 434 799 De
452 770 544 799 Caelo
557 773 590 799 et
602 770 739 808 lnferno,
753 769 803 797 De
814 768 1025 798 Societatibus
1039 767 1071 795 in
1083 767 1193 801 Caelo,
1206 775 1237 796 n.
1249 773 1351 803 41—50
1365 770 1396 794 et
1410 774 1440 794 n.
1455 772 1523 802 205,
1537 769 1665 794 ostensa
1678 770 1751 793 sunt
1763 775 1770 799 ς

267 818 343 846 inde
364 821 411 846 est
431 818 520 854 quod
541 817 573 846 in
594 817 702 846 Verbo
723 825 781 854 per
795 814 991 844 “habitare’'
1020 813 1213 851 significetur
1233 813 1348 842 vivere.
1391 813 1490 850 Quod
1512 812 1709 841 “habitare''
1733 812 1772 840 sit

269 864 383 898 vivere,
398 864 544 892 videatur
563 863 596 892 in
617 863 758 892 Arcam's
783 861 979 895 Caelestibus,
994 870 1024 890 n.
1043 869 1130 897 1293,
1146 861 1236 897 3384,
1251 859 1341 896 3613,
1357 866 1446 896 4451,
1462 859 1559 895 6051:
1582 859 1671 895 quod
1691 861 1708 873 ⁸·
1719 867 1773 888 co-

268 910 413 939 habitare
424 909 440 919 ''
453 910 493 939 sit
507 909 699 939 concordem
714 909 810 937 vitam
825 916 928 946 agere,
941 917 971 936 n.
984 907 1074 944 6792.
1118 906 1216 943 Quod
1228 909 1244 920 ¹¹
1255 906 1466 935 habitationes
1476 905 1492 914 ''
1506 905 1538 934 in
1553 905 1662 934 Verbo
1677 905 1773 942 signi-

270 956 365 985 ficent
375 957 428 985 illa
438 965 521 993 quae
537 956 650 985 mentis
660 960 743 990 sunt,
755 955 799 984 ita
809 963 892 992 quae
906 953 1132 991 intelligentiae
1145 957 1177 981 et
1190 952 1372 990 sapientiae,
1385 961 1424 981 ex
1436 952 1551 989 quibus
1562 952 1627 980 vita
1640 951 1771 986 homini,

270 1012 301 1032 n.
319 1001 442 1040 [¹17719,
455 1011 545 1040 7910.
589 1003 687 1039 Quod
702 1005 719 1016 ¹¹
730 1002 823 1030 urbes
833 1001 850 1010 '¹
867 1001 1014 1030 dicantur
1027 1001 1068 1029 de
1082 999 1162 1028 veris
1177 999 1353 1032 doetrinae,
1366 1002 1383 1012 ⁴¹
1394 999 1587 1027 habitatores
1597 998 1613 1007 '¹
1630 999 1671 1027 de
1683 998 1772 1027 bono

270 1050 362 1083 vitae,
377 1058 409 1079 n.
425 1050 514 1083 2268,
531 1056 619 1086 2451,
635 1057 725 1084 2712.
768 1047 954 1076 “Habitare
974 1047 1007 1075 in
1023 1046 1129 1075 medio
1143 1045 1287 1080 eorum‚''
1304 1054 1378 1074 cum
1393 1046 1434 1074 de
1457 1045 1608 1079 Domino,
1625 1045 1714 1081 quod
1734 1045 1774 1073 sit

270 1095 448 1133 praesentia
462 1095 565 1133 Ipsius
579 1100 610 1124 et
624 1095 765 1123 influxus
778 1094 811 1123 in
825 1094 923 1123 vitam
938 1093 1055 1122 amoris
1069 1097 1101 1122 et
1122 1092 1206 1126 fidei,
1222 1101 1253 1121 n.
1271 1098 1379 1128 10153.
1423 1095 1440 1105 ¹⁴
1452 1091 1683 1120 Habitaculum
1706 1091 1773 1120 Do-

271 1141 375 1180 mini'f
398 1142 487 1179 quod
507 1141 546 1170 sit
567 1141 701 1175 caelum,
724 1150 755 1171 n.
778 1140 868 1177 8269,
889 1141 978 1177 8309.
1022 1139 1120 1175 Quod
1142 1138 1386 1167 “habitaculum
1408 1137 1560 1166 tentorii''
1582 1138 1671 1175 apud
1692 1137 1774 1166 filios

273 1187 395 1216 Israelis
409 1187 690 1225 repraesentaverit
703 1191 735 1215 et
748 1185 969 1224 significaverit
983 1185 1118 1219 caelum,
1134 1194 1166 1214 n.
1178 1186 1268 1222 9481,
1284 1191 1373 1221 9594,
1389 1183 1496 1221 9632).

351 1253 480 1297 134.
519 1243 624 1284 “vbi
634 1242 803 1283 thronus
818 1239 1231 1292 satanae.”—Quod
1250 1239 1474 1293 significet
1489 1239 1567 1279 ubi
1581 1246 1774 1292 regnant

271 1305 418 1346 omnia
430 1304 579 1357 falsa,
603 1310 787 1346 constat
814 1318 873 1344 ex
899 1302 1232 1356 significatione
1258 1301 1370 1342 “ubi
1396 1301 1628 1350 thronus,'‘
1651 1302 1772 1355 quod

273 1369 332 1409 sit
365 1368 438 1409 ubi
469 1375 647 1421 regnat,
676 1381 782 1408 nam
813 1381 892 1420 per
925 1365 1210 1407 “thronum'’
1243 1364 1523 1418 significatur
1554 1378 1770 1418 regnum;

273 1446 332 1472 ex
359 1431 690 1485 significatione
719 1429 987 1478 “satanae,'’
1013 1429 1134 1483 quod
1160 1430 1251 1469 sint
1278 1428 1449 1469 inferna
1476 1429 1549 1469 ubi
1581 1435 1627 1469 et
1654 1429 1772 1469 unde

274 1495 426 1535 omnia
462 1494 575 1535 salsa
614 1494 690 1549 (de
723 1508 811 1548 qua
847 1507 994 1547 supra,
1029 1506 1070 1532 n.
1109 1490 1221 1546 120).
1304 1491 1462 1532 Multis
1498 1492 1543 1532 in
1581 1491 1691 1532 locis
1728 1492 1772 1532 in

274 1556 430 1598 Verbo
453 1564 761 1599 memorantur
785 1557 977 1598 “throni
995 1556 1029 1607 ;”
1061 1561 1107 1596 et
1135 1569 1213 1609 per
1235 1555 1337 1596 illos
1364 1556 1408 1595 in
1434 1568 1569 1595 sensu
1591 1555 1772 1608 spiritu-

274 1620 334 1661 ali
365 1621 644 1674 significatur
672 1620 893 1673 Judicium
933 1634 993 1661 ex
1031 1619 1206 1660 Divinis
1238 1619 1369 1667 veris,
1403 1625 1449 1659 et
1486 1619 1531 1658 in
1563 1631 1774 1672 supremo

275 1697 411 1724 sensu
435 1698 626 1737 regnum
651 1683 884 1737 spirituale
910 1683 1106 1731 Domini,
1134 1683 1207 1723 ubi
1234 1682 1448 1723 Divinum
1475 1681 1647 1722 Verum
1673 1681 1773 1735 plus

275 1758 412 1798 quam
444 1745 660 1786 Divinum
691 1745 870 1786 Bonum
901 1744 1087 1785 Domini
1116 1744 1335 1797 recipituf
1359 1755 1518 1792 (videatur
1533 1763 1563 1783 n.
1579 1762 1668 1791 2129,
1684 1761 1774 1791 5313,

275 1823 365 1853 5315.
380 1817 470 1853 6397,
486 1816 606 1856 8625);
638 1805 719 1846 sed
744 1805 848 1859 quia
876 1804 1107 1845 “thronus
1120 1803 1139 1818 ’'
1165 1804 1429 1844 nominatur
1453 1803 1525 1844 hic
1557 1804 1602 1843 in
1627 1817 1772 1856 oppo-

276 1868 366 1907 sito
387 1880 535 1916 sensu,
556 1867 873 1920 supersedetur
891 1878 1008 1906 nunc
1031 1879 1055 1906 e
1079 1865 1190 1906 locis
1213 1878 1237 1906 e
1255 1863 1412 1905 Verbo
1434 1865 1478 1905 id
1501 1865 1745 1905 ostendere
1763 1879 1772 1915 ;

276 1930 547 1971 ostendetur
572 1931 615 1971 in
643 1929 948 1983 sequentibus.

356 2001 482 2045 135.
520 1992 600 2032 “Et
623 1995 740 2032 tenes
763 2003 907 2031 nomen
929 1988 1295 2042 meum.''—Quod
1326 1989 1550 2042 significet
1575 1989 1773 2041 agnitio-

277 2068 372 2095 nem
395 2053 558 2095 Dz'vz’m’
580 2054 625 2094 in
649 2053 857 2094 Humano
880 2052 1072 2100 Domini,
1098 2065 1150 2092 ac
1171 2051 1318 2092 omnia
1343 2051 1512 2092 amoris
1536 2057 1579 2091 et
1590 2048 1709 2105 fidei
1729 2051 1774 2092 in

276 2117 445 2170 Ipsum,
471 2124 655 2158 constat
687 2131 747 2158 ex
779 2116 866 2157 illis
893 2130 1007 2170 quae
1039 2129 1173 2169 supra
1204 2115 1260 2156 de
1292 2114 1624 2168 significatione
1653 2119 1773 2156 “no-

278 2180 439 2221 minis''
469 2180 684 2234 Jehovae,
719 2180 902 2220 Domini
938 2186 984 2220 et
1015 2178 1121 2231 Jesu
1154 2177 1322 2219 Christi
1357 2177 1418 2231 (n.
1458 2177 1554 2232 102)
1588 2184 1775 2223 ostensa

277 2250 396 2284 sunt.
459 2243 593 2296 Quod
616 2257 694 2297 per
714 2247 919 2284 “nomen
938 2242 1153 2297 Domini”
1170 2243 1213 2282 in
1232 2241 1388 2283 Verbo
1410 2243 1620 2295 primario
1638 2242 1773 2283 intel-

279 2306 445 2359 ligatur
466 2307 640 2359 agnitio
664 2305 814 2346 Divini
837 2306 881 2346 in
906 2304 1120 2345 Humano
1143 2304 1302 2358 Ipsius,
1323 2310 1393 2345 est
1417 2305 1520 2358 quia
1541 2304 1645 2345 inde
1668 2311 1773 2345 sunt

278 2369 429 2408 omnia
460 2369 624 2408 amoris
656 2374 702 2409 et
739 2367 867 2408 fidei:
911 2380 1002 2407 non
1033 2367 1153 2407 enim
1184 2365 1366 2407 aliunde
1402 2366 1655 2419 procedunt
1693 2366 1774 2406 Di-

278 2432 382 2471 vina
403 2431 523 2471 bona
545 2445 659 2484 quae
681 2432 845 2471 amoris
869 2436 914 2471 et
940 2430 1104 2470 Divina
1126 2443 1232 2470 vera
1250 2443 1364 2483 quae
1387 2436 1491 2470 sunt
1515 2429 1617 2470 fidei
1640 2443 1775 2483 quam

278 2508 304 2534 a
335 2492 434 2534 solo
467 2493 690 2543 Domino;
733 2499 780 2533 et
812 2507 865 2533 ea
897 2505 987 2532 non
1024 2491 1206 2532 influere
1243 2498 1434 2544 possunt
1471 2491 1590 2544 apud
1627 2491 1774 2532 homi-

280 2569 398 2604 nem,
423 2556 506 2596 nisi
529 2556 703 2608 cogitet
727 2555 782 2596 de
807 2555 972 2596 Divino
996 2554 1179 2595 Domini
1201 2567 1302 2594 cum
1325 2553 1456 2594 simul
1480 2555 1535 2594 de
1561 2553 1775 2595 Humano

280 2619 424 2673 Ipsius
443 2633 451 2669 ;
486 2618 697 2659 Divinum
721 2618 866 2671 Ipsius
888 2630 970 2658 nec
989 2623 1059 2658 est
1083 2623 1343 2670 separatum
1365 2617 1422 2657 ab
1442 2616 1669 2666 Humano,
1695 2618 1774 2658 sed

279 2689 350 2724 est
372 2684 417 2723 in
442 2681 655 2722 Humano
680 2680 906 2735 (videatur
924 2694 1070 2734 supra,
1091 2694 1132 2720 n.
1158 2691 1220 2729 10,
1240 2680 1306 2729 26,
1325 2692 1394 2733 49,
1418 2690 1482 2733 52,
1502 2690 1569 2732 77,
1588 2690 1656 2733 97,
1682 2692 1772 2732 113,

285 2743 397 2798 114).
450 2743 729 2784 Asseverare
751 2756 934 2797 possum
951 2756 1011 2783 ex
1034 2743 1156 2783 omni
1178 2743 1463 2795 experientia
1480 2743 1535 2782 de
1555 2742 1774 2796 spirituali

280 2806 462 2855 mundo,
479 2806 599 2860 quod
618 2818 752 2846 nemo
766 2806 824 2846 sit
842 2806 887 2846 in
900 2805 1017 2846 veris
1035 2804 1137 2844 fidei
1155 2810 1201 2845 et
1220 2805 1264 2845 in
1278 2804 1408 2845 bonis
1423 2805 1588 2845 amoris
1603 2805 1686 2845 nisi
1701 2805 1773 2858 qui

279 2870 456 2922 cogitat
476 2868 531 2909 de
555 2868 720 2908 Divino
743 2867 925 2908 Domini
943 2866 1074 2907 simul
1093 2879 1194 2907 cum
1212 2866 1268 2907 de
1288 2866 1502 2907 Humano
1521 2866 1665 2919 Ipsius
1683 2880 1692 2916 ;
1724 2872 1774 2907 ut

280 2937 327 2971 et
354 2931 474 2984 quod
501 2943 635 2970 nemo
661 2930 718 2970 sit
751 2929 994 2982 spiritualis
1026 2943 1103 2969 seu
1134 2928 1324 2981 angelus
1355 2929 1438 2968 nisi
1469 2929 1514 2968 in
1544 2928 1622 2968 illa
1648 2929 1773 2981 cogi-

280 2994 456 3035 tatione
483 2999 528 3034 et
562 2998 669 3033 tunc
702 2992 935 3045 agnitione
966 2991 1096 3032 fuerit
1130 2992 1173 3031 in
1206 2991 1413 3032 mundo.'
1451 2991 1604 3031 Homo
1636 2991 1774 3032 debet
