2060 3476
681 386 788 419 CAP.
811 386 872 426 v.,
895 384 1034 418 VERS.
1057 384 1205 429 9.—N.
1231 382 1324 428 330.
1665 373 1745 415 621

258 500 367 538 Ipsum
382 500 491 537 quoad
514 499 666 528 Divinum
688 499 825 533 Bonum,
841 502 873 527 et
892 498 926 527 in
939 506 1035 527 sensu
1048 496 1224 535 respec'tivo
1239 504 1374 534 regnum
1395 495 1526 525 Domini
1540 499 1572 524 et
1586 494 1750 524 ecclesiam

255 547 364 583 quoad
385 547 447 580 illa.
470 555 501 576 n.
525 554 613 582 2777,
636 554 725 583 3720,
741 553 831 582 9714,
848 544 956 581 10642.
1010 544 1108 581 Quod
1129 543 1216 572 inter
1234 546 1404 580 utrumque
1424 542 1578 580 significet
1598 541 1653 570 ubi
1675 550 1751 570 con-

251 597 377 634 jug-ium
393 597 499 625 Divini
514 596 590 625 Veri
604 605 642 625 ac
659 595 765 624 Divini
786 595 867 624 Boni
882 598 938 628 est,
953 603 985 624 n.
1003 602 1110 627 10001.
1126 592 1249 631 10025.)
1308 581 1362 622 In
1392 580 1551 622 Verbo
1581 579 1750 633 pluries

258 647 424 700 legitur
440 647 496 688 de
519 647 835 688 condemnatis
857 645 914 686 ad
937 650 1146 693 mortem,
1165 643 1286 698 quod
1310 643 1554 696 sanguines
1572 641 1750 682 illorum

257 724 390 764 super
414 710 501 751 illis
527 715 708 761 essent;
741 715 788 750 et
814 723 892 763 per
916 709 961 749 id
993 709 1037 749 in
1063 706 1284 761 spirituali
1316 719 1451 747 sensu
1482 704 1752 758 intelligitur

256 773 379 827 quod
409 773 645 814 damnatio
671 778 792 814 esset
819 785 951 826 super
976 770 1063 812 illis
1092 776 1279 824 propter
1303 769 1417 810 falsa
1443 775 1490 809 et
1523 768 1642 809 mala
1673 782 1752 822 per

257 850 372 890 quae
394 836 718 877 destruxerunt
741 849 849 876 vera
874 841 920 876 et
946 835 1067 876 bona
1092 833 1339 884 eeclesiae;
1373 846 1479 873 nam
1506 845 1584 885 per
1610 835 1750 872 “san-

256 899 446 953 guines'’
465 900 509 940 in
531 913 698 952 genere
721 897 1032 952 significantur
1053 898 1206 939 omnia
1227 895 1340 937 falsa
1362 894 1609 944 doetrinae,
1628 896 1750 936 vitae

257 969 304 1005 et
336 962 498 1012 cultus,
527 976 606 1016 per
631 976 745 1016 quae
777 961 898 1003 mala
923 975 1038 1015 quae
1069 960 1309 1002 destruunt
1337 959 1602 1000 ecclesiam:
1639 958 1750 999 haec

257 1025 378 1068 mala
395 1025 543 1080 quoad
560 1031 737 1079 partem
754 1031 1049 1066 recensentur
1065 1023 1183 1078 apud
1201 1022 1472 1064 Ezechielem
1493 1021 1609 1076 (cap.
1627 1022 1750 1062 xviii.

262 1087 445 1142 10—13);
486 1087 599 1130 haec
637 1089 775 1130 etiam
812 1087 1123 1142 significantur
1158 1101 1238 1141 per
1276 1086 1563 1139 “sanguines
1578 1084 1597 1100 ”
1633 1085 1752 1139 apud

257 1150 524 1200 Johannem,

326 1240 544 1282 “Quotquot
570 1240 692 1281 Ipsum
713 1246 934 1281 receperunt,
957 1240 1054 1272 dedit
1078 1240 1121 1271 iis
1146 1245 1361 1281 potestatem
1383 1244 1422 1270 ut
1445 1239 1507 1270 filii
1532 1238 1599 1270 Dei
1619 1244 1750 1274 essent.

431 1285 657 1316 credentibus
682 1285 718 1316 in
743 1294 878 1316 nomen
904 1283 1033 1325 Ipsius,
1055 1282 1119 1325 ‘qui
1151 1293 1224 1314 non
1249 1293 1294 1314 ex
1317 1283 1566 1323 sanguinibus,
1594 1292 1709 1323 neque
1734 1292 1753 1313 e

430 1329 616 1360 voluntate
641 1329 769 1366 carnis,
797 1338 911 1369 neque
935 1338 954 1359 e
978 1328 1162 1359 voluntate
1185 1327 1262 1364 viri,
1283 1327 1346 1359 sed
1369 1337 1414 1358 ex
1439 1326 1517 1358 Deo
1541 1327 1615 1358 nati
1640 1325 1753 1358 sunt''

432 1372 468 1411 (i.
488 1380 538 1411 12,
559 1372 632 1412 13);

258 1473 337 1514 per
366 1461 572 1500 “nomen
610 1457 825 1499 Domini''
855 1456 1173 1510 intelliguntur
1213 1456 1366 1497 omnia
1402 1469 1509 1496 vera
1545 1461 1592 1496 et
1633 1454 1753 1495 bona

258 1537 338 1576 per
351 1506 465 1576 duae
483 1521 699 1563 colendus
718 1527 787 1562 est
804 1523 916 1575 3'per
933 1524 957 1540 ‘⁴
970 1521 1214 1573 sanguines
1226 1519 1245 1534 ’'
1263 1518 1581 1571 intelliguntur
1602 1519 1754 1558 omnia

257 1585 370 1626 falsa
391 1591 438 1626 et
461 1584 580 1625 mala
601 1598 715 1638 quae
737 1583 978 1625 destruunt
994 1582 1029 1634 ;''
1060 1597 1140 1636 per
1158 1581 1487 1623 “voluntatem
1511 1581 1689 1637 carnisf'
1706 1587 1753 1622 et

258 1663 338 1703 per
379 1647 704 1690 “voluntatem
743 1646 854 1688 viri”
895 1645 1207 1700 significantur
1247 1645 1401 1686 omnia
1441 1644 1562 1685 mala
1588 1645 1753 1685 amoris

258 1719 305 1754 et
341 1711 454 1753 salsa
489 1710 606 1759 fidei,
648 1704 981 1751 “caro’''enim
1022 1708 1249 1762 significat
1290 1708 1520 1762 proprium
1558 1707 1753 1748 hominis

256 1774 562 1816 voluntarium
589 1787 647 1815 ex
673 1787 763 1827 quo
789 1786 924 1813 omne
947 1771 1130 1820 malum,
1155 1778 1202 1813 et
1231 1772 1337 1812 “vir
1349 1771 1368 1786 ’'
1395 1769 1622 1824 significat
1648 1784 1752 1823 pro-

257 1839 402 1892 prium
416 1838 612 1878 hominis
626 1835 936 1878 intelle&uale
951 1850 1010 1877 ex
1025 1849 1114 1890 quo
1130 1848 1264 1876 omne
1279 1834 1455 1883 falsum,
1472 1839 1498 1858 “
1509 1834 1722 1875 voluntas
1734 1834 1754 1849 '’

199 1921 202 1924 ⁴
257 1908 329 1943 est
355 1901 429 1942 ubi
460 1900 564 1951 illa3
601 1903 664 1940 “a
695 1899 796 1941 Deo
828 1899 986 1940 nasci’‘
1018 1905 1089 1940 est
1120 1898 1376 1951 regenerari
1409 1911 1487 1951 per
1512 1911 1619 1938 vera
1650 1896 1752 1938 fidei

257 1971 305 2006 et
331 1978 410 2019 per
435 1965 576 2005 vitam
603 1963 850 2004 secundum
876 1962 967 2003 illa.

335 2036 474 2080 330.
519 2025 619 2065 “Ex
656 2024 764 2065 omni
795 2024 901 2064 tribu
934 2027 978 2064 et
1011 2021 1386 2077 linqua.¹'—Quod
1430 2021 1658 2075 significet
1697 2021 1753 2062 ab

256 2088 454 2133 omnibus
479 2086 560 2141 qui
579 2087 625 2127 in
650 2086 770 2127 veris
795 2085 944 2139 quoad
963 2085 1210 2126 doflrinam
1234 2090 1276 2125 et
1299 2084 1449 2138 quoad
1468 2083 1609 2124 vitam
1633 2090 1750 2132 sunt,

257 2158 441 2193 constat
473 2165 533 2192 ex
566 2149 899 2204 significatione
933 2148 1155 2197 “tribus,”
1187 2148 1308 2202 quod
1344 2148 1436 2188 sint
1470 2148 1621 2188 omnia
1646 2161 1753 2188 vera

257 2222 304 2256 et
330 2215 451 2256 bona
476 2215 520 2255 in
546 2213 792 2267 complexu
821 2211 898 2267 (de
929 2226 1017 2266 qua
1047 2226 1195 2265 supra,
1225 2225 1266 2252 n.
1296 2210 1384 2264 39),
1412 2210 1490 2251 illa
1521 2212 1641 2251 enim
1673 2225 1752 2264 per

260 2277 538 2318 “duodecim
564 2277 707 2318 tribus
718 2276 737 2291 ”
759 2275 1084 2330 significantur,
1110 2281 1157 2316 et
1179 2274 1285 2315 inde
1308 2288 1386 2327 per
1408 2275 1752 2327 unamquamvis

257 2341 424 2382 tribum
455 2339 622 2393 aliquid
652 2340 746 2380 veri
777 2345 824 2380 et
866 2339 999 2389 boni3
1037 2352 1173 2392 quare
1205 2351 1284 2391 per
1317 2341 1415 2378 “ex
1447 2338 1570 2377 omni
1602 2337 1752 2378 tribu‘’

257 2403 536 2457 significatur
562 2416 621 2443 ex
648 2402 855 2443 omnibus
887 2402 960 2455 qui
992 2403 1036 2442 in
1067 2401 1218 2455 aliquo
1249 2414 1416 2454 genere
1442 2401 1534 2440 veri
1566 2406 1612 2441 et
1645 2400 1752 2440 boni

257 2473 390 2517 sunt;
437 2472 484 2507 et
521 2479 580 2506 ex
617 2464 949 2518 significatione
992 2463 1250 2517 “linguae,‘'
1286 2463 1407 2517 quod
1443 2464 1501 2504 sit
1547 2461 1753 2503 do&rina

256 2530 379 2570 vitae
411 2535 457 2570 et
489 2528 604 2569 fidei.
678 2527 813 2580 Quod
848 2527 1061 2568 “tribus”
1093 2526 1350 2580 significent
1382 2527 1534 2567 omnia
1565 2540 1672 2567 vera
1702 2532 1749 2566 et

256 2593 376 2634 bona
398 2593 442 2633 in
465 2591 723 2645 complexu,
743 2591 788 2631 in
810 2604 892 2631 suo
913 2589 1105 2631 articulo
1122 2589 1234 2630 infra
1256 2589 1431 2642 plenius
1454 2589 1723 2630 ostendetur
1741 2603 1750 2639 ;

256 2656 425 2709 pariter
455 2655 576 2709 quod
610 2652 832 2707 “lingua‘'
859 2652 1083 2707 significet
1115 2651 1368 2693 docirinam
1399 2653 1521 2693 vitae
1554 2658 1600 2693 et
1632 2651 1750 2700 fidei,

255 2719 323 2758 ita
351 2716 637 2769 religionem.
696 2726 777 2764 (Hic
795 2725 900 2755 solum
919 2726 1121 2755 adducentur
1139 2733 1222 2762 quae
1242 2725 1283 2754 de
1301 2724 1532 2762 significatione
1552 2721 1722 2753 “tribuum
1735 2723 1751 2732 '⁶

255 2778 289 2807 in
302 2777 443 2807 Arcanis
456 2776 652 2810 Caelestz'bus.
668 2780 794 2805 ostensa
807 2779 898 2805 sunt:
920 2784 1046 2813 nempe,
1063 2775 1161 2812 Quod
1176 2774 1346 2804 duodecim
1362 2774 1461 2803 tribus
1484 2774 1607 2803 Israelis
1629 2782 1754 2811 reprae-

255 2822 447 2853 sentaverint
468 2826 499 2850 et
519 2821 593 2850 inde
614 2820 857 2859 significaverint
878 2821 987 2850 omnia
1000 2829 1075 2849 vera
1089 2824 1119 2848 et
1139 2820 1228 2849 bona
1248 2820 1280 2848 in
1302 2820 1482 2857 complexu,
1505 2828 1536 2848 n.
1560 2820 1649 2856 3858,
1662 2818 1752 2855 3926,

255 2868 346 2905 4060,
362 2867 459 2904 6335:
489 2866 578 2903 quod
600 2866 713 2895 similia
737 2865 908 2894 duodecim
931 2865 1068 2903 apostoli
1094 2864 1235 2899 Domini,
1259 2873 1290 2894 n.
1315 2873 1403 2902 2129,
1428 2871 1517 2902 3354,
1542 2865 1631 2901 3488,
1654 2864 1751 2900 6397:

255 2921 354 2943 causa
367 2912 456 2949 quod
470 2910 642 2940 duodecim
658 2910 781 2945 fuerint,
797 2915 844 2939 est
865 2910 940 2947 quia
955 2913 972 2924 ‘⁴
983 2910 1155 2939 duodecim
1165 2909 1181 2918 '¹
1198 2909 1376 2948 significant
1397 2909 1514 2943 omnia,
1530 2918 1560 2938 n.
1577 2915 1645 2945 577,
1662 2910 1751 2945 2089,

256 2966 345 2995 2129,
362 2965 450 2994 2130,
466 2964 556 2994 3272,
571 2957 661 2994 3858,
669 2963 762 2993 3913.
806 2955 891 2992 Quia
902 2955 1073 2984 duodecim
1085 2955 1184 2984 tribus
1196 2958 1510 2992 repraesentaverunt
1524 2958 1554 2982 et
1570 2954 1643 2982 inde
1658 2953 1753 2991 signi-

255 3004 429 3033 ficaverunt
443 3002 552 3032 omnia
565 3011 639 3031 vera
653 3006 683 3031 et
703 3002 791 3031 bona
804 3001 837 3030 in
852 3001 1031 3039 complexu,
1047 3002 1137 3038 quod
1157 3001 1232 3030 inde
1252 3000 1554 3038 repraesentaverint
1575 2999 1699 3029 caelum
1721 3006 1752 3027 et

256 3048 430 3083 ecclesiam,
447 3057 478 3078 n.
494 3047 584 3085 6337,
599 3047 689 3085 6637,
705 3046 794 3085 7836,
810 3048 900 3084 7891.
915 3047 1005 3084 7996.
1049 3046 1147 3083 Quod
1169 3046 1340 3075 duodecim
1362 3046 1460 3074 tribus
1476 3045 1561 3074 varia
1574 3043 1751 3082 significent
