2060 3476
273 341 329 385 72
693 340 1026 375 APOCALYPSIS
1058 341 1357 383 EXPLICATA.

364 452 499 507 Quod
525 454 828 508 quadraginta
853 454 942 496 duo
967 455 1091 509 pueri
1117 456 1330 511 discerpti
1356 457 1518 499 fuerint
1550 457 1608 499 ab
1639 458 1763 509 ursis,

273 517 377 571 quia
401 516 637 559 illuserunt
661 517 859 567 Ehsaeo,
882 524 1101 560 vocantes
1127 518 1252 560 illum
1274 519 1466 568 calvum,
1491 527 1588 562 erat
1615 534 1763 570 causa,

274 581 377 633 quia
408 579 534 621 Elias
566 587 612 622 et
645 580 853 622 Elisaeus
888 582 1294 634 repraesentabant
1331 582 1577 624 Dominum
1617 583 1766 637 quoad

273 642 490 693 Verbum,
524 644 643 698 quod
670 650 740 685 est
768 644 981 685 Divinum
1008 643 1192 694 Verum,
1221 646 1289 687 cui
1316 644 1534 687 sanctitas
1560 652 1606 687 et
1632 645 1767 687 robur

273 713 343 747 est
375 707 419 748 in
451 706 621 748 ultimis
647 721 706 748 ex
733 708 901 761 primis,
929 714 978 748 ut
1011 721 1120 749 mox
1143 722 1276 762 supra
1301 707 1471 750 dictum
1502 715 1586 750 est.
1649 707 1767 762 Quia

274 771 335 811 sic
381 770 684 812 “calvitium'’
721 770 1006 824 significabat
1051 771 1625 825 deprivationemeorum,
1663 772 1766 813 ideo

274 834 360 875 hoc
382 832 548 875 factum
570 841 654 875 est.
704 838 729 854 ‘⁴
743 834 848 876 Ursi
859 833 879 849 '’
901 835 1040 876 etiam
1063 834 1319 888 significant
1337 848 1492 876 verum
1514 836 1559 876 in
1580 835 1763 878 ultimis.

275 896 388 933 (Quod
404 896 488 926 Elias
503 901 533 926 et
546 897 688 926 Elisaeus
699 897 999 935 repraesentaverint
1014 896 1190 926 Dominum
1202 898 1310 934 quoad
1320 897 1472 932 Verbum,
1481 897 1624 926 videatur
1635 907 1665 928 n.
1677 898 1765 934 2762,

266 945 378 991 '5247-)
439 943 514 984 Ex
540 944 609 985 his
635 958 812 998 quoque
838 950 982 998 patet,
1010 958 1088 986 cur
1113 943 1242 986 Eliae
1267 945 1348 986 suit
1377 946 1555 986 “vestis
1582 944 1765 999 pilosa‚”

273 1020 325 1047 ac
347 1006 542 1060 Johanni
569 1011 666 1048 “ex
689 1007 789 1062 pilis
811 1007 1086 1049 camelorum
1105 1007 1139 1059 ;”
1163 1008 1395 1061 Johannes
1417 1009 1535 1049 enim
1555 1008 1766 1062 Baptista

273 1070 478 1112 similiter
499 1084 550 1111 ac
574 1070 699 1111 Elias
717 1071 1088 1124 repraesentabat
1113 1071 1357 1113 Dominum
1380 1072 1528 1126 quoad
1547 1071 1762 1121 Verbum,

276 1140 550 1188 quapropter
575 1135 713 1175 etiam
743 1132 888 1175 (1ὶᾶυὸ
915 1140 984 1175 eSt
1012 1133 1138 1175 Elias
1165 1146 1322 1183 (videatur
1336 1155 1366 1175 n.
1383 1147 1471 1183 7643.
1487 1146 1593 1183 9372).

359 1197 433 1237 Ex
476 1197 544 1237 his
589 1195 833 1238 intelleffis
874 1198 974 1238 sciri
1016 1204 1170 1251 potest
1217 1198 1320 1252 quid
1367 1197 1644 1251 significatur
1686 1212 1765 1252 per

277 1257 491 1311 “caput,'’
513 1257 780 1311 “capillos‚”
800 1257 1064 1307 “barbam,”
1082 1265 1128 1299 et
1150 1258 1417 1300 “calvitium
1430 1259 1449 1274 ”
1466 1260 1508 1300 in
1529 1259 1684 1302 Verbo
1700 1274 1768 1301 :—-

275 1320 342 1362 Ut
368 1320 485 1374 apud
511 1320 715 1370 Esaiam,

342 1409 364 1422 ‘⁴
376 1407 554 1448 Tempore
572 1407 632 1439 illo
650 1408 856 1440 detondebit
874 1408 1088 1441 Dominus.
1102 1419 1182 1449 .per
1198 1419 1319 1450 regem
1337 1409 1508 1441 Aschuris
1525 1415 1641 1451 caput,
1661 1415 1696 1442 et
1712 1409 1764 1479 pi-

447 1451 501 1483 los
518 1452 659 1492 pedum.
680 1453 788 1484 etiam
805 1453 952 1484 barbam
970 1452 1187 1484 consumet'’
1204 1452 1278 1491 (vii.
1296 1455 1371 1493 2o);

272 1528 391 1582 apud
419 1529 627 1578 eundem,

407 1604 484 1637 “In
503 1605 669 1637 omnibus
686 1605 860 1647 capitibus
877 1606 1070 1644 calvitium,
1091 1606 1209 1639 omnis
1225 1607 1335 1638 barba
1352 1616 1433 1638 rasa
1443 1605 1461 1618 ''
1478 1605 1550 1648 (xv.
1567 1605 1600 1647 2)
1616 1615 1624 1646 ;

273 1698 392 1752 apud
418 1697 681 1747 Jeremiam,

341 1780 508 1865 “Ρει’ἒίῑ“
502 1781 645 1819 veritas,
666 1787 700 1813 et
718 1781 837 1813 excisa
852 1787 907 1814 est
930 1791 974 1814 ex
991 1791 1052 1814 ore
1077 1781 1240 1819 illorum:
1265 1782 1374 1814 tonde
1398 1781 1544 1820 crinem,
1564 1786 1599 1814 et
1622 1779 1764 1823 abjice'’

462 1826 522 1859 vii.
537 1828 590 1867 28,
605 1828 681 1870 29);
887 1841 889 1843 ¹

273 1906 398 1972 apud¹
418 1917 703 1967 Ezechielem,

375 2003 397 2015 ‘⁴
408 2001 540 2042 Accipe
559 2001 771 2033 novaculam
789 2008 824 2033 et
841 2002 1043 2034 transmitte
1060 2011 1166 2043 super
1179 2008 1284 2043 caput
1301 2008 1336 2034 et
1350 2003 1497 2035 barbam
1509 2001 1527 2015 ”
1544 2000 1591 2041 (ν.
1610 2000 1663 2042 1);

273 2077 392 2131 apud
419 2077 627 2127 eundem,

342 2152 419 2185 “In
437 2153 535 2184 omni
552 2153 641 2185 facie
658 2153 725 2186 erit
741 2154 865 2195 pudor,
882 2160 917 2186 et
933 2154 969 2186 in
987 2154 1154 2186 omnibus
1171 2154 1345 2195 capitibus
1359 2154 1543 2187 calvitium
1553 2153 1572 2167 ”
1589 2153 1661 2196 (vii.
1681 2153 1754 2196 18);

274 2229 393 2283 apud
420 2229 627 2279 eundem,

637 2304 659 2317 ‘⁴
671 2302 789 2335 Omne
806 2310 911 2344 caput
928 2303 1152 2335 decalvatum
1163 2302 1181 2316 ”
1199 2302 1308 2344 (xxix.
1325 2303 1400 2345 18);

277 2378 396 2432 apud
421 2377 577 2427 Amos,

409 2461 431 2476 ⁸⁴
442 2459 646 2493 Ascendere
663 2461 806 2493 faciam.
822 2486 828 2493 .
843 2471 965 2503 .super
981 2472 1089 2494 omne
1106 2468 1211 2503 caput
1227 2461 1407 2494 calvitium
1420 2460 1439 2474 ''
1455 2460 1542 2503 (viii.
1561 2461 1636 2504 10);

279 2553 399 2606 apud
426 2552 664 2600 Davidem,

344 2637 367 2649 ⁴⁸
379 2635 476 2667 Deus
493 2636 687 2668 contundet
705 2643 810 2677 caput
833 2637 1001 2675 hostium,
1021 2638 1189 2669 verticem
1207 2637 1428 2678 capillorum,
1447 2638 1705 2670 ambulantium
1728 2637 1766 2670 in

451 2680 609 2711 reatibus
620 2679 638 2691 ''
655 2679 801 2720 (Psalm.
818 2681 928 2713 lxviii.
946 2689 987 2712 22
1004 2679 1063 2723 [B.
1079 2683 1125 2714 A.
1143 2679 1227 2723 21]).

277 2767 330 2808 In
356 2767 425 2808 his
457 2768 567 2808 locis
593 2774 641 2809 et
672 2768 770 2809 aliis
801 2783 880 2822 per
908 2771 1137 2810 “tondere
1157 2769 1344 2823 ·caput,’'
1379 2770 1633 2811 “abradere
1664 2770 1766 2810 bar-

276 2830 421 2880 bam,”
447 2837 494 2872 et
523 2832 770 2872 “inducere
797 2832 1067 2881 calvitium,'’
1090 2832 1367 2885 significatur
1388 2833 1622 2886 deprivare
1644 2834 1766 2873 omni

273 2907 384 2944 ,vero
415 2899 462 2934 et
494 2894 628 2943 bono,
662 2895 873 2947 quoniam
905 2896 978 2948 qui
1010 2895 1268 2948 deprivatur
1299 2895 1483 2944 ultimis,
1516 2896 1655 2936 etiam
1686 2894 1765 2935 de-

278 2957 479 3010 privatur
509 2957 741 3010 prioribus,
775 2958 981 2998 existunt
1018 2959 1137 2998 enim
1174 2965 1220 2999 et
1258 2959 1508 2999 subsistunt
1545 2958 1691 3012 priora
1722 2958 1766 2998 in
