2060 3476
327 372 382 414 30
742 372 1070 407 APOCALYPSIS
1100 374 1397 408 EXPLICATA.

327 488 351 504 “
367 485 624 526 Paracletus
636 485 655 501 '’
675 484 901 540 “Spiritus
918 486 1160 537 veritatis,’'
1186 493 1255 529 est
1282 487 1496 529 Divinum
1513 487 1684 531 Verum
1707 501 1810 542 pro·

324 551 490 591 cedens
515 565 542 592 a
567 551 764 593 Domino
786 562 943 601 (videatur
961 571 992 593 n.
1008 565 1097 601 9818,
1112 565 1202 602 9820,
1219 571 1333 602 1033o;
1355 567 1387 593 et
1407 572 1511 602 supra,
1537 551 1698 607 n.[¹]25).
1749 554 1813 596 Et

324 614 441 667 apud
467 614 674 664 eundem,

391 714 413 727 ‘⁴
426 712 524 745 Dixit
542 713 688 752 Pilatus,
709 713 803 745 Num
821 723 906 754 ergo
925 713 1001 746 Rex
1017 724 1055 746 es
1069 713 1148 747 Tu?
1193 713 1394 755 Respondit
1409 713 1525 756 Jesus,
1541 714 1596 746 Tu
1612 715 1711 752 dicis,
1732 716 1814 757 quia

499 757 577 788 Rex
595 757 671 797 Ego
687 767 766 789 sum
780 766 788 797 3
814 757 890 798 Ego
907 758 942 789 in
959 758 1026 790 hoc
1039 763 1143 789 natus
1161 767 1251 796 sum,
1271 764 1306 789 et
1322 758 1367 790 ad
1389 758 1457 790 hoc
1474 759 1555 790 veni
1571 759 1607 790 in
1625 760 1810 799 mundum,

496 807 535 832 ut
551 806 660 833 tester
677 801 838 838 veritati,
862 801 980 832 omnis
997 801 1155 833 existens
1179 801 1224 833 ex
1246 802 1394 834 veritate
1418 802 1516 833 audit
1539 812 1655 834 meam
1672 813 1810 836 vocem.

497 869 505 877 .
523 868 531 876 .
548 869 555 877 .
574 869 581 877 .
600 844 644 876 Et
660 845 749 876 dixit
767 844 913 882 Pilatus,
934 845 1028 887 Quid
1044 851 1099 877 est
1115 845 1247 877 veritas
1258 844 1292 878 ?”
1308 844 1418 885 (xviii.
1433 853 1486 885 37,
1500 846 1541 885 38
1556 846 1577 886 ς)

321 943 442 997 quod
475 943 694 984 Dominus
725 943 788 984 ita
818 943 1115 996 responderit,
1142 955 1243 983 cum
1275 943 1581 996 interrogatus
1607 949 1676 985 est
1708 957 1815 985 num

322 1014 442 1048 esset
470 1006 587 1055 Rex,
611 1013 707 1048 erat
730 1007 832 1061 quia
853 1006 1073 1047 Dominus
1098 1012 1147 1047 ut
1170 1006 1273 1047 Rex
1296 1012 1366 1047 est
1389 1006 1601 1047 Divinum
1624 1006 1810 1057 Verum,

322 1063 425 1111 n‘am
452 1070 537 1111 hoc
564 1077 634 1111 est
660 1071 831 1123 regium
859 1069 1040 1110 Domini
1066 1070 1110 1110 in
1137 1069 1277 1118 caelo,
1306 1069 1515 1110 Divinum
1542 1076 1694 1112 autem
1721 1070 1811 1112 Bo-

322 1146 427 1174 num
460 1133 603 1187 Ipsius
634 1140 704 1175 est
735 1133 1037 1174 sacerdotium
1069 1133 1153 1184 ibi;
1190 1133 1294 1174 inde
1325 1138 1409 1182 est,
1437 1134 1557 1187 quod
1590 1132 1812 1175 Dominus

321 1196 487 1237 dixerit
529 1197 648 1250 quod
685 1197 788 1237 Rex
825 1196 897 1246 sit,
931 1196 1050 1250 quod
1091 1196 1135 1237 in
1172 1195 1257 1237 hoc
1289 1202 1422 1237 natus
1453 1197 1524 1246 sit,
1557 1203 1604 1238 et
1635 1197 1692 1238 ad
1724 1197 1809 1239 hoc

319 1261 493 1300 venerit
527 1260 570 1301 in
611 1260 840 1308 mundum,
877 1263 964 1301 “ut
995 1265 1190 1300 testetur
1219 1259 1437 1308 veritati,’'
1468 1266 1514 1300 et
1550 1261 1670 1314 quod
1698 1262 1810 1315 “qui

319 1323 363 1362 in
401 1323 593 1364 veritate
632 1329 717 1372 est,
749 1323 902 1364 audiat
941 1322 1132 1364 vocem’'
1163 1322 1333 1376 Ipsius;
1376 1329 1423 1363 et
1459 1323 1560 1364 ideo
1591 1324 1811 1377 quaesivit

321 1385 503 1435 Pilatus,
533 1385 691 1439 “Quid
717 1385 921 1435 veritas‚”
946 1386 1010 1427 ita
1036 1399 1139 1426 num
1166 1385 1243 1426 illa
1267 1392 1386 1427 esset
1414 1386 1530 1427 Rex.
1592 1395 1705 1435 (Quod
1727 1398 1816 1427 Divi-

319 1457 395 1477 num
406 1449 525 1478 Verum
537 1448 575 1478 sit
586 1449 707 1486 regium
720 1448 850 1477 Domini
865 1448 897 1477 in
908 1448 1011 1482 caelis,
1022 1448 1166 1478 videatur
1176 1456 1206 1478 n.
1219 1456 1309 1485 3009,
1322 1448 1417 1485 5068:
1439 1452 1472 1477 et
1483 1448 1571 1486 quod
1585 1447 1657 1477 ideo
1670 1451 1687 1462 ¹¹
1696 1457 1786 1486 reges
1795 1447 1812 1458 ''

319 1499 350 1527 in
365 1499 472 1528 Verbo
487 1498 662 1536 significent
683 1498 752 1528 illos
767 1498 820 1536 qui
842 1498 874 1527 in
890 1498 1012 1527 Divinis
1025 1498 1105 1527 veris
1119 1502 1202 1532 sunt,
1217 1498 1260 1527 ita
1273 1497 1430 1527 abstracte
1445 1507 1466 1527 a
1483 1498 1624 1536 personis
1638 1498 1814 1536 significent

319 1550 435 1579 Divina
454 1558 538 1584 vera,
560 1559 591 1579 n.
610 1550 696 1586 1672,
719 1556 808 1586 2015,
831 1549 919 1586 2069-¹
942 1555 1032 1586 4575,
1054 1551 1144 1587 4581,
1165 1549 1255 1587 4966,
1278 1547 1382 1588 5044.)
1443 1537 1577 1591 Quod
1611 1539 1812 1592 “reges”

318 1602 573 1656 significent
595 1602 697 1644 illos
714 1603 788 1656 qui
809 1603 853 1643 in
877 1602 1049 1643 Divinis
1070 1602 1199 1651 veris,
1218 1602 1393 1656 patebit
1416 1601 1575 1643 clarius
1597 1602 1640 1642 in
1663 1603 1810 1656 expli-

318 1667 496 1707 catione
518 1667 800 1720 sequentium
822 1666 866 1706 in
885 1664 1169 1718 Apocalypsi,
1188 1666 1261 1706 ubi
1282 1666 1570 1706 nominantur
1588 1668 1755 1718 “reges
1773 1666 1806 1717 ;'’

318 1735 363 1769 et
397 1742 506 1770 mox
538 1729 662 1778 infra,
690 1729 763 1770 ubi
795 1729 968 1777 dicitur,
999 1728 1167 1769 “Fecit
1199 1741 1282 1769 nos
1309 1742 1439 1782 reges
1470 1734 1517 1769 et
1547 1729 1809 1770 sacerdotes

319 1791 418 1832 Deo
447 1798 493 1833 et
526 1792 645 1833 Patri
677 1791 794 1832 suo.'’
853 1791 928 1832 Ex
960 1791 1027 1831 his
1054 1797 1263 1832 constare
1295 1797 1463 1844 potest,
1490 1791 1610 1845 quod
1641 1805 1720 1845 per
1746 1795 1811 1833 “a

315 1850 420 1903 Jesu
436 1849 631 1898 Christo,
651 1851 752 1904 Ipse
768 1851 919 1892 Testis
936 1850 1119 1900 fidelis,”
1133 1851 1410 1905 significetur
1424 1851 1643 1893 Dominus
1658 1853 1806 1906 quoad

316 1914 596 1966 agnitionem
623 1913 772 1954 Divini
801 1913 1014 1962 Humani,
1042 1927 1068 1954 a
1093 1927 1181 1968 quo
1207 1927 1341 1955 omne
1366 1927 1520 1955 verum
1546 1915 1591 1955 in
1617 1914 1758 1956 caelo.

401 1975 492 2018 28.
531 1974 655 2028 “lpse
678 1974 972 2028 primogenitus
995 1987 1050 2016 ex
1069 1974 1479 2028 mortuis.''--Quod
1504 1975 1726 2029 significet
1754 1991 1811 2018 ex

317 2052 399 2091 quo
415 2050 537 2077 omne
557 2036 711 2077 bonum
728 2035 802 2085 ibi,
822 2042 1002 2077 constat
1020 2050 1079 2077 ex
1097 2036 1425 2089 significatione
1444 2039 1470 2057 “
1482 2038 1809 2090 primogeniti,'’

318 2114 418 2141 cum
450 2100 506 2140 de
543 2099 755 2148 Domino,
788 2099 908 2153 quod
945 2100 1002 2140 sit
1035 2099 1247 2140 Divinum
1284 2099 1460 2140 Bonum
1492 2101 1536 2140 in
1569 2100 1711 2150 caelo,
1743 2102 1808 2142 ita

317 2177 449 2204 omne
486 2163 651 2204 bonum
683 2163 767 2212 ibi;
810 2162 929 2216 quod
963 2163 1325 2215 “primogenitus
1338 2162 1357 2178 ”
1387 2162 1432 2203 id
1467 2163 1703 2216 significet,
1736 2171 1807 2206 est

316 2227 418 2280 quia
443 2240 521 2279 per
547 2225 932 2279 “generationes”
957 2226 1001 2266 in
1028 2238 1193 2278 genere
1220 2231 1266 2266 et
1297 2226 1342 2266 in
1373 2226 1522 2279 specie
1548 2226 1804 2279 significan—

315 2296 387 2330 tur
423 2290 741 2342 generationes
777 2288 1044 2342 spiritualeS,
1077 2302 1190 2342 quae
1228 2295 1331 2330 sunt
1368 2289 1474 2329 boni
1510 2296 1557 2330 et
1588 2290 1694 2339 veri,
1727 2303 1806 2332 seu

314 2353 478 2393 amoris
510 2358 556 2393 et
587 2351 715 2402 fidei;
757 2352 860 2392 inde
891 2357 960 2392 est
992 2352 1111 2405 quod
1142 2365 1220 2405 per
1253 2351 1504 2405 “patrem,''
1537 2352 1805 2403 “matrem,”

317 2414 508 2463 “filios,''
556 2413 747 2462 “filias,”
793 2414 1062 2467 “generos,’'
1112 2414 1324 2463 “nurus‚’'
1370 2413 1524 2455 “filios
1572 2414 1800 2465 filiorum,”

314 2478 622 2531 significantur
653 2477 773 2518 bona
803 2484 849 2518 et
881 2491 1000 2526 vera,
1028 2491 1142 2531 quae
1173 2483 1408 2530 generant,
1436 2483 1483 2518 et
1514 2491 1628 2532 quae
1659 2492 1800 2532 gene-

313 2548 467 2582 rantur
502 2542 546 2581 in
587 2555 667 2581 suo
709 2540 864 2581 ordine
905 2549 1110 2591 (n.10490);
1155 2540 1199 2581 in
1240 2540 1367 2581 caelo
1407 2541 1526 2581 enim
1567 2554 1657 2582 non
1698 2549 1802 2584 sunt

312 2603 426 2645 aliae
467 2604 756 2654 nativitates;
808 2610 854 2644 et
891 2603 993 2657 quia
1030 2603 1094 2644 ita
1133 2609 1216 2652 est,
1258 2617 1336 2656 per
1377 2605 1766 2657 “primogenitum
1781 2605 1801 2622 ”

312 2681 403 2709 non
424 2667 690 2719 intelligitur
707 2667 1046 2720 primogenitus,
1065 2666 1144 2717 sed
1170 2666 1337 2707 bonum
1359 2667 1472 2708 caeli
1496 2674 1542 2709 et
1568 2667 1798 2717 ecclesiae,

311 2731 413 2785 quia
438 2730 523 2771 hoc
555 2729 698 2783 pri'mo
729 2729 830 2770 loco
856 2735 958 2770 est:
991 2742 1108 2770 nunc
1140 2730 1242 2783 quia
1273 2729 1493 2771 Dominus
1519 2737 1588 2772 est
1620 2744 1678 2772 ex
1711 2745 1799 2784 quo

310 2807 445 2835 omne
467 2794 633 2834 bonum
659 2794 732 2842 ibi,
755 2793 857 2834 ideo
884 2792 967 2833 Ille
988 2799 1175 2834 vocatur
1199 2796 1223 2813 “
1238 2793 1603 2847 Primogenitus.”
1662 2792 1798 2847 Quod

309 2862 496 2898 vocetur
539 2856 908 2910 “Primogenitus
948 2869 1007 2897 ex
1047 2855 1273 2905 mortuis‚’'
1309 2863 1378 2898 est
1419 2858 1522 2910 quia
1561 2870 1661 2898 cum
1702 2871 1797 2898 sur·

311 2920 429 2960 rexit
460 2932 519 2960 ex
552 2919 752 2967 mortuis,
782 2918 1043 2959 Humanum
1074 2931 1200 2959 suum
1232 2932 1311 2972 per
1341 2920 1551 2960 unionem
1583 2932 1683 2960 cum
1715 2919 1795 2961 Di-

311 2983 426 3033 vino,
446 2982 564 3036 quod
583 2982 627 3022 in
645 2981 702 3023 Se
719 2996 778 3023 ex
796 2982 1094 3036 conceptione
1111 2988 1221 3032 erat,
1239 2982 1344 3024 fecit
1363 2982 1574 3024 Divinum
1593 2982 1766 3024 Bonum
1785 2998 1794 3032 ς
