2060 3476
736 387 842 420 CAP.
865 387 924 428 v.,
947 386 1085 419 VERsz
1107 387 1256 430 4.—N.
1283 378 1375 431 306.
1413 399 1417 401 Α
1720 387 1798 431 533

937 550 1073 575 VERSUS
1089 550 1121 582 4,
1139 549 1168 582 5.

385 621 521 666 305.
559 626 620 653 “ft
634 632 685 659 cao
695 625 805 659 fiebam
820 626 947 656 multum,
961 625 1038 658 quod
1051 632 1134 652 nemo
1148 625 1252 657 alynus
1266 625 1399 651 Inventus
1414 624 1530 657 aperlre
1544 626 1575 651 et
1588 625 1684 657 loyen
1698 625 1802 652 librum

306 672 358 692 neo
370 666 515 698 inspicere
527 673 599 693 eum,
636 666 671 692 ft
682 673 756 693 unus
770 673 806 693 ex
818 665 983 693 senioribus
995 665 1066 692 dicit
1078 665 1157 696 mihi,
1171 665 1211 691 Ne
1218 664 1301 698 fleto.
1316 672 1382 691 ecce
1396 665 1465 692 vicit
1477 665 1537 696 Leo,
1552 664 1602 698 qm*
1613 666 1661 691 eet
1672 672 1708 692 ex
1722 665 1802 692 tribu

305 704 444 735 dehudcw,
459 704 550 730 Radix
565 703 692 736 Davidla,
709 703 826 736 apeme
841 703 943 730 uorum
958 704 990 730 et
1002 703 1115 730 solvere
1129 704 1242 735 septem
1257 703 1354 735 31'91‘1111
1370 703 1468 735 eju⁸.''

348 791 381 821 4.
416 782 479 815 “ft
499 791 562 825 eqo
586 781 706 815 flebam
730 782 883 819 multum,
900 781 993 825 quod
1012 790 1111 814 nomo
1135 780 1260 824 dignus
1283 780 1445 814 inventus
1468 780 1606 824 aperit-e
1630 783 1667 814 et
1687 781 1803 824 legere

482 826 604 860 llbrum
620 836 683 859 nec
698 825 869 869 Inspicere
886 826 992 864 eum‚''
1007 825 1170 867 significat
1185 826 1327 857 dolorem
1344 826 1451 856 cordis
1466 826 1502 857 ob
1519 826 1802 857 inordinationem

481 875 513 902 et
524 871 698 902 interitum
711 871 874 908 omnium,
886 871 917 902 si
931 881 1025 902 nemo
1032 874 1139 912 posset
1149 881 1258 901 omnes
1272 874 1304 901 et
1316 870 1430 901 omnia
1443 881 1555 901 eorum
1568 870 1661 909 scire,
1675 881 1802 912 cognos-

482 925 552 946 cere
566 919 598 946 et
610 916 782 957 explorare
801 915 851 958 [n.
869 913 967 957 306].

351 991 381 1026 5.
415 983 477 1018 “Ei
499 993 588 1018 lmus
611 994 653 1018 ex
676 983 897 1022 senioribu8,”
914 983 1079 1025 significat
1101 985 1281 1016 societatem
1298 984 1382 1016 caeli
1402 995 1486 1026 quae
1501 988 1588 1026 prae
1604 985 1740 1026 reliquis
1765 986 1802 1016 in

480 1029 644 1070 sapientia
670 1029 722 1072 [n.
740 1029 842 1071 307];
870 1028 974 1062 “dl‘cH
994 1028 1083 1066 milri,
1102 1028 1150 1062 He
1175 1029 1281 1066 Πεΐο,”
1297 1028 1458 1070 significat
1481 1039 1522 1059 ne
1543 1029 1588 1060 sit
1609 1030 1703 1060 dolor
1724 1030 1803 1060 inde

487 1073 538 1116 [n.
550 1072 633 1115 308]
644 1084 654 1112 3
674 1072 774 1106 “ecce
788 1072 867 1106 vicii
876 1072 968 1111 Leo,”
978 1072 1140 1114 significat
1150 1073 1351 1111 Dominum,
1362 1073 1453 1115 quod
1459 1084 1501 1104 ex
1506 1074 1649 1114 propria
1652 1074 1803 1115 potentia

481 1117 710 1160 subjugaverit
725 1118 874 1159 inferna,
887 1122 918 1148 et
932 1118 1092 1159 redegerit
1106 1118 1220 1149 omnia
1238 1118 1276 1149 in
1293 1118 1390 1149 caelis
1406 1117 1443 1148 in
1460 1118 1611 1149 ordinem
1631 1118 1682 1160 [n.
1698 1117 1801 1160 309];

484 1166 553 1195 “ex
576 1160 666 1195 tribu
689 1161 855 1199 ιΙθΙηΙόαε,
881 1161 989 1194 Radix
1013 1161 1181 1199 Daridl‘s‚''
1200 1160 1361 1203 significat
1377 1166 1443 1203 per
1464 1162 1640 1193 Divinum
1664 1162 1802 1193 Bonum

482 1206 619 1238 unitum
642 1206 777 1237 Divino
802 1207 881 1237 Vero
904 1207 942 1238 in
965 1217 1024 1238 suo
1047 1206 1212 1238 Humano
1231 1206 1282 1249 [n.
1301 1205 1407 1248 310]:
1434 1205 1592 1249 “aperire
1616 1206 1751 1244 llbrum,
1770 1209 1806 1240 et

482 1251 620 1284 solvere
635 1252 767 1293 septem
784 1250 899 1294 sigilla
923 1250 1029 1294 ejus,''
1045 1250 1209 1292 significat
1225 1252 1315 1292 quod
1325 1251 1410 1282 sciat
1423 1255 1454 1282 et
1468 1255 1637 1293 cognoscat
1650 1262 1759 1283 omnes
1775 1256 1805 1282 et

484 1295 641 1337 singulos,
657 1299 688 1326 et
702 1295 918 1326 occultissima
935 1295 1085 1337 'cujusvis
1104 1295 1156 1338 [n.
1173 1294 1271 1337 311].

385 1390 526 1443 306.
557 1400 663 1438 [Vm.
679 1400 724 1439 4.]
754 1389 841 1430 “Et
871 1402 949 1443 eqo
982 1389 1124 1430 nobam
1157 1390 1337 1437 multum,
1373 1391 1481 1444 quod
1510 1399 1626 1431 nemo
1659 1391 1805 1444 dignus

310 1450 492 1491 inventus
521 1450 684 1503 aper-ire
716 1454 761 1491 et
789 1448 947 1504 [Βρομί
961 1450 1104 1491 librum
1133 1463 1212 1490 neo
1244 1450 1448 1503 inspicere
1477 1450 1802 1504 oum.¹'—Quod

309 1510 532 1565 significet
573 1511 765 1552 dolorem
811 1511 954 1553 cordis
993 1511 1044 1552 ob
1088 1511 1455 1553 inordinationem
1493 1518 1536 1553 et
1577 1512 1803 1553 interitum

308 1573 510 1623 omnium,
535 1574 580 1615 si
597 1588 718 1615 nemo
736 1581 891 1627 posset
909 1588 1054 1615 omnes
1075 1580 1117 1615 et
1140 1574 1286 1615 omnia
1306 1589 1453 1615 eorum
1475 1575 1601 1625 scire,
1625 1589 1802 1628 cognos-

309 1652 401 1678 cere
419 1643 462 1678 et
484 1637 735 1690 explorare,
760 1643 944 1678 constat
967 1651 1026 1678 ex
1049 1637 1380 1691 significatione
1406 1638 1580 1680 “flere’'
1602 1639 1722 1692 quod
1745 1639 1802 1680 sit

309 1700 477 1749 dolere,
501 1701 606 1741 inde
630 1700 772 1741 “flere
799 1700 1023 1741 multum''
1046 1707 1115 1741 est
1138 1700 1293 1742 dolere
1319 1715 1379 1742 ex
1405 1702 1542 1742 corde
1568 1716 1646 1742 seu
1672 1702 1802 1742 dolor

311 1764 485 1814 cordis;
518 1761 672 1817 fflquod
695 1764 753 1804 sit
776 1764 835 1804 ob
856 1764 1238 1804 inordinationem
1261 1770 1307 1805 et
1329 1765 1562 1806 interitum
1585 1765 1799 1813 omnium,

309 1827 535 1880 sequitur:
570 1833 616 1867 et
639 1841 699 1867 ex
722 1826 1052 1879 significatione
1074 1826 1231 1880 “quod
1254 1840 1389 1867 nemo
1407 1827 1569 1880 dignus
1592 1827 1802 1868 inventus

307 1890 479 1943 aperire
504 1895 551 1931 et
577 1889 727 1943 legere
743 1888 914 1930 'librum
936 1902 1018 1930 nec
1045 1890 1266 1943 inspicere
1289 1890 1431 1938 eum‚''
1453 1890 1574 1944 quod
1597 1891 1655 1931 sit
1681 1891 1801 1944 quod

306 1965 445 1993 nemo
467 1951 571 1993 talis
597 1954 655 1994 sit
681 1958 730 1994 ut
757 1954 869 1993 scire
896 1953 1039 2006 possit
1062 1958 1210 1993 status
1232 1953 1354 1993 vitae
1379 1954 1579 1994 omniurn
1606 1954 1649 1994 in
1677 1966 1802 1994 com-

309 2016 431 2056 muni
461 2021 508 2056 et
540 2015 818 2069 singulorum
850 2016 894 2056 in
931 2015 1189 2069 particulari
1224 2014 1300 2069 (de
1331 2029 1419 2069 qua
1450 2029 1596 2069 supra,
1630 2029 1671 2056 n.
1707 2027 1800 2069 303,

312 2077 485 2132 304[a])
497 2093 506 2130 ;
534 2092 612 2119 seu
628 2079 748 2132 quod
771 2079 904 2127 idem,
925 2078 1044 2132 quod
1063 2091 1197 2119 nemo
1216 2078 1320 2119 talis
1338 2079 1396 2120 sit
1415 2080 1626 2133 ut‘possit
1644 2093 1802 2120 omnes

311 2148 358 2183 et
395 2143 547 2183 omnia
584 2155 737 2183 eorum
774 2142 901 2190 scire,
941 2154 1220 2194 cognoscere
1257 2148 1303 2183 et
1341 2141 1592 2195 explorare.
1669 2141 1803 2195 Quod

310 2205 478 2246 attinet
503 2204 709 2246 dolorem
742 2205 888 2246 cordis
923 2203 1016 2259 (qui
1048 2203 1327 2257 significatur
1358 2218 1438 2258 per
1466 2204 1666 2246 “flebam
1689 2205 1803 2245 mul-

308 2267 458 2322 tum”)
491 2268 550 2308 ob
581 2267 965 2308 inordinationem
999 2273 1045 2308 et
1081 2265 1316 2308 interitum
1348 2268 1562 2317 omnium,
1597 2269 1633 2308 si
1670 2279 1803 2309 nemo

309 2330 415 2371 talis
437 2331 494 2371 sit
517 2336 566 2372 ut
593 2332 737 2384 possit
763 2343 922 2371 omnes
948 2336 994 2371 et
1018 2331 1171 2371 omnia
1193 2343 1348 2372 eorum
1371 2332 1498 2380 scire,
1523 2344 1804 2384 cognoscere

309 2399 356 2435 et
384 2393 637 2447 explorare,
665 2393 801 2434 velim
833 2394 986 2447 paucis
1012 2406 1244 2446 exponere
1262 2394 1401 2435 :—Ut
1427 2393 1603 2435 caelum
1630 2394 1803 2447 angeli—

309 2468 411 2497 cum
442 2457 615 2497 existat
641 2462 688 2497 et
715 2456 948 2505 subsistat,
977 2462 1108 2497 erunt
1135 2457 1286 2497 omnia
1317 2456 1376 2497 ibi
1407 2458 1451 2497 in
1478 2457 1661 2508 ordine;
1694 2457 1804 2497 illud

308 2519 442 2567 enim,
475 2519 559 2559 nisi
595 2519 639 2559 in
677 2518 834 2559 ordine
870 2519 999 2568 foret,
1034 2519 1352 2572 dissiparetur:
1397 2519 1573 2560 caelum
1610 2533 1805 2573 namque

309 2582 565 2636 angelicum
592 2580 855 2622 distinctum
882 2587 952 2623 est
978 2582 1022 2622 in
1049 2583 1309 2631 societates,
1338 2588 1384 2624 et
1411 2584 1658 2624 societates
1684 2584 1804 2624 ordi-

310 2652 445 2686 natae
471 2651 576 2686 sunt
603 2644 850 2686 secundum
877 2643 1137 2686 affectiones
1163 2646 1255 2686 veri
1287 2651 1333 2686 et
1365 2646 1485 2695 boni,
1514 2652 1560 2687 et
1587 2645 1672 2687 hae
1699 2653 1804 2687 sunt

273 2705 280 2712 ’
310 2707 584 2762 multiplices
615 2714 663 2749 et
694 2708 981 2759 innumerae3
1015 2708 1127 2749 haec
1159 2709 1385 2750 ordinatio
1417 2711 1546 2750 unice
1575 2710 1804 2762 dependet

310 2785 369 2812 ex
387 2770 563 2811 infinita
580 2770 814 2824 Sapientia
831 2770 977 2812 Unius
999 2772 1072 2824 qui
1095 2772 1179 2812 scit
1199 2773 1362 2821 omnia,
1382 2774 1622 2826 cognoscit
1638 2773 1802 2820 omnia,

310 2840 356 2875 et
379 2833 591 2887 explorat
614 2834 779 2883 omnia,
799 2840 846 2875 et
869 2834 973 2875 inde
995 2834 1194 2887 disponit
1218 2841 1264 2875 et
1286 2835 1466 2876 ordinat
1490 2836 1653 2876 omnia.
1718 2834 1804 2875 Hic

310 2896 440 2938 Unus
458 2903 527 2937 est
547 2896 667 2937 solus
687 2896 908 2937 Dominus
925 2911 934 2948 3
967 2903 1243 2951 quapropter
1259 2898 1303 2938 in
1319 2898 1474 2939 Verbo
1492 2898 1668 2946 dicitur,
1684 2898 1805 2951 quod

311 2959 402 3013 Ipsi
423 2959 651 3012 judicium,
679 2960 889 3014 quodque
916 2959 1006 3013 Ipsi
1032 2966 1239 3013 potestas
1266 2961 1310 3001 in
1337 2960 1474 3001 caelis
1502 2967 1548 3001 et
1574 2961 1618 3001 in
1645 2961 1803 3010 terris;

311 3029 356 3064 et
380 3022 465 3072 hic,
485 3022 604 3076 quod
631 3022 771 3076 “Ipse
794 3024 1019 3077 acceperit
1043 3023 1202 3064 librum
1226 3030 1271 3065 et
1295 3023 1480 3064 solverit
1504 3022 1652 3077 sigilla
1674 3022 1805 3076 ejus.”
