2060 3476
310 351 396 394 404
722 350 1055 384 APOCALYPSIS
1087 351 1385 384 EXPLICATA.

312 462 472 511 cordis,
500 461 586 504 hoc
614 468 699 512 est,
727 463 917 504 amoris:
950 463 1042 505 sive
1069 463 1192 505 dicas
1218 476 1296 504 cor
1321 463 1413 504 sive
1436 475 1651 513 amorem,
1674 463 1794 506 idem

311 532 381 566 est
413 539 465 567 ac
498 526 677 579 spiritus
707 526 848 567 vitam
878 526 994 567 inde.
1056 525 1199 581 Quod'
1221 539 1348 567 amor
1377 525 1512 567 faciat
1537 526 1679 568 vitam
1709 525 1793 567 ho-

312 589 457 638 minis,
485 589 671 642 quisque
702 595 856 642 potest
883 589 996 630 scire
1022 595 1068 630 et
1094 588 1260 637 videre,
1288 589 1324 629 si
1356 588 1492 629 modo
1517 588 1614 630 vult
1640 594 1793 630 atten-

310 651 442 702 dere;
476 665 580 693 narn
598 651 702 705 quid
724 651 862 693 homo
880 652 1048 705 absque
1071 651 1252 692 amore?
1285 664 1434 692 nonne
1457 650 1626 704 stipes?
1683 651 1794 692 Inde

310 714 453 767 qualis
484 725 610 755 amor
640 713 744 755 talis
773 714 927 764 homo.
989 713 1135 754 Amor
1166 719 1236 754 est
1267 712 1386 754 velle
1416 719 1463 754 et
1494 713 1654 762 facere,
1688 726 1792 755 nam

310 777 430 830 quod
461 776 600 818 homo
625 782 748 818 amat
780 776 865 818 hoc
893 775 990 817 vult
1022 782 1069 817 et
1099 775 1219 816 facit.
1281 775 1390 816 Idea
1415 776 1470 817 de
1501 774 1622 817 bono
1648 775 1792 816 chari-

309 840 418 880 tatis
440 846 486 880 et
510 840 565 881 de
587 853 693 880 vero
716 838 817 880 fidei
842 839 1021 880 formari
1047 844 1200 892 potest
1223 838 1411 882 exsolis
1434 837 1532 879 luce
1557 844 1605 879 et
1627 837 1790 879 calore.

309 901 411 944 Lux
434 916 548 956 quae
574 902 779 956 procedit
802 915 861 943 ex
884 901 979 942 sole
1006 914 1107 942 cum
1133 899 1372 954 conjun&a
1397 907 1467 943 est
1497 900 1648 949 calori,
1672 900 1792 955 quod

308 965 357 1006 fit
380 971 585 1018 tempore
607 965 722 1006 veris
744 971 790 1005 et
813 964 1016 1012 aestatis,
1037 970 1143 1005 tunc
1168 964 1318 1005 omnia
1341 963 1512 1006 telluris
1534 964 1792 1017 germinant

307 1034 354 1069 et
380 1028 566 1077 florent;
599 1034 646 1068 at
674 1040 774 1068 cum
803 1027 847 1067 in
880 1026 978 1067 luce
1004 1040 1094 1067 non
1121 1032 1191 1068 est
1218 1026 1354 1075 calor,
1383 1033 1430 1067 ut
1458 1032 1664 1080 tempore
1695 1026 1790 1068 hie-

307 1091 404 1138 mis,
429 1097 535 1132 tunc
560 1091 710 1131 omnia
732 1089 905 1131 telluris
928 1095 1117 1143 torpent,
1139 1095 1185 1130 et
1212 1090 1513 1130 emoriuntur:
1547 1090 1684 1130 etiam
1711 1089 1790 1130 lux

308 1154 549 1207 spiritualis
580 1159 650 1194 est
682 1166 836 1194 verum
868 1151 984 1201 fidei,
1017 1158 1064 1194 et
1095 1151 1219 1194 calor
1249 1152 1489 1206 spiritualis
1520 1158 1590 1194 est
1622 1153 1790 1195 bonum

307 1215 555 1257 charitatis.
616 1215 691 1256 Ex
708 1215 778 1256 his
794 1215 895 1256 idea
911 1215 1088 1256 formari
1107 1221 1261 1269 potest
1281 1215 1336 1256 de
1354 1214 1535 1259 homine
1554 1215 1787 1265 ecclesiae,

306 1278 450 1332 qualis
472 1278 548 1320 ille
570 1285 640 1320 est
662 1278 843 1333 quando
864 1278 983 1332 apud
1008 1277 1133 1319 illum
1156 1277 1394 1331 conjuncta
1417 1285 1486 1320 est
1513 1278 1622 1320 fides
1645 1279 1790 1320 chari-

306 1342 405 1390 tati,
433 1342 552 1395 quod
584 1354 747 1395 nempe
778 1341 837 1382 sit
868 1341 984 1382 sicut
1015 1340 1174 1382 hortus
1205 1347 1252 1382 et
1284 1341 1540 1394 paradisus;
1573 1348 1619 1383 et
1648 1341 1790 1396 qualis

305 1403 380 1444 ille
407 1404 589 1458 quando
619 1404 737 1458 apud
769 1403 894 1446 illum
926 1417 1016 1444 non
1048 1401 1287 1457 conjunem
1318 1410 1388 1445 est
1420 1403 1529 1446 fides
1561 1404 1788 1456 charitati,

305 1467 424 1520 quod
449 1468 507 1509 sit
533 1468 649 1508 sicut
675 1467 903 1508 desertum
930 1473 975 1508 et
1002 1473 1121 1508 terra
1146 1467 1247 1508 nive
1273 1465 1469 1508 obtecta.

382 1530 588 1585 252[a].
626 1531 705 1572 “ft
722 1531 876 1572 cenabo
891 1544 981 1572 cum
1000 1531 1082 1579 illo,
1098 1535 1143 1572 et
1158 1531 1225 1572 illo
1246 1530 1632 1584 Mecum.''—Quod
1649 1532 1788 1586 signi-

303 1591 408 1636 ficet
432 1593 853 1634 communicationem
876 1607 970 1633 cum
996 1593 1059 1634 eis
1078 1592 1349 1645 felicitatum
1373 1592 1491 1642 caeli,
1521 1599 1703 1635 constat
1729 1608 1789 1636 ex

303 1655 631 1709 significatione
660 1656 898 1706 “cenare,”
924 1655 1044 1710 quod
1072 1656 1131 1697 sit
1157 1656 1489 1698 communicare
1515 1656 1634 1698 bona
1660 1657 1786 1699 caeli.

303 1717 438 1772 Quod
456 1722 654 1760 “cenare
666 1718 684 1734 ’‘
699 1719 756 1760 sit
778 1718 856 1759 illa
879 1719 1311 1768 communicare‚est
1333 1719 1436 1772 quia
1452 1720 1787 1762 “comessatio-

302 1781 422 1830 neS,’'
439 1785 464 1802 “
476 1781 721 1831 convivia,”
738 1785 762 1802 “
776 1781 985 1836 prandia”
1002 1788 1049 1823 et
1070 1784 1095 1802 “
1108 1795 1247 1824 cenae
1259 1781 1278 1797 ”
1294 1782 1339 1823 in
1357 1781 1512 1823 Verbo
1529 1781 1786 1836 significant

301 1845 665 1886 consociationes
691 1858 770 1898 per
794 1857 1008 1893 amorem,
1033 1850 1080 1886 et
1106 1844 1210 1886 inde
1237 1845 1695 1886 communicationem
1717 1845 1786 1900 ju-

301 1907 550 1948 cundorum
582 1921 697 1962 quae
729 1908 908 1956 amoris,
934 1921 1038 1948 nam
1069 1908 1220 1949 omnia
1245 1907 1443 1960 jucunda
1474 1914 1577 1949 sunt
1608 1909 1785 1950 amoris.

300 1969 508 2012 Trahunt
523 1970 599 2011 illa
610 1970 990 2024 significationem
1006 1985 1066 2011 ex
1081 1984 1196 2024 pane
1212 1977 1258 2012 et
1269 1971 1388 2019 vino,
1401 1984 1514 2025 quae
1529 1970 1786 2024 significant

299 2032 467 2074 bonum
485 2034 649 2075 amoris
671 2033 881 2075 caelestis
904 2039 950 2074 et
972 2032 1228 2087 spiritualiS,
1248 2039 1294 2074 et
1317 2047 1376 2074 ex
1394 2033 1645 2083 comedere,
1664 2034 1785 2088 quod

299 2095 523 2149 significat
547 2097 1006 2138 communicationem
1029 2102 1075 2137 et
1093 2096 1530 2150 appropriationem;
1562 2086 1674 2138 haec
1693 2097 1785 2151 sig-

299 2157 558 2200 nificaverat
591 2159 698 2200 olim
732 2158 856 2200 Cena
888 2158 1131 2207 Paschalis,
1166 2165 1211 2200 et
1244 2158 1356 2199 haec
1393 2158 1527 2200 hodie
1560 2159 1785 2214 significat

298 2219 467 2261 sansta
489 2219 615 2261 Cena
638 2231 797 2269 (videatur
809 2240 914 2268 supra,
930 2240 961 2261 n.
984 2219 1079 2272 146;
1108 2235 1139 2260 et
1153 2231 1186 2260 in
1201 2230 1358 2260 Doctrina
1373 2231 1481 2260 Novae
1497 2231 1738 2270 Hierosolymae.
1754 2241 1785 2262 n.

297 2290 464 2329 210—222).
523 2279 658 2332 Quod
687 2283 888 2320 “cenare
901 2279 920 2294 ”
946 2280 1138 2328 dicatur,
1165 2285 1236 2320 est
1267 2280 1370 2333 quia
1395 2280 1582 2333 nuptiae
1612 2279 1784 2322 fiebant

297 2342 478 2396 quando
501 2355 626 2390 cena,
651 2347 697 2382 et
725 2355 803 2395 per
827 2342 1045 2395 “nuptias
1056 2341 1076 2356 ”
1097 2340 1374 2394 significatur
1396 2339 1652 2394 conjunfflo
1678 2342 1785 2384 boni

297 2411 344 2446 et
365 2405 471 2452 veri,
492 2410 539 2445 et
561 2410 667 2445 tunc
688 2405 1040 2446 communicatio
1057 2403 1369 2458 jucundorum.
1421 2404 1532 2447 Inde
1555 2404 1718 2446 dicitur
1738 2406 1783 2446 in

295 2466 583 2521 Apocalypsi,

454 2554 477 2568 “
488 2553 588 2585 Beati
604 2553 663 2595 qui
679 2553 724 2586 ad
740 2563 864 2586 cenam
883 2554 1085 2595 nuptiarum
1102 2553 1198 2595 Agni
1216 2553 1332 2586 vocati
1347 2560 1431 2586 sunt
1442 2553 1460 2565 '’
1476 2553 1561 2594 (xix.
1577 2553 1631 2595 9);

295 2634 342 2671 et
368 2628 487 2677 dein,
501 2634 506 2642 ²

453 2706 475 2720 ‘⁸
487 2705 616 2737 Venite
633 2712 668 2737 et
683 2705 953 2746 congregamini
970 2705 1015 2737 ad
1031 2706 1156 2737 cenam
1173 2704 1294 2746 magni
1313 2705 1380 2737 Dei
1391 2705 1411 2718 ’'
1428 2705 1533 2746 (vers.
1552 2705 1616 2747 17).

292 2791 416 2846 Quia.
445 2792 651 2834 “cenae”
682 2792 939 2846 significant
977 2786 1338 2835 consociationes
1374 2807 1453 2847 per
1483 2805 1697 2842 amorem,
1732 2798 1779 2834 et

294 2862 401 2897 tunc
433 2856 892 2896 communicationem
919 2855 1229 2909 jucundorum,
1262 2855 1364 2897 ideo
1400 2855 1620 2902 Dominus
1651 2858 1778 2896 com·

294 2919 468 2972 paravit
485 2918 723 2959 ecclesiam
741 2925 787 2959 et
806 2918 981 2960 caelum
1000 2932 1140 2960 cenae
1157 2924 1203 2960 et
1221 2932 1398 2972 quoque
1416 2918 1581 2971 nuptiis
1597 2931 1607 2969 ;
1637 2930 1777 2959 cenae

294 2982 413 3035 apud
438 2981 614 3031 Lucam,
