2060 3476
687 351 906 392 CAP.111.,
929 351 1069 383 VERS.
1095 351 1239 395 3.—N.
1268 353 1358 396 194.
1686 353 1768 396 273

273 474 509 515 9306·10431)·
567 462 704 517 Quod
731 462 883 504 “hora
895 462 915 478 '’
936 463 1077 503 etiam
1102 461 1331 516 significet
1357 467 1547 511 statum,
1573 467 1645 502 est
1670 462 1775 516 quia

275 526 429 568 omnia
450 532 660 579 tempora
680 526 725 566 in
739 524 910 573 Verbo,
931 525 1046 565 sicut
1070 524 1180 572 dies,
1200 524 1470 577 septimana,
1491 524 1673 571 mensis,
1693 536 1774 564 an-

275 603 372 638 nuS‚
396 588 641 637 saeculum,
661 587 919 642 significant
937 593 1087 628 status
1103 588 1253 637 vitae;
1286 588 1351 628 ita
1373 600 1550 640 quoque
1571 586 1722 627 “hora
1739 586 1774 626 :''

275 652 385 689 (causa
398 652 543 681 vidoetur
556 652 588 680 in
603 660 700 689 opere
716 651 767 680 De
785 651 876 680 Caelo
889 654 921 679 et
934 651 1071 688 Inferna,
1087 659 1118 679 n.
1138 650 1286 687 162-169,
1302 650 1359 678 ubi
1383 650 1433 678 De
1447 650 1609 686 Tempore
1623 649 1655 677 in
1671 649 1776 679 Caelis

271 708 408 746 agnum)
439 698 520 738 sed
542 698 646 751 quia
666 696 849 737 “hora”
866 695 1095 749 significat
1118 702 1164 736 et
1187 702 1369 749 tempus
1391 701 1438 736 et
1461 701 1651 744 statum,
1670 695 1775 736 ideo

275 761 320 800 in
343 760 500 800 Verbo
522 759 595 800 ubi
621 759 770 800 “hora
781 758 800 774 '³
823 758 999 807 dicitur,
1024 771 1180 811 parum
1203 758 1305 798 sciri
1331 763 1486 811 potest
1510 757 1630 810 quod
1653 756 1773 797 aliud

228 860 238 875 ,
273 829 454 876 praeter
475 829 655 876 tempus
677 836 756 876 per
777 821 902 862 illam
924 820 1203 874 significetur
1221 834 1229 860 :
1263 827 1313 861 ut
1336 820 1455 874 apud
1476 820 1772 869 Matthaeum,

341 911 603 943 Paterfamilias
629 911 800 943 conduxit
825 911 1008 951 operarios
1038 911 1074 941 in
1099 910 1264 947 vineam:
1299 910 1358 951 qui
1384 910 1591 941 laborarunt
1616 910 1661 940 ab
1687 909 1776 940 hora

447 956 563 992 tertia,
583 962 695 991 sexta,
716 965 824 992 nona,
844 955 1045 992 undecima,
1062 960 1098 985 et
1114 964 1235 994 parem
1254 954 1455 985 mercedem
1471 959 1684 994 acceperunt
1700 954 1771 993 (xx.

450 999 568 1040 1-17);

272 1089 351 1129 per
381 1075 586 1116 “horas’'
617 1075 700 1115 has
731 1076 775 1115 in
808 1074 977 1115 mundo
1009 1074 1329 1128 intelliguntur
1360 1081 1583 1127 tempora,
1617 1074 1697 1115 sed
1729 1075 1771 1115 in

271 1138 400 1180 caelo
422 1145 571 1179 status
593 1139 742 1189 vitae;
775 1139 877 1191 quia
903 1139 947 1178 in
974 1137 1103 1178 caelo
1130 1151 1220 1178 non
1243 1143 1349 1178 sunt
1376 1137 1529 1185 horae,
1554 1152 1614 1178 ex
1637 1151 1771 1178 causa

271 1202 374 1256 quia
391 1207 598 1256 tempora
613 1214 703 1242 non
719 1200 1038 1242 mensurabilia
1053 1207 1158 1242 sunt
1177 1207 1223 1241 et
1239 1201 1582 1254 distinguuntur
1597 1202 1641 1241 in
1660 1201 1770 1249 dies,

270 1271 317 1306 et
339 1265 384 1306 hi
407 1266 451 1306 in
469 1265 617 1314 horas,
634 1270 683 1305 ut
701 1265 746 1305 in
764 1263 934 1304 mundo
953 1278 962 1314 ;
990 1278 1127 1317 quare
1146 1278 1226 1317 pro
1244 1263 1331 1304 illis
1351 1264 1604 1317 percipiunt
1623 1270 1773 1305 status

269 1329 391 1369 vitae
414 1328 647 1369 hominum
670 1328 743 1381 qui
767 1327 1018 1367 moriuntur
1041 1341 1186 1376 senes,
1207 1326 1410 1380 juvenes,
1435 1326 1771 1374 adolescentes.

269 1398 348 1433 aut
380 1393 517 1446 pueri,
546 1392 619 1445 qui
650 1405 792 1444 aeque
825 1390 1106 1444 spiritualem
1133 1391 1275 1431 vitam
1308 1390 1391 1431 sibi
1423 1397 1769 1444 compararunt:

272 1454 516 1496 “laborare
538 1455 582 1495 in
604 1455 736 1495 vinea
747 1453 767 1469 ”
785 1460 856 1494 est
879 1453 1003 1494 illam
1027 1453 1110 1493 sibi
1133 1466 1397 1506 comparare
1420 1467 1499 1507 per
1519 1453 1772 1507 applicatas

269 1509 556 1572 cognitiones
577 1518 670 1558 veri
693 1523 739 1558 et
762 1517 868 1558 boni
891 1531 950 1558 ex
974 1516 1130 1557 Verbo
1154 1517 1210 1557 ad
1237 1530 1341 1556 usus
1365 1517 1512 1567 vitae;
1547 1531 1626 1570 per
1651 1517 1771 1558 “ho-

268 1595 364 1622 ram
396 1580 620 1629 tertiam,''
649 1580 902 1621 “sextam’'
928 1586 974 1621 et
1005 1583 1213 1620 “nonam
1228 1579 1247 1594 ’⁵
1279 1579 1436 1620 similis
1469 1586 1618 1620 status
1649 1581 1771 1622 vitae

269 1644 574 1699 significatur;
617 1658 722 1685 nam
754 1658 913 1686 omnes
945 1645 1117 1685 numeri
1149 1645 1193 1685 in
1226 1644 1383 1685 Verbo
1415 1643 1690 1698 significant,
1724 1652 1771 1686 et

268 1706 334 1747 illl
364 1707 539 1747 numeri
569 1706 730 1746 Simile.
803 1717 916 1755 (Quod
937 1713 1087 1745 ‘'vinea''
1108 1717 1141 1745 in
1160 1717 1270 1745 Verbo
1289 1717 1444 1753 significet
1463 1717 1629 1755 ecclesiam
1649 1717 1774 1754 spiritu-

267 1768 360 1802 alem,
376 1772 407 1797 et
421 1768 508 1805 apud
522 1768 686 1796 hominem
699 1768 794 1796 vitam
810 1767 1014 1805 spiritualem,
1027 1767 1172 1796 videatur
1186 1776 1217 1796 n.
1230 1776 1319 1804 9139,
1333 1776 1428 1804 322ο;
1452 1768 1541 1804 quod
1554 1770 1570 1781 ¹¹
1581 1767 1666 1796 t1·ia''
1678 1768 1774 1805 signi-

267 1815 362 1845 ficent
373 1819 489 1844 statum
504 1815 646 1852 plenum,
659 1824 715 1844 seu
726 1815 923 1852 completum
935 1824 1036 1852 usque
1047 1816 1090 1844 ad
1105 1815 1213 1848 finem,
1226 1824 1257 1844 n.
1272 1816 1360 1851 2788,
1373 1822 1464 1851 4495,
1477 1822 1566 1852 7715,
1580 1817 1669 1852 8347,
1681 1817 1771 1852 9825.

267 1862 375 1892 Simile
390 1865 407 1876 '⁴
417 1862 500 1891 sex''
516 1867 548 1891 et
563 1865 580 1876 ‘¹
591 1862 740 1892 novem.''
784 1865 801 1876 '⁴
814 1863 972 1894 Undecim
982 1862 999 1871 ”
1015 1867 1123 1891 autem
1138 1862 1317 1899 significant
1331 1866 1447 1890 statum
1463 1863 1608 1891 nondum
1630 1863 1772 1900 plenum,

266 1909 322 1938 sed
337 1918 438 1946 usque
453 1914 570 1938 statum
586 1909 810 1947 receptibilem,
827 1909 929 1946 qualis
944 1914 990 1938 est
1004 1910 1091 1946 apud
1113 1918 1231 1946 pueros
1244 1909 1363 1946 probos
1379 1913 1409 1937 et
1424 1909 1568 1938 infantes.
1612 1913 1629 1923 ‘⁴
1642 1910 1773 1939 Duode-

266 1956 349 1986 cima
361 1956 472 1991 hora,''
485 1957 528 1986 ad
539 1966 636 1994 quam
648 1966 760 1986 omnes
772 1957 967 1990 laborarunt,
981 1955 1169 1994 msignifieat
1180 1965 1255 1985 vera
1269 1961 1300 1985 et
1314 1957 1401 1986 bona
1415 1957 1447 1985 in
1463 1965 1521 1985 suo
1536 1957 1642 1994 pleno,
1658 1966 1688 1986 n.
1702 1964 1771 1994 577,

267 2005 355 2041 2089,
367 2012 455 2041 2129,
467 2013 556 2041 2130,
566 2013 656 2042 3272,
667 2006 756 2042 3858,
767 2013 857 2042 3913.
901 2004 999 2041 Quod
1014 2013 1126 2032 omnes
1138 2003 1261 2032 numeri
1273 2004 1306 2032 in
1317 2004 1426 2032 Verbo
1437 2003 1624 2040 significent,
1638 2013 1668 2033 n.
1680 2012 1771 2041 4495,

267 2048 391 2088 [¹14670‚
407 2051 497 2088 5265,
509 2051 598 2088 6175,
611 2053 701 2089 9488,
714 2051 803 2088 9659,
818 2059 926 2087 10217,
942 2058 1056 2088 10253:
1079 2055 1111 2079 et
1125 2051 1213 2088 quod
1227 2051 1329 2080 simile
1344 2051 1467 2079 numen'
1484 2051 1682 2088 multiplicati
1697 2060 1771 2080 cum

265 2098 461 2136 simplicibus
482 2108 502 2128 a
522 2099 637 2136 quibus
658 2108 715 2137 per
736 2099 1030 2137 multiplicationem
1053 2103 1236 2136 exsurgunt,
1259 2099 1334 2127 inde
1355 2099 1456 2128 simile
1473 2098 1591 2132 ‘'tria‚''
1609 2099 1724 2133 ‘'sex,''
1741 2103 1773 2128 et

266 2144 445 2183 “novem,''
460 2157 491 2179 n.
508 2156 598 2186 5291,
614 2156 703 2187 5335,
719 2151 809 2185 5708,
825 2149 930 2187 7973.)
989 2137 1219 2191 Quoniam
1248 2142 1274 2158 “
1288 2137 1564 2178 duodecim„
1595 2137 1769 2190 Signifi-

266 2206 373 2240 cant
395 2215 501 2242 vera
527 2207 573 2241 et
599 2201 720 2241 bona
745 2201 789 2241 in
816 2214 897 2240 suo
923 2199 1073 2254 pleno,
1099 2201 1162 2241 ita
1189 2206 1362 2240 statum
1391 2199 1502 2240 lucis
1524 2213 1602 2240 seu
1630 2199 1766 2241 intel-

267 2263 483 2316 ligentiae
510 2263 704 2304 hominis
730 2277 790 2305 ex
817 2263 918 2312 illis,
947 2263 1050 2304 ideo
1077 2262 1300 2303 Dominus
1328 2263 1452 2311 dicit,

335 2348 711 2435 “Northhduc-›depim
734 2349 844 2381 horae
861 2349 954 2382 diei?
999 2349 1035 2380 Si
1051 2349 1131 2390 quis
1154 2349 1312 2380 ambulat
1338 2349 1373 2380 in
1399 2348 1467 2386 die,
1489 2359 1562 2380 non
1589 2348 1741 2381 offendit
1750 2348 1770 2361 ''

487 2404 505 2423 o
533 2417 540 2425 .
556 2403 604 2425 X1.
620 2403 641 2434 9
667 2404 675 2425 :

265 2469 371 2511 alibi
402 2470 541 2511 etiam
573 2483 651 2523 per
685 2469 888 2511 “horas‘’
920 2469 1232 2523 significantur
1264 2476 1414 2511 status
1446 2470 1596 2511 vitae:
1641 2476 1690 2511 ut
1722 2470 1768 2511 in

264 2532 554 2587 Apocalypsi,

301 2619 309 2627 ⁰
333 2618 480 2651 “Soluti
504 2624 589 2650 sunt
604 2624 756 2660 quatuor
771 2619 822 2651 illi
845 2620 977 2660 angeli,
997 2619 1112 2660 parati
1132 2620 1177 2652 ad
1201 2619 1338 2658 horam,
1359 2620 1405 2651 ad
1429 2619 1524 2651 diem
1545 2625 1581 2651 et
1605 2629 1766 2651 mensem

439 2668 475 2694 et
490 2672 637 2701 annum,
656 2669 696 2694 ut
711 2663 874 2695 occidant
890 2663 1031 2695 tertiam
1050 2669 1187 2704 partem
1203 2663 1390 2695 hominum
1401 2663 1419 2675 ''
1437 2663 1497 2704 (ix.
1518 2664 1590 2704 15);

262 2752 335 2794 hic
362 2766 442 2806 per
466 2757 675 2805 tempora
700 2758 953 2793 memorata
983 2752 1302 2806 intelliguntur
1328 2759 1478 2794 status
1505 2753 1611 2794 mali
1643 2752 1763 2807 apud

263 2815 508 2863 hominem,
528 2815 648 2868 quod
670 2815 896 2856 videbitur
916 2817 961 2856 in
983 2815 1294 2870 explicatione
1317 2816 1497 2857 illorum
1521 2817 1762 2858 verborum

262 2879 307 2920 in
329 2878 635 2932 sequentibus.
696 2878 771 2919 Ex
793 2877 862 2919 his
884 2892 1001 2920 nunc
1024 2885 1154 2933 patet
1176 2879 1299 2933 quod
1322 2893 1400 2933 per
1425 2884 1450 2900 ‘⁴
1465 2880 1652 2920 Nescies
1675 2893 1760 2932 qua

261 2940 373 2982 hora
394 2942 573 2982 veniam
595 2954 728 2994 super
750 2940 836 2990 te,”
854 2954 945 2982 non
967 2942 1104 2983 modo
1125 2942 1413 2996 intelligatur
1434 2943 1556 2996 quod
1580 2944 1761 2996 ignores

262 3009 442 3058 tempus
469 3004 641 3054 mortis,
669 3003 749 3044 sed
778 2999 917 3046 etiam
943 3011 1050 3046 tune
1077 3011 1251 3055 statum
1277 3007 1398 3047 vitae
1426 3019 1686 3046 mansurum
1717 3006 1758 3046 in
