2060 3476
351 345 434 389 628
769 355 1101 390 APOCALYPSIS
1131 357 1430 390 EXPLICATA.

352 466 560 522 potentia
582 468 820 510 resistendi
846 467 975 510 malis
1001 475 1047 511 et
1073 469 1194 511 falsis
1217 484 1330 524 quae
1356 469 1413 511 ab
1434 469 1631 521 infern03
1664 475 1710 511 et
1737 470 1838 524 quia

351 545 458 574 vera
489 537 535 572 et
567 531 686 572 bona
712 537 816 572 sunt
847 545 874 572 a
904 531 1003 573 solo
1035 532 1245 582 Domino,
1274 539 1320 573 et
1353 533 1498 573 omnis
1530 533 1737 586 potentia
1768 539 1838 574 est

351 594 468 634 veris
499 607 558 633 ex
589 593 724 642 bono,
758 607 893 647 quare
924 608 1003 647 per
1036 594 1294 647 “regnare’'
1325 593 1601 647 significatur
1632 595 1840 648 potentia

352 669 465 709 quae
483 655 567 696 soli
591 655 787 696 Domino
805 670 882 709 per
899 655 1111 696 Divinum
1131 656 1300 696 Verum
1319 657 1492 696 unitum
1512 656 1676 696 Divino
1695 656 1837 705 Bono,

352 724 398 759 et
435 717 539 758 inde
573 717 662 758 illis
699 718 906 771 potentia
942 718 1015 772 qui
1056 719 1100 758 in
1136 731 1278 771 regno
1316 718 1497 758 Domini
1533 717 1753 771 spirituali
1793 724 1839 759 et

352 778 539 820 caelesti
577 785 694 820 sunt.
757 779 844 832 Qui
882 793 970 820 non
1009 779 1211 820 Verbum
1248 781 1292 820 in
1329 793 1462 820 sensu
1499 780 1718 834 spirituali
1754 781 1839 822 rite

352 841 583 895 intelligit,
603 842 780 895 putabit
799 842 918 895 quod
941 842 1055 882 sicut
1074 855 1204 895 reges
1227 848 1273 883 et
1296 842 1556 883 sacerdotes
1578 842 1710 883 futuri
1733 843 1837 891 sint,

353 909 398 944 et
440 916 540 943 cum
582 903 779 944 Domino
818 904 1078 957 regnaturi;
1126 904 1205 945 sed
1246 905 1289 944 in
1330 917 1463 945 sensu
1504 904 1722 958 spirituali
1762 918 1841 958 per

356 965 554 1018 “reges''
579 965 896 1018 intelliguntur
920 979 1026 1006 vera
1057 971 1103 1007 et
1129 979 1207 1020 per
1235 966 1563 1007 “sacerdotes'’
1591 966 1710 1007 bona
1735 967 1838 1007 abs-

352 1026 496 1068 traEte
518 1041 544 1068 a
570 1029 786 1081 personiS‚
811 1042 887 1068 seu
910 1029 953 1068 in
977 1029 1179 1081 personis
1204 1042 1230 1069 a
1257 1028 1480 1079 Domino;
1513 1028 1616 1069 inde
1639 1029 1840 1082 sequitur

352 1090 471 1142 quod
489 1103 594 1130 vera
617 1104 675 1130 ex
698 1090 818 1130 bono
840 1097 1084 1143 regnatura
1106 1091 1210 1139 sint,
1230 1091 1294 1132 ita
1316 1090 1438 1132 solus
1462 1091 1682 1131 Dominus
1704 1105 1730 1132 a
1751 1104 1840 1145 quo

351 1151 441 1192 illa.
515 1151 685 1205 Angeli
717 1152 896 1206 quidem
928 1154 972 1193 in
1004 1165 1171 1206 magna
1202 1154 1408 1207 potentia
1439 1159 1558 1202 sunt,
1591 1153 1670 1194 sed
1701 1167 1839 1207 usque

353 1213 500 1254 nullus
527 1227 552 1254 a
578 1228 652 1265 se;
685 1215 824 1255 immo
846 1215 919 1268 qui
945 1215 988 1255 in
1015 1214 1142 1256 caelo
1168 1215 1310 1256 credit
1333 1215 1452 1269 quod
1479 1215 1522 1256 in
1549 1215 1756 1268 potentia
1782 1216 1840 1256 sit

352 1289 378 1316 a
404 1289 464 1323 se,
494 1282 728 1317 momento
754 1276 1013 1330 deprivatur
1038 1277 1128 1326 illa,
1153 1284 1199 1318 et
1226 1283 1332 1318 tunc
1361 1291 1539 1330 prorsus
1566 1276 1675 1318 nihil
1701 1276 1838 1318 valet.

354 1337 488 1391 Quod
519 1339 564 1379 in
593 1351 725 1379 sensu
758 1338 938 1380 litterae
964 1339 1140 1380 dicatur
1165 1339 1285 1393 quod
1315 1340 1582 1392 “regnaturi
1613 1338 1743 1388 sint,'’
1769 1345 1839 1380 est

352 1401 455 1454 quia
477 1414 634 1441 sensus
657 1400 837 1442 litterae
859 1407 928 1442 est
952 1401 1225 1455 personalis;
1259 1415 1394 1456 quare
1416 1414 1517 1442 cum
1540 1402 1583 1442 in
1606 1415 1660 1442 eo
1678 1402 1841 1443 dicitur

352 1463 472 1516 quod
501 1463 671 1504 “futuri
697 1464 786 1504 sint
813 1477 943 1517 reges
969 1470 1015 1505 et
1042 1463 1342 1513 sacerdotes,”
1368 1465 1506 1505 etiam
1532 1464 1695 1504 dicitur
1719 1464 1840 1518 quod

355 1527 623 1578 “regnaturi
641 1525 675 1576 ;”
706 1532 754 1567 at
780 1526 824 1566 in
850 1540 984 1567 sensu
1006 1526 1225 1580 spirituali
1248 1527 1428 1567 exuitur
1449 1539 1582 1567 omne
1605 1539 1838 1580 personae,

353 1594 399 1629 et
426 1588 531 1628 inde
553 1602 729 1642 quoque
756 1601 890 1629 omne
916 1588 1100 1629 dominii
1126 1589 1246 1642 quod
1272 1588 1372 1637 illis,
1396 1594 1442 1629 et
1468 1588 1732 1642 relinquitur
1757 1587 1840 1629 soli

353 1649 564 1690 Domino.
622 1649 748 1691 Haec
767 1650 972 1691 similiter
989 1664 1036 1691 se
1054 1650 1225 1692 habent
1243 1657 1375 1704 prout
1394 1649 1470 1691 illa
1487 1664 1601 1705 quae
1620 1650 1840 1691 Dominus

352 1711 409 1752 ad
436 1725 541 1752 suos
567 1711 809 1766 discipulos
835 1713 952 1753 dixit

419 1801 523 1843 Quod
540 1802 671 1833 sessuri
685 1811 791 1842 super
804 1801 989 1833 duodecim
1003 1802 1153 1841 thronis,
1169 1807 1204 1834 et
1220 1801 1406 1843 judicaturi
1420 1802 1606 1834 duodecim
1620 1801 1731 1834 tribus
1750 1801 1842 1834 Isra-

526 1845 590 1876 elis
614 1845 758 1886 (Matth.
772 1846 842 1878 xix.
858 1846 897 1877 28
912 1855 919 1884 ;
951 1846 1034 1878 Luc.
1049 1846 1131 1878 xxii.
1147 1845 1201 1887 30)
1215 1856 1222 1885 ;

353 1933 450 1967 tum
477 1941 590 1981 quae
618 1927 837 1968 Dominus
864 1928 981 1970 dixit
1007 1928 1064 1969 ad
1091 1928 1273 1970 Petrum

563 2010 667 2052 Quod
683 2011 715 2042 ei
733 2017 853 2043 essent
869 2011 986 2043 claves
1003 2012 1103 2053 regni
1120 2012 1299 2044 caelorum
1316 2011 1458 2053 (Mattk.
1473 2012 1543 2045 xvi.
1561 2011 1634 2053 19);

352 2109 431 2149 per
462 2109 575 2149 quae
611 2110 702 2137 non
738 2096 1009 2150 intelligitur
1045 2098 1165 2151 quod
1202 2097 1406 2152 discipuli
1442 2104 1488 2139 et
1525 2098 1644 2152 quod
1681 2099 1839 2140 Petrus

352 2157 476 2198 illam
507 2164 789 2211 potestatem
820 2158 1016 2200 habituri
1047 2161 1152 2209 sint,
1181 2160 1260 2201 sed
1286 2161 1405 2214 quod
1437 2160 1558 2201 solus
1591 2161 1838 2212 Dominus;

352 2221 564 2273 quoniam
606 2221 651 2261 in
691 2234 824 2261 sensu
868 2221 1087 2274 spirituali
1128 2236 1207 2275 per
1249 2223 1525 2264 “duodecim
1565 2223 1839 2277 discipulos'’

351 2281 668 2335 intelliguntur
690 2284 841 2323 omnia
863 2297 968 2323 vera
990 2290 1036 2324 et
1059 2284 1179 2325 bona
1201 2284 1419 2326 ecclesiae
1441 2299 1554 2339 quae
1577 2299 1603 2326 a
1626 2285 1836 2335 Domino,

351 2350 399 2385 et
430 2358 509 2398 per
537 2344 757 2385 “Petrum
770 2344 789 2359 ’'
814 2345 1083 2399 intelligitur
1108 2360 1262 2387 verum
1295 2361 1354 2387 ex
1383 2347 1504 2388 bono
1535 2348 1655 2401 quod
1686 2362 1712 2389 a
1744 2348 1839 2389 Do-

351 2404 489 2443 mino.
556 2413 667 2451 (Quod
686 2423 743 2452 per
758 2412 775 2422 ‘¹
787 2415 957 2452 discipulos
969 2415 984 2424 '¹
1001 2415 1216 2453 intelligantur
1230 2417 1338 2445 omnia
1353 2426 1427 2446 vera
1445 2422 1476 2446 et
1493 2417 1580 2446 bona
1593 2418 1744 2447 ecclesiae
1758 2426 1841 2455 quae

350 2476 371 2496 a
384 2467 534 2501 Domino.
547 2467 691 2496 videatur
702 2476 807 2505 supra,
820 2477 850 2498 n.
871 2468 959 2503 100,
978 2469 992 2498 1
1003 2468 1067 2498 22.
1123 2469 1220 2506 Quod
1234 2466 1250 2477 ‘⁸
1264 2470 1374 2498 Petrus
1385 2469 1402 2479 ⁰'
1415 2470 1569 2508 significet
1581 2479 1690 2499 verum
1703 2480 1742 2499 ex
1754 2471 1842 2500 bono

350 2520 439 2557 quod
454 2529 474 2549 a
489 2520 639 2554 Domino,
655 2520 687 2549 in
703 2521 858 2558 opusculo
874 2522 924 2550 De
945 2522 1061 2551 Ultimo
1079 2521 1222 2561 Judicio,
1238 2531 1269 2552 n.
1285 2530 1342 2560 57:
1369 2527 1400 2551 et
1414 2532 1518 2561 supra,
1534 2532 1564 2553 n.
1580 2525 1618 2565 9,
1635 2512 1728 2558 206,
1746 2523 1840 2565 209.

351 2568 450 2604 Quod
471 2569 574 2598 omnis
594 2569 735 2606 potentia
756 2569 795 2598 sit
809 2579 884 2599 vero
899 2579 937 2598 ex
958 2570 1045 2599 bono
1067 2571 1155 2607 quod
1177 2580 1196 2599 a
1218 2570 1369 2605 Domino,
1391 2571 1434 2600 ita
1455 2571 1512 2600 soli
1536 2572 1685 2606 Domino,
1702 2576 1733 2600 et
1754 2572 1842 2609 quod

322 2624 327 2630 ¹
350 2618 471 2655 angelis
490 2618 564 2647 inde
582 2619 734 2656 potentia,
754 2619 786 2647 in
806 2628 902 2656 opere
923 2620 973 2648 De
995 2620 1085 2649 Caelo
1103 2623 1133 2649 et
1151 2621 1287 2659 Inferno,
1307 2629 1338 2650 n.
1359 2621 1523 2659 228-233.)
1594 2610 1730 2663 Quod
1760 2624 1839 2664 per
1857 2646 1861 2655 ,

353 2668 678 2721 “regnabimus
691 2668 710 2683 '’
732 2670 869 2710 etiam
893 2669 1170 2722 significetur
1191 2671 1311 2724 quod
1336 2670 1423 2711 illis
1449 2672 1670 2724 sapientia
1696 2685 1722 2711 a
1744 2671 1838 2712 Do-

351 2731 487 2779 mino,
515 2732 586 2771 est
617 2732 720 2784 quia
750 2745 829 2784 per
857 2735 1024 2785 “reges
1037 2732 1056 2748 ”
1087 2739 1134 2773 et
1169 2733 1499 2774 “sacerdotes''
1531 2733 1841 2787 significantur

349 2806 455 2833 vera
477 2799 523 2834 et
550 2793 682 2842 bona,
707 2800 753 2834 et
776 2795 921 2834 omnis
944 2796 1166 2848 sapientia
1189 2802 1259 2836 est
1282 2810 1342 2837 ex
1364 2797 1479 2837 veris
1501 2810 1615 2850 quae
1637 2810 1696 2837 ex
1718 2797 1839 2838 bono

350 2868 376 2895 a
402 2855 624 2896 Domino:
659 2856 821 2897 dicitur
847 2857 966 2910 quod
995 2859 1226 2910 regnaturi
1254 2862 1424 2912 “super
1449 2859 1607 2908 terra‚’'
1632 2860 1735 2912 quia
1760 2873 1838 2913 per

352 2921 557 2959 “terram
570 2918 589 2934 ”
613 2919 883 2972 intelligitur
908 2920 1099 2961 ecclesia
1125 2921 1307 2962 Domini
1332 2923 1376 2962 in
1403 2922 1538 2963 caelis
1563 2928 1608 2963 et
1635 2923 1679 2963 in
1706 2923 1835 2963 terris

353 2980 578 3036 (videatur
600 2996 745 3036 supra,
771 2996 811 3023 n.
833 2982 932 3037 304)
952 2998 961 3035 ;
995 2985 1133 3025 etiam
1155 2985 1274 3038 quod
1295 2988 1452 3026 “terra
1463 2985 1482 3002 ’'
1500 2986 1558 3026 ibi
1581 2999 1670 3027 non
1693 2986 1835 3039 signi-
