2060 3476
725 370 834 402 CAP.
857 370 903 411 1.,
928 370 1065 402 VERS.
1090 370 1265 402 20.—N.
1291 362 1369 415 89.ι
1707 373 1781 404 101

286 489 390 531 fidei
421 496 468 532 et
499 490 668 531 bonum
698 490 878 540 amoris,
912 491 971 531 sit
1003 489 1081 531 illa
1111 496 1320 544 potestas
1347 500 1550 539 (videamin
1565 501 1721 539 opusculo
1737 501 1788 530 De

292 554 411 583 Ultimo
429 553 574 594 Judici0‚
589 562 620 583 n.
636 553 701 592 57).
1658 550 1668 560 ⁹

365 602 455 656 87.
490 610 603 654 [Vers.
624 609 695 652 ¹9·]
731 601 903 643 “Scribo
923 615 1029 656 quae
1051 601 1193 649 vidisti,
1214 606 1259 643 et
1279 615 1385 655 quae
1404 605 1514 649 sunt,
1533 605 1580 643 'et
1596 615 1701 656 quae
1723 603 1787 642 fu-

286 666 380 702 tum
403 667 501 703 &unt
517 662 645 703 [¹¹s1'em'
657 661 1075 716 postha0,''—Quod
1100 662 1325 716 significet
1347 668 1397 702 ut
1415 662 1566 703 omnia
1584 663 1784 715 posteri-

285 725 374 766 tati
394 725 487 766 sint
509 725 615 779 quia
638 725 822 774 Divina,
850 730 1035 766 constat
1062 738 1122 766 ex
1148 723 1482 777 significatione
1511 724 1785 773 “scribere,’'

284 789 405 843 quod
428 790 486 830 sit
509 789 630 843 quod
656 789 713 830 ad
735 788 1120 830 reminiscentiam
1143 797 1198 836 (de
1213 807 1322 835 quan.
1339 797 1446 837 8620),
1466 788 1530 829 ita
1548 788 1670 842 quod
1692 789 1783 829 sint

284 853 545 905 posteritati
561 867 571 904 ς
605 859 651 894 et
674 867 734 894 ex
752 851 1083 906 significatione
1104 855 1256 906 “quae
1273 851 1440 901 vidisti,
1460 858 1506 892 et
1525 866 1639 906 quae
1661 859 1782 901 sunt,

284 923 331 957 et
349 930 463 970 quae
481 916 627 957 futura
644 915 878 970 posthac‚'’
896 915 1017 970 quod
1034 916 1125 956 sint
1144 915 1310 964 omnia,
1330 928 1436 955 nam
1454 915 1541 955 tria
1559 921 1782 969 tempora,

285 993 448 1034 nempe
465 981 776 1034 praeteritum,
797 993 1025 1033 praesens,
1045 985 1092 1020 et
1114 979 1310 1019 futurum
1327 978 1586 1032 significant
1604 980 1755 1020 omnia
1773 993 1782 1030 ;

238 1095 242 1099 ι
284 1050 331 1084 et
353 1044 456 1097 quia
477 1043 555 1084 illa
576 1057 691 1097 quae
713 1043 929 1084 scriberet
956 1057 983 1083 a
1010 1042 1208 1083 Domino
1230 1048 1375 1091 erant,
1398 1042 1503 1083 ideo
1525 1041 1784 1097 significant

284 1106 462 1154 Divina,
491 1119 596 1146 nam
621 1120 648 1147 a
675 1106 875 1147 Domino
899 1105 1009 1146 nihil
1037 1106 1120 1146 nisi
1146 1118 1281 1159 quam
1314 1105 1528 1146 Divinum
1560 1106 1781 1159 procedit.

284 1168 472 1222 Singula
503 1170 642 1210 etiam
673 1184 787 1223 quae
820 1171 865 1210 in
896 1169 1174 1222 Apocalypsi
1200 1170 1370 1223 scripta
1401 1175 1522 1219 sunt,
1555 1183 1699 1223 aeque
1730 1182 1782 1210 ac

283 1232 462 1286 singula
487 1247 610 1288 quae*
632 1234 677 1273 in
714 1233 992 1287 pfopheticis
1019 1233 1160 1273 Verbi
1191 1232 1312 1282 a-libi,
1339 1246 1522 1273 sensum
1554 1233 1783 1274 internum

282 1296 470 1343 habent,
494 1310 546 1337 ac
569 1310 727 1338 sensus
749 1297 953 1337 internus
975 1302 1046 1337 est
1073 1296 1117 1336 in
1140 1295 1239 1337 luce
1261 1295 1389 1344 caeli,
1414 1310 1528 1350 quae
1555 1303 1626 1338 est
1654 1296 1781 1337 Divi-

283 1372 390 1399 num
416 1358 588 1400 Verum
613 1360 865 1414 procedens
896 1373 923 1400 a
954 1359 1165 1400 Domino.
1228 1358 1315 1399 Hic
1343 1359 1507 1400 dicitur
1535 1363 1688 1413 “quae
1715 1362 1781 1401 vi-

283 1422 404 1471 disti,
429 1428 476 1463 et
502 1436 617 1476 quae
642 1429 763 1472 sunt,
788 1429 834 1464 et
861 1437 975 1476 quae
1001 1421 1187 1471 futura,’'
1209 1423 1312 1476 quia
1338 1436 1472 1476 supra
1498 1423 1555 1464 de
1582 1423 1782 1465 Domino

283 1484 452 1527 dietum
475 1493 546 1527 est
567 1487 678 1540 “qui
701 1494 771 1528 est
794 1493 840 1527 et
863 1487 937 1541 qui
958 1486 1039 1527 fuit
1061 1492 1108 1527 et
1130 1486 1204 1540 qui
1222 1492 1438 1527 venturus
1455 1486 1490 1527 :’'
1521 1486 1595 1536 ibi,
1620 1487 1694 1528 ubi
1716 1488 1782 1528 ita

283 1548 452 1591 dictum
475 1556 560 1599 est,
580 1549 729 1592 actum
749 1557 818 1591 est
838 1551 895 1592 de
918 1550 1025 1604 Ipso
1047 1550 1246 1591 Domino
1263 1564 1272 1600 ;
1306 1549 1378 1591 hic
1401 1557 1557 1592 autem
1574 1550 1632 1592 de
1655 1551 1782 1592 Divi-

283 1614 351 1654 nis
373 1613 431 1654 ab
449 1614 555 1667 Ipso
573 1614 691 1668 apud
714 1614 959 1663 hominem,
979 1620 1028 1655 ut
1046 1620 1258 1655 constare
1276 1620 1431 1667 potest
1454 1628 1481 1655 a
1502 1615 1781 1668 praeceden-

283 1676 403 1717 tibus
425 1684 472 1718 et
495 1677 787 1731 sequentibus
809 1678 854 1718 in
875 1678 1002 1719 serie.

363 1745 458 1788 88.
495 1753 611 1796 [Vers.
629 1753 703 1796 20.]
740 1746 1002 1801 “Mystem'um
1026 1749 1181 1799 sepiem
1209 1747 1424 1787 stellarum
1453 1760 1557 1800 quas
1588 1748 1723 1789 vidisti
1743 1749 1784 1789 in

240 1818 243 1822 ·
283 1806 430 1846 dextra
449 1806 783 1860 mea.''—Quod
806 1807 1032 1860 significet
1049 1806 1364 1847 revelationem
1379 1807 1432 1847 de
1452 1807 1579 1848 bonis
1594 1815 1638 1849 et
1657 1811 1782 1851 veris

281 1883 393 1922 quae
418 1869 565 1910 omnia
595 1869 651 1910 ab
681 1870 799 1922 Ipso,
828 1875 1012 1910 constat
1044 1883 1103 1909 ex
1135 1868 1467 1921 significatione
1496 1872 1782 1923 “mysterii,''

281 1932 402 1985 quod
433 1933 492 1973 sit
518 1933 639 1986 quod
670 1932 955 1974 reconditum
987 1932 1103 1973 latet
1130 1933 1179 1972 in
1206 1932 1378 1973 visione
1409 1946 1524 1986 quae
1553 1933 1780 1986 Johanni;

281 1995 353 2036 hic
375 2002 530 2037 autem
551 1996 596 2037 id
618 1995 884 2045 revelatum,
908 1996 1121 2049 quoniam
1143 1995 1187 2035 in
1210 2008 1327 2036 nunc
1351 1997 1646 2049 sequentibus
1669 1997 1780 2039 dici-

281 2066 354 2100 tur
375 2060 480 2114 quid
502 2058 787 2101 intellectum
809 2066 879 2101 est
902 2074 982 2113 per
1006 2063 1222 2113 “septem
1245 2058 1404 2100 stellas
1417 2059 1436 2075 ”
1459 2066 1506 2101 et
1533 2074 1613 2114 per
1639 2065 1780 2115 “sep-

281 2129 376 2163 tem
399 2123 673 2164 candelabra
690 2122 724 2174 ;”
756 2130 802 2164 et
826 2137 885 2164 ex
908 2121 1240 2176 significatione
1261 2126 1479 2176 “septem
1502 2124 1780 2174 stellarum,”

280 2186 400 2240 quod
428 2187 519 2227 sint
545 2187 832 2240 cognitiones
859 2187 1059 2227 omnium
1085 2185 1192 2227 boni
1218 2192 1264 2228 et
1290 2187 1398 2236 veri,
1422 2194 1469 2228 et
1496 2188 1601 2229 inde
1627 2191 1781 2231 omnia

280 2250 401 2291 bona
422 2257 468 2292 et
490 2264 597 2291 vera
617 2249 694 2304 (de
716 2264 804 2304 qua
825 2263 972 2303 supra,
992 2263 1034 2290 n.
1053 2249 1127 2303 72)
1148 2264 1156 2300 ;
1190 2256 1237 2291 et
1260 2264 1319 2291 ex
1342 2250 1675 2304 significatione
1697 2254 1780 2294 “in

281 2313 487 2363 dextra,‘’
513 2327 614 2354 cum
643 2313 700 2354 de
732 2314 944 2362 Domino,
973 2313 1092 2367 quod
1125 2314 1184 2354 sit
1210 2313 1331 2367 quod
1363 2314 1421 2354 ab
1453 2314 1560 2368 Ipso
1589 2314 1666 2369 (de
1692 2330 1780 2370 qua

280 2377 434 2426 etiam,
467 2390 509 2417 n.
542 2376 644 2431 72):
682 2377 787 2418 inde
819 2383 964 2430 patet,
998 2377 1118 2430 quod
1150 2390 1229 2430 per
1263 2379 1567 2430 “mysterium
1599 2386 1778 2434 septem

279 2440 516 2481 stellarum
547 2453 657 2493 quas
688 2440 881 2489 vidisti,’'
913 2439 1191 2494 significetur
1222 2440 1442 2482 revelatio
1474 2441 1531 2482 de
1567 2441 1697 2483 bonis
1732 2449 1779 2484 et

279 2504 397 2544 veris
419 2516 533 2556 quae
555 2503 707 2544 omnia
728 2503 785 2544 ab
809 2503 927 2557 Ipso.

360 2564 459 2617 89.
498 2564 577 2604 “Et
605 2568 760 2617 sepiem
794 2565 1045 2605 candelabra
1079 2565 1454 2618 aurea.''—Quod
1485 2566 1708 2619 significet
1738 2575 1781 2608 et

279 2626 333 2667 de
356 2626 449 2667 illis
474 2625 519 2666 z’n
545 2640 653 2667 novo
676 2626 791 2667 caelo
814 2633 857 2667 et
879 2627 925 2668 in
950 2641 1064 2668 nova
1089 2633 1225 2676 terra,
1251 2634 1435 2669 constat
1462 2643 1522 2669 ex
1549 2629 1777 2682 significa-

279 2691 405 2731 tione
426 2693 642 2743 “septem
660 2690 1074 2740 candelabrorum,''
1092 2691 1213 2744 quod
1235 2692 1325 2732 sint
1345 2705 1512 2732 novum
1531 2692 1705 2732 caelum
1730 2701 1775 2734 et

279 2766 398 2793 nova
420 2752 614 2794 ecclesia
639 2752 715 2806 (de
732 2767 820 2807 qua
841 2767 988 2807 supra,
1008 2767 1049 2794 n.
1068 2753 1143 2808 62)
1162 2767 1171 2794 :
1206 2754 1326 2808 quod
1349 2755 1439 2795 sint
1462 2755 1582 2795 bona
1605 2762 1650 2795 et
1670 2770 1776 2796 vera

278 2830 392 2869 quae
419 2815 506 2857 illis
528 2817 601 2870 qui
623 2817 667 2857 in
694 2830 813 2858 novo
838 2817 967 2858 caelo
989 2823 1035 2858 et
1062 2818 1106 2858 in
1133 2831 1251 2858 nova
1277 2817 1484 2867 ecclesia,
1509 2825 1579 2859 est
1602 2820 1704 2872 quia
1731 2821 1775 2859 in

279 2892 413 2919 sensu
432 2880 611 2920 interno
629 2893 730 2920 cum
748 2893 857 2920 mox
875 2881 1253 2933 praecedentibus
1271 2882 1335 2922 ita
1353 2881 1601 2922 cohaerent
1619 2896 1628 2932 ;
1659 2896 1773 2936 quae

279 2944 398 2983 enim
431 2944 476 2984 in
509 2956 643 2983 sensu
676 2943 856 2984 litterae
889 2958 1045 2997 sparsa
1078 2951 1314 2998 apparent,
1349 2945 1393 2985 in
1427 2958 1561 2986 sensu
1594 2945 1774 2987 interno

279 3007 563 3047 continentia
585 3013 689 3048 sunt
716 3006 942 3060 (videatur
964 3022 1110 3061 supra,
1136 3022 1177 3048 n.
1207 3007 1291 3060 17).
