2060 3476
237 341 321 392 418
650 349 983 382 APOCALYPSIS
1014 348 1312 382 EXPLICATA.

238 461 354 503 ties”
379 460 604 515 significat
630 475 811 515 prorsus
836 468 883 503 et
910 461 1043 516 plene
1066 474 1236 515 purum.
1298 459 1436 514 Apud
1461 459 1664 510 Esaiam,

306 559 328 571 ‘¹
340 556 415 588 Erit
428 557 488 588 lux
504 557 610 589 lunae
627 557 717 589 sicut
741 557 801 589 lux
817 557 914 596 solis,
931 562 967 589 et
982 557 1043 589 lux
1055 557 1141 589 solis
1155 557 1221 588 erit
1234 555 1397 597 septupla
1410 555 1500 589 sicut
1512 555 1573 587 lux
1585 562 1721 597 septem

411 601 548 632 dierum
561 600 578 612 '¹
596 601 691 641 (xxx.
707 600 761 642 26)
775 610 782 640 ;

240 688 359 729 “lux
390 688 529 729 solis‘'
561 688 785 743 significat
823 689 1036 730 Divinum
1067 688 1238 729 Verum
1275 701 1335 729 ex
1372 687 1537 727 Divino
1568 686 1720 728 Bono:

238 751 358 804 quod
390 751 470 792 lux
506 751 584 792 illa
619 753 704 793 erit
744 751 992 805 “septupla
1028 751 1142 792 sicut
1179 750 1259 791 lux
1300 756 1476 803 septem
1513 748 1722 798 dierum‚”

237 813 461 867 significat
487 815 607 868 quod
635 815 847 855 Divinum
874 813 1046 855 Verum
1072 815 1116 854 in
1143 813 1271 854 caelo
1297 814 1380 854 erit
1407 812 1575 866 absque
1602 812 1723 853 omni

236 877 363 927 falso,
390 878 455 918 ita
481 891 659 930 prorsus
686 883 731 918 et
758 876 890 930 plene
916 889 1086 930 purum.
1148 875 1286 929 Apud
1310 874 1603 924 Matthaeum,

303 971 514 1004 Immundus
528 972 671 1012 spiritus
686 974 708 987 ‘⁴
719 972 867 1012 accipiet
880 978 1017 1012 septem
1031 971 1179 1012 spiritus
1187 971 1278 1012 alios
1291 970 1432 1012 pejores
1446 980 1484 1002 se
1498 970 1589 1011 ipso,
1602 975 1653 1002 et.
1668 995 1675 1002 .
1687 994 1696 1002 .
1710 994 1718 1002 .

410 1016 583 1047 habitabit
599 1015 675 1047 ibi”
692 1015 764 1056 (xii.
781 1023 821 1054 45
839 1025 846 1054 ;
871 1015 956 1047 Luc.
970 1016 1016 1047 xi.
1035 1015 1088 1055 26)
1103 1025 1110 1054 ;

237 1103 388 1156 agitur
413 1103 472 1143 ibi
495 1103 550 1144 de
573 1103 900 1156 profanatione,
920 1109 966 1144 et
993 1116 1071 1156 per
1091 1106 1305 1156 “septem
1328 1102 1509 1155 spiritus
1530 1102 1722 1143 immun-

237 1164 359 1214 dos,''
385 1178 486 1206 cum
512 1166 670 1219 quibus
696 1166 932 1214 rediturus,
958 1164 1267 1218 significantur
1292 1165 1443 1206 omnia
1464 1163 1576 1205 falsa
1601 1163 1721 1212 mali,

236 1229 301 1269 ita
323 1227 523 1281 plenaria
545 1227 793 1270 destrue'tio
815 1228 921 1269 boni
948 1235 994 1270 et
1012 1229 1117 1269 veri.
1174 1227 1328 1270 Simile
1351 1227 1629 1281 significatur
1645 1241 1724 1281 per

240 1295 455 1345 “septem
488 1291 735 1345 tempora,”
761 1305 875 1346 quae
907 1292 1152 1333 transitura
1184 1304 1315 1344 super
1340 1303 1495 1344 regem
1527 1289 1720 1339 Babelis,

236 1354 355 1407 apud
380 1354 623 1403 Danielem,

305 1452 327 1464 ‘⁴
339 1449 411 1482 Cor
427 1450 504 1490 ejus
521 1451 566 1481 ab
583 1450 728 1481 homine
745 1450 948 1487 mutabitur,
969 1455 1004 1481 et
1027 1459 1088 1481 cor
1103 1449 1238 1481 bestiae
1255 1449 1397 1480 dabitur
1420 1449 1463 1486 ei,
1483 1448 1566 1480 dum
1584 1453 1722 1488 septem

409 1499 573 1535 tempora
589 1494 791 1526 transibunt
807 1503 914 1534 super
930 1493 1028 1525 illum
1040 1492 1057 1505 ”
1074 1493 1134 1533 (iv.
1152 1501 1201 1532 13,
1218 1500 1268 1531 22,
1283 1501 1326 1533 29
1339 1490 1398 1534 [B.
1412 1493 1459 1524 A.
1476 1492 1526 1530 16,
1541 1499 1593 1531 25,
1608 1489 1680 1533 32])
1694 1500 1701 1530 ;

236 1601 314 1641 per
343 1591 534 1641 “regern
562 1587 773 1628 Babelis'’
799 1587 1110 1641 significantur
1134 1586 1197 1627 illi
1229 1587 1302 1641 qui
1334 1586 1571 1640 profanant
1602 1586 1723 1628 bona

235 1657 282 1691 et
313 1665 420 1692 vera
446 1650 611 1701 Verbi;
654 1651 774 1704 quod
809 1655 924 1692 “cor
954 1650 1047 1703 ejus
1078 1650 1136 1691 ab
1167 1650 1349 1691 homine
1380 1655 1644 1698 mutaretur,
1674 1655 1721 1690 et

237 1726 313 1753 cor
335 1713 509 1754 bestiae
527 1713 748 1762 daretur,''
770 1713 1041 1766 intelligitur
1063 1713 1181 1772 quod
1201 1712 1310 1753 nihil
1333 1711 1578 1766 spirituale,
1602 1712 1722 1765 quod

236 1790 339 1818 vere
365 1776 625 1825 humanum,
653 1776 962 1817 remansurum
985 1777 1056 1825 sit,
1082 1776 1161 1817 sed
1184 1775 1285 1817 loco
1306 1776 1399 1829 ejus
1421 1775 1719 1825 diabolicum;

235 1853 314 1893 per
342 1843 556 1893 “septem
584 1838 821 1893 tempora’'
848 1853 961 1893 quae
988 1840 1234 1880 transitura
1259 1853 1391 1893 super
1415 1837 1555 1888 illum,
1581 1838 1720 1890 signi-

235 1901 393 1943 ficatur
410 1902 677 1956 profanatio,
697 1916 811 1956 quae
837 1909 906 1944 est
932 1902 1132 1956 plenaria
1154 1900 1401 1943 destruetio
1418 1902 1509 1942 veri
1530 1906 1577 1941 et
1599 1900 1718 1941 boni.

237 1964 352 2018 Quia
381 1965 626 2019 “septem”
659 1972 704 2006 et
740 1965 978 2019 “septies‘’
1011 1964 1326 2018 significabant
1364 1964 1515 2005 omnia
1545 1969 1591 2005 et
1623 1962 1719 2017 ple-

235 2041 355 2077 num,
382 2028 484 2069 ideo
511 2029 746 2082 sequentia
772 2028 989 2068 mandata
1015 2033 1144 2068 sunt:

300 2118 403 2159 Quod
421 2124 557 2158 septem
574 2118 698 2149 diebus
716 2117 948 2158 implerentur
964 2127 1091 2149 manus
1109 2116 1232 2156 (Exod.
1246 2117 1339 2148 xxix.
1356 2115 1431 2156 35);

299 2161 403 2202 Quod
421 2168 557 2201 septem
575 2162 698 2192 diebus
715 2159 1022 2192 sanetificarentur
1038 2160 1162 2199 (Exod.
1177 2161 1272 2192 xxix.
1289 2160 1365 2200 37);

299 2205 403 2246 Quod
415 2211 551 2255 septem
564 2205 687 2236 diebus
698 2204 841 2236 indutus
853 2210 949 2236 esset
960 2204 1108 2235 Abaton
1121 2204 1279 2235 vestibus
1291 2213 1369 2235 cum
1382 2203 1587 2234 initiabatur
1594 2202 1717 2242 (Exod.

299 2247 698 2333 Quodxs³epxtei3n³>tliebus
716 2301 789 2322 non
807 2291 1014 2323 recederent
1031 2300 1052 2322 a
1068 2291 1252 2327 Tentorio,
1273 2300 1352 2322 curn
1371 2290 1602 2321 initiabantur
1613 2290 1649 2321 in
1667 2299 1722 2321 sa-

408 2336 602 2366 cerdotium
620 2334 742 2375 (Levit.
757 2335 829 2366 viii.
846 2343 898 2374 33,
913 2334 967 2375 34)
982 2344 988 2372 ;

299 2378 403 2420 Quod
420 2379 551 2419 septies
569 2379 769 2419 expiaretur
785 2378 895 2409 altare
913 2388 1021 2418 super
1037 2387 1171 2409 cornua
1187 2377 1310 2417 (Levit.
1325 2377 1395 2408 xvi.
1416 2377 1465 2414 18,
1483 2376 1535 2417 19)
1550 2386 1557 2414 ;

299 2423 403 2464 Quod
420 2429 557 2462 septem
575 2423 710 2453 vicibus
724 2432 787 2462 per
803 2422 920 2453 oleum
938 2420 1218 2453 sanetificaretur
1235 2421 1345 2452 altare
1363 2420 1484 2460 (Levit.
1499 2420 1572 2452 viii.
1589 2419 1641 2460 11)
1655 2429 1663 2458 ς

299 2465 403 2507 Quod
420 2472 556 2506 septem
571 2466 705 2497 vicibus
719 2471 947 2505 spargeretur
960 2465 1106 2505 sanguis
1120 2475 1244 2496 versus
1258 2465 1375 2496 velum
1393 2463 1515 2504 (Levit.
1528 2464 1574 2496 iv.
1590 2464 1639 2502 16,
1654 2463 1721 2502 17);

299 2509 403 2551 Quod
420 2515 556 2549 septem
575 2510 709 2540 vicibus
733 2509 846 2549 digito
870 2515 1096 2549 spargeretur
1120 2509 1267 2548 sanguis
1284 2518 1409 2539 versus
1433 2508 1619 2543 orientem.
1641 2517 1720 2540 cum

406 2553 553 2584 Aharon
571 2553 615 2584 ad
632 2553 917 2593 propitiatorium
934 2553 1000 2583 iret
1017 2552 1139 2592 (Levit.
1156 2552 1226 2583 xvi.
1246 2551 1363 2590 12-15)
1378 2561 1384 2589 ;

298 2596 402 2638 Quod
419 2597 724 2671 {eptem-vicibus
749 2602 977 2637 spargeretur
993 2606 1086 2637 aqua
1108 2595 1344 2636 separationis
1361 2604 1486 2627 versus
1511 2594 1719 2626 Tentorium

461 2651 529 2671 um.
544 2650 614 2671 xix.
674 2650 682 2659 *

297 2639 555 2757 Quod(se8pties
572 2639 798 2757 sga‘ffg'eretur
814 2683 960 2723 sanguis
977 2683 1068 2714 circa
1084 2682 1352 2714 mundationem
1376 2682 1495 2722 leprae
1511 2680 1633 2722 (Levit.
1647 2681 1717 2713 xiV.

501 2735 519 2757 2
703 2736 709 2743 .

297 2727 690 2821 9uod⁷earlqsssa32fu⁵txp
700 2752 795 2802 esset
819 2780 863 2802 ex
888 2775 1024 2810 septem
1049 2769 1202 2801 lucernis
1226 2768 1350 2809 (Exod.
1370 2778 1452 2800 xxv.
1472 2777 1524 2807 32,
1545 2775 1609 2807 373
1640 2776 1717 2808 cap.

297 2813 826 2900 Quodxfie'sltlahsleztffirl'diebus
851 2857 1114 2889 celebrarentur
1136 2855 1259 2897 (Exod.
1275 2855 1394 2888 xxxiv.
1412 2855 1472 2895 18;
1496 2854 1603 2887 Levit.
1620 2853 1716 2886 xxiii.

403 2910 479 2941 4-9,
497 2909 625 2940 39-44:
650 2901 754 2932 Dent·
771 2901 841 2932 xvi·
859 2909 889 2939 3,
906 2909 937 2939 4,
955 2901 1007 2939 8);
1445 2941 1453 2948 ,
1728 2934 1730 2936 .

297 2944 401 2987 Quod
425 2950 562 2984 septem
579 2944 704 2975 diebus
728 2944 810 2976 festi
834 2944 933 2975 fieret
949 2944 1206 2980 holocaustum,
1227 2953 1270 2975 ex
1287 2948 1423 2983 septem
1440 2941 1600 2985 juvencis
1617 2946 1652 2972 et
1675 2949 1719 2972 ex

405 2994 541 3030 septem
559 2987 728 3019 arietibus
745 2988 780 3018 in
798 2988 891 3019 diem
910 2986 1044 3028 (Ezech.
1061 2987 1130 3019 xlv.
1149 2986 1203 3026 23)
1218 2996 1225 3025 ;
