2060 3476
268 362 283 391 1
297 361 347 402 14
676 359 1008 393 APOCALYPSIS
1039 360 1219 395 EXPLIC
1226 362 1338 395 ATA.

262 479 308 514 et
330 487 443 515 vers.
474 485 534 525 14,
564 482 625 526 15,

329 565 503 606 “Angelo
528 564 757 596 Laodicensis
783 564 961 596 Ecclesiae
981 564 1106 604 scribe,
1127 564 1227 597 Haec
1243 565 1328 598 dicit
1344 565 1473 605 Amen,
1494 565 1612 599 Testis
1637 566 1749 601 fidelis

433 615 469 641 et
485 618 589 640 verus
593 633 685 646 .....
695 607 789 640 Novi
806 617 916 649 opera
931 608 1028 640 tua.’'

261 716 377 770 Quia
394 717 536 757 ubivis
554 716 611 757 ibi
630 716 791 756 dicitur
807 719 831 736 “
847 715 963 757 Novi
982 716 1156 770 opera,’'
1170 723 1298 771 patet
1313 717 1432 771 quod
1451 731 1529 771 per
1545 721 1569 738 “
1581 732 1718 772 opera
1729 718 1749 735 '’

259 779 567 833 significentur
592 780 635 819 in
661 792 828 832 genere
855 779 1006 819 omnia
1027 793 1141 833 quae
1167 786 1272 821 sunt
1298 779 1543 831 ecclesiae;
1577 787 1623 822 et
1646 782 1749 834 quia

259 844 409 884 omnia
435 842 653 883 ecclesiae
680 856 727 882 se
754 841 949 883 referunt
975 842 1032 883 ad
1063 855 1264 883 amorem
1291 849 1337 883 et
1368 842 1517 892 fidem,
1544 843 1646 884 ideo
1672 843 1749 885 illa

258 920 336 960 per
356 910 379 926 “
394 919 530 959 opera
541 905 560 920 ''
577 906 621 945 in
639 904 857 958 spirituali
876 905 1008 946 sens'u
1026 904 1353 958 intelliguntur.
1416 905 1550 959 Quod
1572 906 1650 947 illa
1671 920 1749 960 per

261 964 466 1022 “opera'’
503 969 547 1008 in
584 967 800 1021 spirituali
838 981 971 1008 sensu
1008 968 1333 1022 intelligantur,
1367 975 1437 1010 est
1474 970 1577 1023 quia
1613 961 1748 1011 omne

259 1046 370 1086 opus
397 1046 474 1073 seu
501 1045 635 1072 omne
661 1029 823 1072 fac‘tum
853 1045 930 1072 seu
957 1032 1102 1072 omnis
1129 1029 1269 1078 afrus,
1297 1045 1411 1085 quae
1437 1032 1494 1072 ad
1526 1046 1746 1086 apparen-

258 1097 368 1136 tiam
391 1095 502 1136 fiunt
525 1109 584 1135 ex
606 1108 808 1148 corpore,
830 1107 920 1134 non
942 1094 1052 1135 fiunt
1075 1109 1134 1135 ex
1157 1108 1359 1148 corpore,
1384 1096 1463 1136 sed
1486 1109 1564 1149 per
1586 1109 1747 1150 corpus

257 1173 315 1199 ex
342 1158 580 1199 voluntate
607 1164 653 1198 et
685 1158 968 1210 cogitatione
1001 1157 1210 1206 hominis,
1238 1171 1328 1199 non
1361 1159 1479 1199 enim
1512 1165 1665 1200 movet
1699 1173 1746 1200 se

256 1221 476 1274 particula
502 1221 701 1274 corporis
728 1221 809 1261 nisi
836 1234 895 1261 ex
921 1219 1034 1271 illis;
1067 1221 1171 1262 inde
1197 1227 1266 1262 est
1292 1221 1412 1275 quod
1439 1235 1518 1275 per
1542 1222 1747 1275 “opera’'

255 1284 564 1338 significentur
600 1284 691 1333 illa,
731 1285 821 1324 nori
861 1290 1029 1333 autem,
1051 1298 1166 1338 quae
1205 1290 1427 1338 apparent
1467 1285 1511 1324 in
1552 1291 1747 1326 externa

255 1348 408 1388 forma.
482 1347 616 1400 Quod
657 1349 720 1388 ita
757 1348 829 1396 sit,
869 1348 1006 1388 etiam
1044 1348 1230 1401 quisque
1268 1349 1395 1389 novit
1432 1348 1505 1401 qui
1541 1346 1743 1389 reflectit.

257 1409 490 1464 Quisnam,
510 1412 582 1464 qui
605 1411 737 1464 sapit,
757 1411 917 1464 aspicit
941 1410 1170 1451 hominem
1193 1425 1252 1452 ex
1276 1410 1383 1451 solis
1405 1409 1560 1451 factis?
1593 1424 1744 1462 nonne

254 1488 313 1514 ex
330 1473 569 1514 voluntate
592 1474 713 1526 ejus?
774 1473 819 1514 Si
842 1473 957 1515 bene
975 1473 1085 1522 vult,
1105 1480 1228 1515 amat
1250 1472 1367 1515 facta
1385 1473 1505 1527 ejus;
1538 1474 1573 1515 si
1591 1480 1743 1516 autem

254 1537 371 1578 male
394 1537 504 1585 vult,
525 1550 615 1576 non
638 1543 761 1577 amat
783 1535 900 1578 fac'ta
922 1536 1040 1589 ejus;
1073 1538 1196 1578 videt
1220 1538 1357 1578 etiam
1380 1537 1507 1586 haec,
1528 1544 1574 1579 et
1597 1538 1743 1592 expli-

253 1607 327 1641 cat
346 1614 398 1641 ea
416 1600 662 1641 secundum
680 1601 981 1641 intentionem
1000 1600 1091 1652 ejus
1109 1600 1384 1641 voluntatis:
1410 1602 1483 1655 qui
1502 1601 1744 1655 spiritualis

253 1670 336 1712 est,
357 1663 503 1704 adhuc
524 1664 668 1704 minus
686 1663 885 1704 attendit
904 1664 960 1704 ad
983 1662 1114 1713 facta,
1134 1670 1180 1705 et
1199 1663 1411 1717 explorat
1430 1664 1714 1706 voluntatem
1733 1679 1742 1716 ;

253 1741 388 1768 causa
414 1733 498 1775 est,
524 1733 572 1767 ut
599 1724 782 1775 dictum,
807 1727 909 1780 quia
935 1725 1052 1767 sacta
1079 1726 1188 1767 nihil
1215 1733 1319 1768 sunt
1346 1728 1390 1768 in
1417 1741 1478 1776 se,
1503 1728 1582 1768 sed
1609 1742 1743 1770 omne

251 1804 404 1831 eorum
442 1804 502 1831 ex
540 1790 793 1836 voluntate,
834 1785 938 1831 sunt
977 1791 1096 1831 enim
1136 1789 1255 1831 facta
1290 1790 1502 1832 voluntas
1543 1792 1586 1832 in
1625 1790 1740 1833 actu.

252 1854 426 1895 Dicitur
451 1853 668 1902 voluntas,
697 1853 775 1894 sed
808 1854 851 1894 in
884 1867 1018 1894 sensu
1050 1853 1270 1907 spirituali
1301 1854 1570 1908 intelligitur
1600 1868 1739 1904 amor,

250 1918 462 1970 quoniam
495 1917 632 1958 homo
659 1917 702 1957 id
729 1916 826 1957 vult
853 1916 972 1970 quod
1005 1923 1142 1965 amat,
1171 1923 1218 1957 et
1245 1917 1364 1973 quod
1396 1923 1520 1958 amat
1546 1918 1590 1958 id
1616 1918 1740 1969 vult;

249 1978 464 2018 voluntas
486 1978 682 2018 hominis
699 1984 769 2018 est
791 1978 929 2018 modo
947 1977 1287 2030 receptaculum
1306 1979 1472 2018 amoris
1491 1977 1596 2030 ejus.
1631 1989 1742 2027 (vide-

247 2044 342 2068 antur
353 2048 435 2076 quae
447 2040 478 2068 in
492 2040 650 2068 Doltrt'na
663 2040 772 2068 Novae
783 2039 1020 2076 Hierosolymae
1030 2040 1070 2067 de
1082 2039 1134 2067 illa
1145 2039 1292 2068 facultate
1302 2039 1448 2073 hominis,
1460 2048 1490 2069 n.
1503 2038 1613 2076 [¹128-3
1617 2047 1645 2076 5,
1656 2040 1742 2070 dicita

247 2095 277 2118 et
291 2094 417 2118 ostensa
428 2094 517 2123 sunt;
537 2094 567 2117 et
580 2089 610 2117 in
624 2098 719 2126 opere
730 2090 780 2118 De
793 2089 882 2118 Caelo
894 2092 924 2117 et
934 2088 1365 2127 Infirno,n.358‚470—484.)
1398 2077 1515 2130 Quia
1533 2082 1557 2098 ‘⁴
1571 2092 1709 2131 opera
1722 2090 1740 2100 '⁶

248 2154 326 2181 seu
352 2138 468 2181 saffra
495 2141 538 2180 in
562 2139 716 2180 Verbo
739 2139 995 2192 significant
1022 2140 1065 2180 in
1093 2140 1242 2193 specie
1268 2139 1344 2179 illa
1367 2153 1480 2193 quae
1506 2154 1565 2180 ex
1592 2140 1737 2181 homi-

249 2204 316 2244 nis
342 2202 579 2243 voluntate
606 2215 683 2243 seu
709 2216 861 2243 amore
888 2202 1153 2256 procedunt,
1182 2203 1283 2243 ideo
1310 2203 1485 2255 saepius
1512 2203 1555 2243 in
1582 2202 1738 2244 Verbo

246 2267 408 2307 dicitur
429 2266 549 2319 quod
577 2265 715 2306 homo
741 2265 1024 2305 “secundum
1048 2265 1214 2318 opera”
1233 2265 1504 2317 judicabitur
1530 2272 1575 2306 et
1602 2266 1642 2306 ei
1668 2280 1738 2307 re-

245 2329 479 2377 tribuetur,
508 2342 559 2369 ac
586 2328 855 2381 intelligitur
881 2328 1000 2382 quod
1032 2341 1122 2368 non
1149 2328 1395 2368 secundum
1423 2342 1559 2381 opera
1583 2329 1627 2369 in
1654 2343 1737 2370 ex-

245 2399 375 2433 terna
399 2392 647 2447 formabsed
673 2392 716 2431 in
743 2392 945 2441 interna;
979 2397 1028 2431 ut
1055 2391 1098 2430 in
1125 2391 1417 2444 sequentibus
1444 2391 1555 2431 locis
1572 2405 1640 2431 :—

313 2493 334 2507 ¹¹
347 2492 526 2524 Venturus
543 2498 597 2523 est
622 2491 731 2523 Filius
755 2491 912 2522 hominis
932 2491 968 2522 in
992 2491 1107 2531 gloria
1133 2490 1248 2522 Patris
1269 2491 1322 2522 sui
1347 2501 1426 2522 cum
1444 2490 1581 2531 angelis
1598 2491 1682 2530 suis,
1703 2496 1738 2523 et

418 2542 501 2567 tunc
518 2535 641 2567 reddet
657 2536 846 2576 unicuique
863 2535 1056 2566 secundum
1074 2544 1183 2575 opera
1199 2534 1275 2574 ejus
1289 2534 1306 2546 ’'
1323 2534 1466 2574 (hlattlz.
1483 2535 1553 2566 xvi.
1571 2534 1626 2575 27)
1641 2544 1648 2573 ;

312 2580 334 2594 “
347 2579 449 2611 Beati
466 2579 596 2610 mortui
610 2579 668 2619 qui
688 2579 721 2609 in
742 2579 899 2610 Domino
916 2579 1115 2610 moriuntur
1131 2589 1137 2615 ;
1163 2578 1273 2609 immo
1290 2578 1374 2610 dicit
1391 2578 1552 2618 Spiritus,
1569 2584 1607 2610 ut
1624 2578 1737 2619 requi-

416 2629 539 2654 escant
559 2633 602 2653 ex
626 2623 806 2654 laboribus
824 2622 908 2660 suis,
929 2632 1037 2662 opera
1053 2632 1175 2654 eorum
1193 2628 1387 2663 sequuntur
1403 2622 1484 2653 illos
1497 2621 1515 2634 ’'
1532 2621 1645 2663 (Apoc.
1662 2623 1732 2654 xiv.

421 2666 496 2705 13);
1583 2666 1587 2669 ”

311 2711 333 2725 “
348 2710 424 2750 Ego
442 2710 535 2741 dabo
551 2710 739 2750 unicuique
756 2715 913 2741 vestrum
931 2709 1124 2744 secundum
1142 2719 1251 2750 opera
1267 2719 1331 2741 sua
1343 2708 1361 2721 ''
1378 2708 1491 2750 (Apoc.
1509 2708 1544 2741 ii.
1562 2707 1616 2749 23)
1633 2718 1640 2746 ;

310 2754 427 2786 “Vidi
453 2759 613 2785 mortuos
640 2763 769 2793 parvos
795 2760 830 2784 et
855 2754 1006 2793 magnos
1032 2758 1168 2785 stantes
1194 2763 1314 2785 coram
1341 2753 1430 2791 Deo,
1458 2758 1493 2784 et
1517 2753 1596 2784 libri
1621 2753 1734 2792 aperti

416 2804 499 2829 sunt
502 2822 593 2835 .....
602 2803 637 2828 et
653 2797 799 2837 judicati
816 2802 899 2828 sunt
911 2796 1042 2828 mortui
1057 2796 1158 2837 juxta
1174 2807 1216 2828 ea
1229 2807 1318 2838 quae
1335 2796 1466 2837 scripta
1483 2801 1565 2827 sunt
1581 2795 1618 2827 in
1635 2796 1734 2827 libris

415 2841 607 2872 secundum
626 2851 734 2881 opera
750 2841 914 2875 illorum:
939 2840 1036 2871 dedit
1053 2850 1150 2871 mare
1174 2841 1254 2872 illos
1272 2840 1330 2881 qui
1354 2840 1390 2871 in
1415 2849 1458 2870 eo
1482 2839 1612 2870 mortui
1636 2845 1730 2876 sunt,

414 2894 455 2915 ac
479 2894 575 2915 mors
600 2891 634 2915 et
659 2884 818 2915 infernus
835 2884 932 2915 dedit
955 2884 1035 2915 illos
1053 2884 1110 2924 qui
1135 2883 1170 2915 in
1196 2884 1249 2922 iis,
1270 2890 1305 2915 et
1325 2883 1471 2924 judicati
1487 2888 1570 2914 sunt
1586 2882 1734 2924 quilibet

414 2929 607 2959 secundum
625 2938 734 2968 opera
750 2928 891 2959 illorum
906 2927 923 2939 ”
940 2926 1054 2968 (Apac.
1071 2937 1128 2959 xx.
1149 2926 1237 2965 [²]12,
1256 2927 1309 2966 13)
1324 2937 1331 2965 ;
1495 2926 1498 2929 ⁴

307 2973 330 2997 ‘9
342 2970 433 3004 Ecce
450 2971 566 3009 venio,
587 2977 622 3002 et
639 2981 773 3002 merces
790 2981 870 3002 mea
895 2971 1048 3012 Mecum,
1068 2976 1106 3002 ut
1122 2970 1202 3002 dem
1219 2970 1394 3002 unicuivis
1411 2969 1604 3002 secundum
1622 2978 1731 3010 opera

413 3014 490 3055 ejus
504 3014 521 3026 ''
539 3015 652 3056 (Apoc.
670 3015 753 3047 xxii.
773 3015 826 3053 12)
841 3027 848 3055 ;
