2060 3476
374 391 393 436 5
405 382 455 424 16
785 390 1116 426 APOCALYPSIS
1147 393 1397 426 EXPLICAT
1403 393 1449 427 A.

369 500 577 530 undationem
589 500 608 511 '⁹
629 505 660 530 et
679 497 698 510 ”
709 501 863 531 diluvium
876 501 893 512 ''
913 502 1108 541 significetur
1125 502 1285 533 immersio
1303 503 1336 532 in
1355 503 1441 533 mala
1459 507 1491 533 et
1508 503 1595 539 falsa,
1615 507 1647 534 et
1664 503 1739 534 inde
1757 503 1858 534 ecele-

368 550 594 586 siaeinteritus,
605 551 750 581 videatur
763 561 794 582 n.
810 552 879 587 660,
891 559 960 590 705,
972 561 1041 590 739.
1053 553 1122 591 756,
1138 561 1207 591 790,
1220 560 1309 590 5725,
1321 553 1417 591 6853:
1440 553 1540 582 simile
1550 562 1608 591 per
1619 556 1636 568 ‘¹
1646 553 1858 592 dejectionem

367 599 401 629 in
414 604 530 630 terram
541 600 558 610 ''
574 609 631 630 seu
645 601 899 641 depluitionem.)
956 591 1096 645 Apud
1121 592 1333 641 eundem,

436 677 540 710 “Erit
554 683 648 710 terra
664 678 700 710 in
717 678 832 719 picem
849 679 1064 717 ardentem,'.
1079 704 1087 711 .
1100 704 1108 711 .
1123 689 1159 711 .a
1174 679 1406 720 generatione
1430 679 1465 710 in
1490 679 1760 720 generationem
1778 690 1858 713 vas-

541 727 618 753 tata
632 721 727 754 erit”
744 722 875 763 (xxxiv.
892 732 923 763 9,
943 722 995 763 10)
1010 732 1017 760 ;

366 819 445 860 per
474 810 499 827 “
513 807 659 860 picem
677 807 915 848 ardentem
929 807 948 822 ’‘
965 807 1245 861 significatur
1262 820 1396 848 omne
1414 807 1582 848 malum
1605 809 1855 850 scaturiens

365 882 426 910 ex
451 882 605 911 amore
631 870 710 919 sui,
737 884 815 924 per
840 870 960 924 quod
986 884 1166 924 prorsus
1192 871 1307 924 perit
1334 876 1380 911 et
1405 876 1610 911 vastatur
1636 869 1852 921 ecclesia;

365 945 502 985 quare
528 932 703 981 dicitur,
735 933 878 973 “Erit
910 939 1030 974 terra
1055 933 1099 974 in
1131 933 1277 987 picem
1303 933 1552 982 ardentem,
1573 965 1582 975 .
1602 966 1610 974 .
1629 965 1638 974 .
1657 947 1683 974 a
1713 947 1852 987 gene-

365 994 540 1036 ratione
558 995 600 1036 in
618 996 962 1048 generationem
979 1001 1163 1037 vastata
1181 996 1301 1037 erit.''
1347 995 1456 1050 Quis
1478 1009 1568 1037 non
1586 996 1710 1037 videt
1733 996 1854 1050 quod

365 1056 475 1098 talia
500 1071 591 1098 non
618 1059 674 1099 de
699 1059 796 1112 ipsa
821 1064 942 1100 terra
967 1059 1204 1100 dicantur?
1263 1058 1402 1113 Apud
1428 1059 1635 1108 eundem,

433 1150 455 1164 ‘⁴
468 1148 591 1190 Luget,
611 1149 810 1190 languescit
829 1156 935 1188 terra,
956 1150 1094 1182 erubuit
1112 1150 1267 1182 Libanus
1284 1156 1320 1182 et
1336 1150 1505 1182 emarcuit
1516 1149 1535 1162 ”
1552 1149 1686 1190 (xxxiii.
1703 1149 1736 1190 9)
1750 1159 1757 1187 ;

367 1239 393 1256 “
407 1242 527 1278 terra
539 1235 559 1252 ’'
577 1236 715 1278 etiam
733 1237 791 1278 ibi
810 1243 880 1278 est
899 1236 1105 1286 ecclesia,
1123 1251 1236 1292 quae
1253 1237 1446 1291 “lugere
1464 1243 1510 1278 et
1529 1236 1822 1290 languescere
1832 1236 1853 1252 ”

364 1299 528 1340 dicitur
568 1299 752 1354 quando
793 1299 905 1341 salsa
950 1314 1030 1355 pro
1069 1301 1185 1342 veris
1230 1301 1448 1354 incipiunt
1489 1300 1766 1354 apprehendi
1805 1306 1853 1341 et

363 1364 576 1417 agnosci:
621 1377 758 1417 quare
796 1363 958 1404 dicitur
998 1363 1226 1405 “Erubuit
1264 1363 1462 1404 Libanus
1500 1370 1546 1404 et
1583 1363 1800 1404 emarcuit
1819 1362 1853 1413 ;”

363 1439 442 1480 per
480 1425 772 1467 “Libanum'’
809 1426 1086 1480 significatur
1122 1426 1265 1467 simile
1311 1426 1431 1480 quod
1473 1439 1552 1480 per
1593 1425 1853 1475 “cedrum,”

364 1502 526 1543 nempe
552 1503 705 1531 verum
733 1489 966 1531 ecclesiae.
1033 1488 1171 1543 Apud
1197 1489 1457 1538 Jeremiam,

426 1576 626 1609 “Ascendit
638 1576 695 1608 leo
706 1586 750 1608 ex
761 1582 907 1617 vepreto
920 1586 997 1614 suo,
1010 1582 1044 1608 et
1058 1575 1216 1617 perditor
1228 1576 1389 1616 gentium
1404 1574 1584 1617 proferans
1593 1601 1600 1608 .
1615 1601 1623 1608 .
1636 1586 1671 1608 .e
1685 1576 1762 1608 loco
1775 1586 1850 1609 su0.

532 1621 578 1652 ad
602 1620 835 1661 redigendum
861 1627 991 1651 terram
1017 1626 1113 1651 tuam
1139 1620 1173 1650 in
1192 1620 1417 1657 vastitatem;
1442 1621 1547 1651 urbes
1567 1626 1648 1653 tuae
1672 1620 1852 1651 destruen-

533 1670 600 1696 tur.
641 1688 648 1696 .
663 1689 671 1696 .
685 1689 692 1696 .
707 1663 803 1696 .Vidi
821 1669 964 1700 terram,
985 1673 1064 1694 cum
1082 1673 1162 1694 ecce
1181 1673 1329 1694 vacuum
1347 1670 1382 1694 et
1407 1664 1524 1700 inane,
1544 1669 1579 1694 et
1596 1673 1720 1695 versus
1737 1663 1853 1695 caelos

535 1715 615 1737 cum
640 1715 722 1737 ecce
746 1715 818 1736 non
843 1705 903 1736 lux
926 1715 1071 1743 eorum:
1097 1705 1168 1736 vidi
1193 1709 1335 1736 montes
1358 1714 1436 1736 curn
1461 1714 1542 1736 ecce
1565 1710 1850 1742 commoventur,

535 1755 571 1780 et
593 1758 720 1780 omnes
744 1749 853 1780 colles
877 1754 1118 1780 evertunturz.
1134 1773 1141 1780 .
1155 1748 1280 1780 ..dixit
1303 1747 1477 1790 Jehovah,
1505 1747 1662 1779 'Vastitas
1686 1747 1753 1779 erit
1777 1745 1851 1779 t'ota

535 1798 629 1824 terra
642 1801 664 1830 ;.
680 1817 687 1824 .
701 1817 708 1824 .
723 1798 884 1833 ,propter
905 1792 973 1823 hoc
990 1791 1123 1832 lugebit
1139 1797 1244 1830 terra,
1264 1797 1299 1824 et
1316 1791 1420 1823 atrati
1437 1797 1541 1823 erunt
1557 1791 1644 1823 caeli
1669 1791 1822 1832 desuper
1833 1789 1851 1805 ''

535 1836 594 1876 (iv.
613 1843 642 1875 7.
660 1844 712 1875 23,
729 1844 782 1875 24.
800 1843 852 1875 27,
869 1836 945 1876 28);

361 1922 511 1976 agitur
536 1923 675 1964 etiam
701 1921 773 1964 hic
800 1922 856 1963 de
882 1922 1143 1964 vastatione
1171 1921 1405 1970 ecclesiae,
1433 1935 1547 1976 quae
1573 1926 1643 1962 est
1670 1919 1851 1976 quando

362 1998 452 2026 non
484 1985 674 2039 amplius
706 1998 860 2026 verum
891 1991 938 2026 et
970 1985 1152 2034 bonum,
1181 1984 1260 2026 sed
1292 1984 1395 2026 loco
1426 1997 1582 2026 eorum
1612 1982 1771 2024 falsum
1804 1989 1851 2024 et

361 2047 530 2089 malum
549 2062 558 2099 ;
590 2049 788 2089 vastatio
811 2047 888 2088 illa
909 2048 1176 2089 describitur
1193 2062 1271 2102 per
1291 2047 1507 2089 “leonem
1526 2046 1850 2089 ascendentem

361 2125 421 2152 ex
446 2117 634 2164 vepreto
660 2124 754 2160 suo,
784 2116 831 2152 et
858 2111 1132 2164 perditorem
1162 2111 1366 2164 gentium
1393 2107 1640 2164 profectum
1667 2123 1726 2150 ex
1749 2108 1851 2150 loco

361 2187 441 2214 suo
458 2173 492 2224 ;''
523 2187 603 2227 per
630 2173 879 2214 “leonem’'
905 2179 951 2214 et
978 2187 1056 2227 per
1080 2173 1393 2227 “perditorem
1419 2171 1655 2226 gentium''
1681 2170 1851 2225 signifi-

360 2243 491 2278 catur
514 2236 678 2277 salsum
705 2242 752 2277 et
783 2235 953 2277 malum
980 2242 1167 2277 vastans
1189 2250 1198 2286 3
1241 2249 1319 2289 per
1347 2235 1596 2276 “montes''
1621 2235 1695 2289 qui
1726 2247 1850 2276 com-

361 2305 602 2341 moventur
641 2306 688 2340 et
734 2313 813 2353 per
854 2298 1065 2340 “colles'’
1109 2299 1183 2353 qui
1223 2304 1498 2347 evertuntur,
1543 2297 1854 2352 significantur

361 2376 487 2404 amor
512 2363 556 2403 in
580 2362 825 2403 Dominum
847 2368 894 2403 et
921 2362 1119 2403 charitas
1146 2375 1254 2415 erga
1276 2362 1559 2415 proximum;
1592 2361 1711 2414 quod
1739 2360 1851 2401 haec

361 2440 440 2479 per
482 2425 732 2466 “montes’'
772 2431 819 2466 et
863 2424 1073 2466 “colles‘'
1114 2424 1423 2477 significentur
1463 2430 1534 2464 est
1578 2424 1681 2477 quia
1720 2436 1854 2476 super

362 2488 591 2529 montibus
609 2489 652 2528 in
676 2487 804 2528 caelo
826 2487 1036 2528 habitant
1059 2488 1132 2542 qui
1154 2488 1197 2527 in
1221 2500 1372 2527 amore
1395 2487 1439 2527 in
1463 2486 1707 2537 Dominum
1730 2491 1850 2533 sunt,

361 2553 408 2587 et
430 2560 564 2599 super
582 2546 776 2586 collibus
796 2546 870 2599 qui
893 2547 936 2585 in
959 2546 1189 2586 charitate
1211 2558 1321 2597 erga
1343 2546 1630 2598 proximum3
1664 2556 1757 2594 (utin
1768 2565 1859 2594 prae-

361 2606 462 2634 missis
474 2605 595 2634 dictum
608 2605 760 2639 videatur,
774 2610 804 2634 et
819 2614 948 2641 quoque
964 2605 994 2633 in
1010 2613 1105 2642 opere
1123 2605 1173 2633 De
1191 2605 1282 2633 Caelo
1296 2608 1327 2632 et
1341 2604 1477 2642 Inferna,
1490 2613 1520 2633 n.
1536 2606 1602 2638 188,
1614 2608 1646 2633 et
1661 2604 1693 2632 in
1707 2605 1790 2633 notis
1805 2605 1857 2639 ibi,

360 2655 463 2684 littera
478 2664 516 2689 c:
541 2655 699 2693 [videatur
714 2655 811 2684 editio
826 2655 972 2692 princeps
983 2654 1022 2692 ;])
1047 2657 1127 2696 per
1154 2643 1347 2684 “caelos
1360 2643 1379 2657 ’⁹
1405 2643 1479 2683 ubl
1507 2647 1636 2684 “non
1662 2643 1784 2693 lUX,”
1809 2650 1856 2684 et

359 2707 435 2761 qui
452 2707 620 2747 “atrati
634 2706 806 2755 erunt‚”
822 2705 1133 2759 significantur
1146 2705 1360 2746 interiora
1373 2704 1605 2746 hominum
1619 2705 1853 2755 ecclesiae,

359 2784 489 2824 quae,
502 2782 604 2810 cum
619 2768 772 2810 clausa
788 2775 892 2809 sunt
909 2782 986 2822 per
1001 2767 1120 2809 mala
1135 2775 1180 2808 et
1195 2767 1321 2818 salsa,
1335 2781 1425 2809 non
1440 2767 1690 2809 admit-tunt
1704 2767 1851 2811 lucem

360 2846 384 2874 e
412 2832 554 2881 caelo,
583 2832 663 2872 sed
693 2845 772 2884 pro
802 2831 879 2871 illa
905 2831 1117 2872 tenebras
1143 2845 1204 2871 ex
1229 2831 1426 2872 inferno:
1460 2845 1519 2872 ex
1545 2830 1614 2871 his
1640 2837 1851 2874 constare

361 2901 516 2949 potest
542 2895 647 2948 quid
673 2893 952 2947 significatur
974 2907 1052 2947 per
1074 2894 1193 2947 quod
1219 2893 1329 2934 “leo
1351 2900 1397 2934 et
1424 2894 1623 2947 perditor
1644 2894 1850 2947 gentium

359 2958 537 3010 rediget
552 2963 720 2998 terram
735 2957 779 2997 in
794 2956 1100 3005 vastitatem‚’'
1115 2962 1211 2997 tum
1226 2969 1305 3009 per
1321 2959 1346 2976 “
1361 2955 1467 2996 Vidi
1485 2962 1665 3005 terram,
1681 2962 1727 2997 et
1742 2969 1852 2999 ecce

360 3034 552 3062 vacuum
569 3026 616 3062 et
634 3019 807 3069 inane,”
825 3025 873 3060 ut
892 3025 938 3060 et
961 3033 1040 3073 per
1060 3018 1307 3060 “vastitas
1325 3019 1408 3060 erit
1432 3025 1533 3060 tota
1555 3025 1688 3067 terra,
1713 3032 1848 3073 prop-
