2060 3476
273 359 277 363 ⁴
318 347 402 400 382,
727 354 1060 390 APOCALYPSIS
1091 356 1392 390 EXPLICATA.
1446 363 1449 371 ”

316 471 502 512 natorii:
535 471 579 512 in
612 470 696 512 hos
728 472 917 525 primum
950 470 1172 524 colligunt
1203 484 1332 512 escas
1364 485 1480 521 suas,
1508 477 1555 512 et
1586 471 1689 513 dein
1721 478 1799 526 per

315 533 481 586 gradus
499 540 745 575 exsumunt
762 533 875 583 illas,
896 547 947 575 ac
967 534 1121 584 edunt,
1141 539 1187 575 et
1206 535 1267 575 sic
1287 534 1488 575 nutriunt
1507 535 1771 587 sanguinem
1790 549 1798 586 ;

315 596 379 636 ita
409 595 521 637 fiunt
547 597 668 637 vitae
691 609 858 637 eorum.
920 596 1198 637 Ventriculis
1229 595 1316 636 illis
1348 596 1672 650 correspondet
1704 609 1799 638 me-

316 659 456 699 moria
481 659 599 712 apud
622 659 879 710 hominem;
912 659 996 700 hac
1015 659 1185 712 gaudet
1203 658 1342 699 homo
1365 658 1468 699 loco
1485 658 1677 708 illorum,
1697 659 1800 712 quia

315 721 454 762 homo
481 727 552 762 est
579 721 852 775 spiritualis;
885 722 929 762 in
956 721 1073 762 hanc
1106 722 1297 774 primum
1324 720 1500 774 colligit
1526 722 1651 762 cibos
1673 722 1799 775 spiri-

315 783 475 833 tuales,
499 785 573 838 qui
596 790 700 825 sunt
723 785 1023 837 cognitiones,
1043 790 1089 824 et
1113 783 1215 824 dein
1237 785 1436 825 exsumit
1459 783 1559 824 illas
1580 785 1706 838 quasi
1727 798 1800 825 ru-

299 841 543 895 ⁴minando,
564 846 649 887 hoc
668 853 753 896 est,
779 847 1027 900 cogitando
1049 853 1096 887 et
1118 846 1329 896 volendo,
1350 853 1396 887 et
1414 848 1674 900 appropriat
1701 848 1798 896 sibi,

315 916 360 950 et
383 911 444 950 sic
463 910 568 951 facit
587 911 708 951 vitae
734 924 853 951 suae.
915 910 990 950 Ex
1013 909 1097 950 hac
1117 910 1469 963 comparatione,
1489 911 1674 951 tametsi
1697 910 1798 960 levi,

315 979 525 1013 constare
557 979 711 1026 potest
744 971 863 1026 quod
896 973 1181 1025 cognitiones
1213 973 1296 1013 nisi
1326 972 1654 1026 implantentur
1679 973 1800 1014 vitae

315 1049 393 1088 per
418 1037 621 1088 cogitare
647 1042 693 1076 et
719 1035 838 1076 velle
863 1034 964 1076 illas
989 1041 1035 1076 et
1062 1035 1166 1075 inde
1197 1035 1342 1076 facere
1373 1035 1488 1084 illas,
1516 1034 1684 1076 similes
1709 1036 1799 1076 sint

314 1098 428 1138 escis
460 1111 549 1139 non
582 1099 774 1139 comesis
806 1099 850 1139 in
875 1097 1137 1139 ventriculis
1168 1098 1486 1147 ruminatoriis,
1514 1098 1587 1138 ubi
1614 1097 1687 1139 vel
1719 1112 1799 1152 pu-

314 1167 517 1202 trescunt
544 1161 615 1202 vel
638 1167 921 1202 evomuntur.
984 1161 1222 1202 Praeterea
1247 1160 1437 1202 circulus
1459 1161 1580 1202 vitae
1605 1160 1800 1202 hominis

314 1220 417 1264 fflest
450 1225 576 1272 scire,
611 1223 882 1277 intelligere,
909 1223 1028 1264 velle
1060 1230 1106 1264 et
1138 1223 1310 1274 facere;
1344 1223 1529 1264 incohat
1561 1224 1679 1264 enim
1707 1224 1802 1264 vita

314 1287 556 1339 spiritualis
582 1287 776 1328 hominis
802 1301 827 1327 a
853 1287 979 1335 scire,
1007 1286 1110 1327 dein
1137 1287 1428 1327 continuatur
1452 1287 1496 1327 in
1528 1286 1797 1339 intelligere,

313 1355 474 1402 postea
499 1350 543 1390 in
570 1349 702 1398 velle,
730 1355 776 1390 et
803 1349 984 1390 demum
1011 1349 1055 1390 in
1080 1348 1239 1390 facere.
1301 1349 1436 1390 Unde
1467 1363 1643 1403 quoque
1669 1354 1799 1402 patet

313 1413 432 1466 quod
464 1413 751 1466 cognitiones
783 1413 872 1453 sint
906 1412 1042 1453 modo
1073 1412 1117 1452 in
1149 1412 1336 1453 introitu
1367 1412 1425 1453 ad
1450 1413 1591 1452 vitam
1623 1424 1724 1452 curn
1755 1412 1800 1452 in

313 1477 542 1525 memoria,
571 1482 616 1516 et
644 1476 764 1529 quod
790 1489 880 1516 non
907 1475 1040 1528 plene
1065 1475 1109 1515 in
1135 1474 1318 1515 homine
1344 1475 1434 1515 sint
1466 1487 1600 1528 quam
1622 1487 1723 1515 cum
1755 1475 1800 1515 in

312 1536 454 1587 fac'tis,
481 1552 532 1579 ac
563 1552 617 1580 eo
649 1537 823 1592 plenius
854 1539 898 1578 in
929 1536 1056 1578 sactis
1088 1551 1176 1591 quo
1207 1536 1381 1591 plenius
1412 1538 1456 1578 in
1487 1535 1722 1578 intellectu
1753 1543 1800 1578 et

312 1601 565 1643 voluntate.

399 1679 484 1735 [110]
528 1681 665 1722 Porro
688 1687 919 1722 ostensum
946 1686 1015 1721 est
1038 1679 1158 1734 quod
1184 1678 1294 1720 fides
1321 1679 1646 1733 cognitionum,
1670 1685 1799 1720 ante—

311 1757 444 1798 quam
463 1744 511 1785 fit
529 1743 639 1785 fides
656 1745 790 1793 vitae,
806 1743 863 1784 sit
881 1742 991 1784 fides
1008 1742 1220 1783 historica
1237 1756 1245 1793 ;
1278 1756 1391 1796 quae
1409 1741 1550 1796 qualis
1568 1742 1625 1783 sit
1643 1747 1799 1783 notum

311 1813 395 1854 est,
419 1807 537 1861 quod
563 1820 725 1860 nempe
751 1806 959 1848 credatur
984 1806 1048 1846 ita
1078 1819 1177 1846 esse
1208 1806 1309 1859 quia
1339 1804 1450 1846 alius
1476 1805 1681 1845 dixerat:
1713 1804 1800 1846 hoc

311 1876 554 1924 antequam
586 1869 635 1911 fit
666 1870 800 1924 ipsius
831 1869 1023 1910 hominis
1049 1874 1118 1909 est
1144 1867 1339 1908 alienum
1365 1881 1442 1908 seu
1466 1867 1576 1908 alius
1607 1867 1799 1908 hominis

310 1933 428 1986 apud
455 1947 528 1984 se;
561 1939 607 1974 et
630 1946 805 1987 quoque
831 1938 900 1973 est
923 1931 1026 1973 talis
1052 1930 1163 1972 fides
1189 1931 1401 1971 historica
1427 1930 1568 1984 qualis
1593 1935 1662 1971 est
1687 1929 1798 1970 fides

310 2009 455 2036 rerum
481 1996 764 2049 ignotarum;
791 2007 895 2035 nam
922 1995 1083 2035 dicitur
1104 1994 1223 2047 quod
1251 1993 1475 2034 credenda
1500 1993 1589 2033 sint
1616 1994 1797 2033 tametsi

311 2071 402 2098 non
428 2058 754 2111 intelliguntur,
777 2058 915 2098 immo
941 2057 1060 2110 quod
1086 2069 1176 2097 non
1203 2056 1525 2109 perscrutanda
1550 2055 1639 2096 sint
1663 2055 1798 2096 intel-

311 2119 443 2170 lectu,
478 2135 577 2162 cum
610 2127 763 2162 tamen
796 2119 906 2160 fides
938 2115 1177 2173 spiritualis
1209 2118 1311 2159 talis
1343 2124 1411 2159 est
1444 2124 1491 2158 ut
1523 2119 1567 2158 in
1598 2117 1674 2158 illa
1704 2118 1800 2171 ipsa

310 2197 416 2224 vera
437 2184 686 2232 videantur,
707 2190 752 2224 et
776 2184 836 2223 sic
860 2182 1111 2223 credantur.
1173 2181 1224 2221 In
1247 2180 1373 2221 caelo
1396 2194 1529 2221 nemo
1555 2181 1696 2221 credit
1719 2180 1799 2220 ali—

311 2247 429 2300 quod
447 2259 599 2287 verum
618 2247 699 2287 nisi
717 2246 868 2286 videat
886 2251 962 2285 aut
979 2245 1140 2285 viderit
1158 2244 1266 2284 illud
1284 2258 1292 2294 ;
1326 2244 1480 2284 dicunt
1498 2244 1630 2291 enim,
1651 2246 1676 2263 “
1689 2241 1800 2296 Quis

311 2315 463 2363 potest
495 2310 677 2350 credere
708 2308 826 2362 quod
859 2308 922 2348 ita
953 2308 1009 2348 sit
1041 2308 1123 2347 nisi
1154 2306 1335 2347 videat?
1371 2306 1486 2346 forte
1517 2311 1670 2359 potest
1701 2319 1799 2346 esse

310 2371 469 2413 falsum
487 2372 522 2412 :’'
548 2378 593 2413 et
617 2372 798 2412 credere
819 2370 978 2411 falsum
997 2383 1087 2410 non
1110 2376 1298 2423 possunt
1317 2369 1388 2409 alii
1406 2382 1538 2422 quam
1557 2367 1675 2416 mali,
1695 2381 1799 2408 nam

311 2434 415 2475 mali
437 2449 497 2475 ex
519 2434 638 2476 malo
660 2435 815 2475 vident
838 2433 962 2480 falsa,
986 2439 1032 2473 at
1058 2433 1163 2473 boni
1189 2446 1247 2472 ex
1269 2432 1389 2472 bono
1411 2431 1566 2472 vident
1588 2444 1719 2481 vera;
1752 2436 1799 2471 et

311 2499 412 2551 quia
437 2498 603 2538 bonum
630 2504 699 2538 est
725 2511 751 2537 a
783 2497 991 2543 Domino,
1020 2496 1156 2536 etiam
1182 2495 1302 2535 visus
1327 2495 1419 2534 veri
1444 2508 1504 2534 ex
1531 2494 1652 2534 bono
1678 2499 1747 2534 est
1773 2506 1800 2533 a

312 2561 523 2602 Domino·
583 2559 716 2613 Quod
746 2559 895 2612 angeli
921 2558 1106 2599 videant
1132 2571 1250 2606 vera,
1277 2563 1345 2598 est
1371 2557 1472 2610 quia
1498 2556 1576 2596 lux
1603 2555 1727 2604 caeli,
1753 2555 1798 2596 in

310 2637 397 2678 qua
422 2629 540 2672 sunt,
568 2629 637 2663 est
670 2623 882 2663 Divinum
908 2621 1079 2662 Verum
1111 2621 1360 2674 procedens
1386 2633 1412 2659 a
1439 2619 1663 2669 Domino;
1695 2619 1799 2659 inde

310 2684 552 2727 ¹²³omnibus
575 2686 691 2739 apud
716 2699 827 2739 quos
849 2684 926 2725 illa
948 2683 1026 2724 lux
1050 2690 1133 2732 est,
1158 2683 1294 2724 etiam
1316 2683 1360 2722 in
1383 2682 1564 2730 mundo,
1589 2687 1658 2722 est
1679 2682 1799 2721 visus
1823 2707 1826 2710 -

310 2747 417 2788 veri.
476 2757 542 2796 (De
562 2758 650 2786 Luce
666 2758 764 2792 Caeli,
780 2761 810 2786 et
825 2757 913 2793 quod
931 2756 1001 2785 talis
1015 2756 1063 2790 sit,
1078 2755 1223 2784 videatur
1235 2755 1268 2783 in
1282 2763 1378 2792 opere
1394 2754 1444 2783 De
1461 2754 1551 2783 Caelo
1569 2756 1600 2782 et
1616 2753 1751 2792 Inferno,
1767 2761 1799 2781 n.

311 2817 474 2857 126-140.)
542 2806 793 2847 Ostensum
825 2806 929 2846 dein
960 2810 1031 2845 est
1061 2804 1183 2858 quod
1213 2803 1413 2844 charitas
1443 2808 1490 2843 et
1519 2802 1631 2842 fides
1661 2814 1798 2842 unum

311 2875 464 2923 agant,
487 2882 538 2910 ac
561 2869 732 2909 intrent
756 2866 886 2908 simul
912 2866 1030 2920 apud
1054 2866 1309 2916 hominem;
1341 2866 1404 2905 ita
1425 2870 1640 2917 quantum
1663 2863 1799 2904 homo

311 2934 352 2973 in
379 2931 600 2973 charitate
622 2937 691 2971 est
717 2936 895 2971 tantum
918 2930 962 2970 in
988 2928 1075 2969 fide
1097 2929 1168 2977 sit,
1192 2928 1402 2981 quoniam
1425 2926 1536 2967 fides
1557 2925 1705 2979 quoad
1731 2939 1799 2966 es-

311 2995 500 3035 sentiam
527 3000 596 3035 est
623 2993 830 3043 charitas,
858 3005 1037 3046 prorsus
1064 2992 1178 3032 sicut
1204 3003 1358 3031 verum
1380 2989 1528 3044 quoad
1554 2988 1796 3030 essentiam
