2060 3476
615 373 721 406 CAP.
745 373 832 415 111„
855 372 994 406 VERs.
1023 372 1193 417 17.—·—N.
1217 360 1384 417 23'7[b].
1671 359 1749 415 361

322 489 346 504 ‘⁴
358 487 511 530 Quando
527 487 583 519 hic
598 486 788 519 aedificant
803 486 1005 523 maceriem.
1022 486 1072 518 illi
1089 496 1170 518 ecce
1187 486 1386 518 incrustant
1403 485 1546 525 inepto;
1571 484 1627 516 dic
1639 484 1684 516 ad
1701 484 1753 515 in-

428 537 626 564 crustantes
643 531 765 572 inepto
779 531 874 572 quod
890 531 1008 563 cadet.
1022 555 1030 562 .
1045 555 1052 562 .
1066 530 1199 570 .paries
1213 541 1220 562 ;
1246 539 1368 560 nonne
1381 529 1509 560 dicitur
1525 528 1571 560 ad
1586 537 1664 566 vos,
1682 527 1752 560 Ubi

428 575 635 607 incrustatio
652 585 722 616 qua
738 572 996 606 [¹]incrustastis
1005 573 1040 607 ?''
1056 574 1142 614 (xiii.
1161 571 1250 616 [10,]
1269 582 1319 611 11,
1339 581 1377 604 12
1392 573 1414 612 ς)

256 659 510 699 “maceries
536 671 668 712 quam
694 658 948 699 incrustant
973 656 1168 710 inepto,'‘
1190 655 1415 709 significat
1444 655 1605 696 falsum
1632 655 1751 708 quod

255 735 336 775 pro
356 722 572 775 principio
590 722 783 775 ponitur,
799 721 920 775 quod
937 734 1015 774 per
1028 720 1305 774 applicatum
1320 719 1523 760 Verbum
1541 733 1600 759 ex
1619 731 1752 759 sensu

254 784 434 826 litterae
460 784 552 837 ejus
578 784 745 826 faciunt
767 790 816 825 ut
838 789 1054 838 appareat
1077 784 1191 823 sicut
1213 795 1368 823 verum
1393 780 1753 836 (“incrustatio”

255 854 324 888 est
351 847 596 901 applicatio
620 854 666 889 et
692 847 797 888 inde
818 860 1039 901 apparens
1065 845 1362 895 confirmatio,
1388 846 1629 899 “ineptum
1641 844 1660 860 ”
1682 851 1752 886 est

254 910 590 964 falsificatum);
627 916 674 952 et
705 911 808 964 quia
832 923 988 951 verum
1014 909 1155 950 Verbi
1186 909 1247 950 sic
1280 909 1539 957 destruitur,
1567 914 1614 949 et
1643 921 1751 948 con-

254 973 479 1014 firmantia
501 974 612 1015 fiunt
634 987 741 1014 vera
761 972 996 1014 falsificata
1017 986 1131 1026 quae
1152 973 1197 1013 in
1219 986 1267 1013 se
1288 978 1393 1012 sunt
1418 971 1544 1020 falsa,
1567 977 1613 1012 et
1639 971 1750 1011 haec

254 1051 356 1078 cum
382 1038 597 1091 principio
622 1036 736 1077 falso
758 1042 985 1085 corruunt,
1009 1036 1111 1077 ideo
1137 1036 1312 1084 dicitur,
1330 1034 1492 1075 “Ecce
1515 1034 1648 1075 cadet
1671 1047 1751 1087 pa·

254 1102 339 1141 ries
356 1115 364 1151 ;
393 1114 542 1141 nonne
560 1100 721 1141 dicitur
734 1100 792 1141 ad
808 1113 904 1149 vos,
920 1099 1012 1141 Ubi
1029 1097 1295 1140 incrustatio
1312 1112 1400 1152 qua
1416 1098 1699 1139 incrustastis
1713 1097 1751 1138 ?''

255 1163 394 1218 Apud
418 1163 680 1212 Hosclzeam,

322 1254 345 1267 ¹‘
356 1252 445 1284 Ecce
464 1252 541 1293 Ego
554 1253 747 1292 obsepiens
761 1252 855 1283 viam
869 1257 967 1283 tuam
985 1261 1048 1292 per
1060 1252 1194 1292 spinas,
1211 1257 1247 1283 et
1263 1252 1417 1282 maceria
1433 1250 1662 1282 circumdabo
1678 1260 1752 1282 ma-

427 1297 568 1334 ceriam,
582 1302 622 1328 ut
638 1296 785 1328 semitas
798 1294 916 1327 [²]suas
933 1306 1007 1327 non
1025 1295 1213 1327 inveniet¹’
1230 1295 1279 1333 (ii.
1293 1293 1362 1335 1³16)
1376 1304 1383 1334 ;
1674 1308 1677 1311 ·

255 1380 526 1425 “obstruere
543 1380 661 1421 viam
684 1393 763 1433 per
783 1380 934 1433 spinas
946 1379 965 1394 ”
983 1385 1053 1420 est
1076 1379 1309 1420 obstruere
1332 1392 1490 1420 omnes
1508 1378 1751 1431 cogitatio-

254 1457 334 1484 nes
364 1457 443 1497 per
467 1443 579 1484 salsa
605 1443 724 1492 mali,
750 1457 806 1484 ne
837 1443 1022 1484 videant
1053 1456 1159 1483 vera
1191 1442 1322 1496 (falsa
1352 1442 1458 1482 mali
1490 1448 1594 1482 sunt
1623 1442 1750 1494 “spi-

254 1504 338 1548 nae
349 1506 388 1561 ”)
408 1521 418 1558 ;
453 1507 684 1547 “macerie
706 1506 980 1547 circumdare
1006 1506 1245 1546 maceriem
1258 1505 1277 1520 '’
1299 1511 1369 1546 est
1391 1498 1618 1546 cumulare
1639 1503 1752 1544 salsa
1806 1506 1808 1508 ’

253 1584 386 1624 super
410 1570 557 1621 falsis;
592 1573 678 1611 “ut
704 1570 890 1610 semitas
915 1567 1054 1610 fflsuas
1083 1582 1174 1609 non
1206 1567 1445 1616 inveniet,''
1471 1573 1540 1608 est
1567 1573 1616 1608 ut
1642 1567 1751 1607 nihil

252 1634 345 1674 veri
371 1634 513 1687 possit
535 1633 699 1674 videri:
732 1632 818 1673 hoc
841 1632 890 1673 fit
913 1633 1016 1686 quia
1037 1646 1144 1673 vera
1166 1645 1257 1672 non
1283 1637 1472 1685 possunt
1495 1630 1626 1671 simul
1652 1644 1751 1671 esse

252 1710 354 1737 cum
386 1697 507 1737 falsis
538 1696 657 1745 mali,
685 1697 799 1737 sicut
831 1709 922 1736 non
955 1695 1129 1736 caelum
1159 1708 1260 1736 curn
1285 1694 1483 1745 inferno;
1516 1707 1620 1734 nam
1645 1708 1751 1735 vera

251 1767 355 1801 sunt
378 1774 438 1802 ex
454 1759 589 1812 ,caelo
614 1767 660 1801 et
686 1759 798 1801 falsa
819 1759 925 1800 mali
951 1773 1010 1800 ex
1036 1759 1234 1810 inferno;
1267 1772 1404 1812 quare
1427 1771 1528 1798 cum
1554 1757 1665 1798 salsa
1690 1772 1749 1798 ex

252 1823 372 1864 malo
389 1829 598 1877 regnant,
619 1823 814 1864 aufertur
831 1823 1182 1864 communicatio
1204 1835 1305 1863 curn
1328 1821 1469 1870 caelo,
1489 1835 1578 1874 quo
1595 1821 1751 1862 ablato

222 1887 225 1888 ⁷
251 1901 342 1928 non
364 1888 503 1928 videri
529 1893 719 1941 possunt
741 1901 861 1935 vera,
885 1893 932 1927 et
958 1886 994 1927 si
1017 1886 1226 1927 dicuntur
1247 1886 1304 1926 ab
1330 1885 1440 1934 aliis,
1465 1884 1748 1937 rejiciuntur:

251 1951 355 1992 inde
379 1957 448 1992 est
475 1951 594 2004 quod
630 1949 754 2004 [illis]
783 1951 856 2004 qui
888 1950 932 1990 in
964 1949 1189 2003 principiis
1221 1949 1342 1989 falsis
1371 1954 1490 1997 sunt,
1518 1949 1632 1989 sicut
1664 1948 1750 1988 illis

250 2015 324 2068 qui
355 2015 398 2055 in
431 2015 655 2069 principiis
681 2014 738 2054 de
764 2013 862 2054 sola
891 2012 979 2054 fide
1005 2019 1051 2053 et
1078 2013 1134 2053 de
1155 2011 1475 2065 justificatione
1507 2025 1586 2065 per
1610 2011 1748 2059 illam,

251 2091 340 2118 non
364 2078 521 2119 datum
540 2079 598 2119 sit
620 2078 664 2118 in
687 2077 909 2131 aliquibus
923 2077 1039 2117 veris
1058 2089 1157 2117 esse
1183 2074 1408 2129 (videatur
1426 2089 1572 2128 supra,
1592 2088 1633 2115 n.
1653 2084 1748 2127 235,

250 2139 368 2193 236).

338 2201 422 2256 [b.]
467 2201 557 2244 Sed
592 2201 806 2254 exempla
843 2201 966 2241 illam
1003 2214 1096 2241 rem
1133 2199 1375 2240 illustrent.
1451 2198 1522 2239 Illi
1558 2199 1632 2252 qui
1670 2212 1750 2252 pro

251 2266 467 2319 principio
493 2265 721 2318 religionis
747 2271 1035 2318 sumpserunt
1061 2263 1206 2304 solam
1238 2262 1373 2303 fidem
1400 2268 1446 2303 et
1467 2261 1749 2315 justificatio-

251 2342 355 2369 nem
382 2342 460 2382 per
484 2328 622 2377 illam,
651 2341 751 2369 cum
778 2328 936 2381 legunt
963 2327 1166 2368 Verbum
1194 2333 1240 2367 et
1261 2327 1419 2367 vident
1442 2326 1563 2379 quod
1591 2325 1749 2366 Domi-

252 2405 334 2432 nus
360 2392 480 2432 dicat
507 2384 627 2445 quod
658 2391 829 2432 homini
855 2390 991 2443 juxta
1013 2389 1131 2432 faeta
1156 2396 1202 2431 et
1230 2403 1367 2443 opera
1392 2389 1675 2438 retribuetur,
1703 2395 1750 2430 et

251 2455 371 2508 quod
388 2455 462 2508 qui
483 2454 602 2495 bona
622 2454 790 2495 fecerat
807 2454 960 2494 veniet
982 2454 1026 2494 in
1049 2453 1238 2501 caelum,
1258 2459 1305 2493 at
1328 2453 1403 2506 qui
1425 2451 1545 2492 mala
1566 2451 1748 2500 fecerat,

249 2519 294 2558 in
325 2517 558 2566 infernum,
591 2523 700 2558 tunc
731 2523 899 2558 vocant
934 2517 1055 2557 bona
1085 2530 1200 2570 quae
1235 2516 1404 2557 faciunt
1434 2513 1600 2556 fructus
1632 2514 1748 2564 fidei,

251 2595 348 2622 non-
364 2582 561 2622 scientes
583 2587 660 2621 aut
683 2593 774 2621 non
796 2579 1004 2621 volentes
1026 2580 1140 2620 scire
1162 2579 1282 2633 quod
1305 2580 1424 2620 bona
1446 2592 1560 2632 quae
1581 2591 1748 2619 vocan-

250 2653 323 2686 tur
343 2643 510 2686 fructus
532 2644 684 2685 omnia
700 2644 790 2684 sint
811 2657 871 2684 ex
894 2643 1129 2691 charitate,
1149 2650 1195 2684 et
1214 2642 1338 2683 nulla
1354 2656 1413 2683 ex
1436 2642 1524 2683 fide
1541 2648 1751 2695 separata

250 2722 364 2762 quae
385 2714 574 2748 vocatur
595 2707 693 2748 sola
717 2706 855 2758 fides;
887 2720 1020 2747 omne
1046 2707 1184 2747 etiam
1210 2706 1378 2747 bonum
1405 2712 1475 2747 est
1502 2705 1748 2753 charitatis,

249 2779 296 2812 et
318 2784 473 2812 verum
496 2777 566 2812 est
588 2770 691 2811 fidei
712 2770 830 2810 inde.
876 2769 951 2810 Ex
974 2783 1030 2810 eo
1051 2775 1179 2823 patet
1202 2769 1322 2823 quod
1346 2775 1609 2822 pervertant
1632 2768 1748 2808 Ver-

250 2836 356 2876 bum
373 2848 381 2875 :
406 2835 485 2875 sed
499 2834 584 2875 hoc
598 2834 778 2882 faciunt,
791 2834 894 2890 quia
904 2847 1058 2874 verum
1074 2846 1164 2875 non
1179 2839 1368 2886 possunt
1383 2832 1514 2873 aliter
1524 2831 1750 2885 applicare

250 2911 331 2938 suo
363 2897 594 2950 principio,
628 2896 868 2937 credentes
900 2909 1040 2949 usque
1071 2895 1191 2949 quod
1229 2895 1289 2935 sic
1323 2895 1626 2945 cohaereant;
1669 2893 1749 2934 sed

249 2961 364 3013 perit
390 2959 494 3000 inde
520 2972 674 3000 verum
700 2964 747 3000 et
778 2957 828 2999 fit
853 2958 1029 3007 falsum,
1055 2965 1101 2999 et
1127 2971 1217 2999 non
1244 2957 1381 2998 modo
1407 2957 1456 2998 fit
1482 2956 1641 2998 falsum
1668 2956 1748 2996 sed

249 3023 386 3063 etiam
405 3022 585 3062 malum.
648 3020 782 3074 Quod
804 3021 907 3062 inde
924 3027 1170 3074 sequantur
1191 3020 1302 3061 falsa
1323 3021 1368 3060 in
1386 3021 1600 3061 continua
1619 3019 1746 3068 serie,
