2060 3476
381 357 461 410 528
794 367 1127 403 APOCALYPSIS
1157 370 1458 405 EXPLICATA.

380 465 466 522 [fi]
509 467 651 522 Apud
674 468 973 520 Matthaeum,

458 554 501 587 In
518 557 828 589 consummatione
845 558 977 591 saeculi
993 559 1199 601 “plangent
1215 569 1343 592 omnes
1360 561 1471 593 tribus
1489 566 1604 593 terrae
1614 560 1633 574 ”
1649 560 1758 602 (xxiv.
1775 562 1851 604 3o);

379 645 752 686 “consummatio
789 646 996 696 saeculi,”
1033 647 1089 688 de
1126 661 1214 702 qua
1250 648 1295 689 in
1332 662 1387 690 eo
1419 649 1567 703 capite
1598 650 1761 704 agitur,
1795 657 1865 692 est

377 705 584 748 ultimum
603 713 781 762 tempus
799 708 1032 759 ecclesiae,
1053 711 1234 764 quando
1246 710 1460 764 judicium
1477 725 1486 763 ;
1513 715 1708 753 “omnes
1723 713 1865 754 tribus

377 773 524 811 terrae
535 769 556 786 ’³
569 770 826 823 significant
842 773 993 813 omnia
1006 786 1113 813 vera
1128 778 1174 813 et
1185 773 1305 814 bona
1321 773 1555 823 ecclesiae,
1568 788 1682 828 quae
1697 778 1723 796 “
1735 774 1864 829 plan·

376 845 484 886 gere
495 832 515 848 ’'
538 833 747 875 dicuntur
772 835 954 889 quando
980 849 1071 876 non
1097 835 1289 890 amplius
1315 842 1434 878 sunt.
1494 836 1632 891 Apud
1657 837 1834 888 Lucam,

445 924 468 938 ‘⁴
480 923 580 955 Tunc
592 930 695 955 erunt
708 924 812 965 signa
823 924 859 956 in
874 924 960 962 sole,
974 925 1060 957 luna
1073 931 1108 957 et
1118 925 1235 964 astris,
1250 932 1285 957 et
1298 936 1405 967 super
1415 932 1509 958 terra
1517 927 1682 968 angustia
1691 928 1862 968 gentium,

551 974 743 999 resonante
761 968 849 999 mari
867 974 902 1000 et
919 969 1007 1000 salo.
1058 969 1279 1001 Exanimatis
1296 969 1502 1002 hominibus
1526 980 1611 1011 prae
1628 977 1725 1002 metu
1747 977 1784 1003 et
1806 981 1865 1003 ex-

549 1009 770 1052 spectatione
794 1012 1123 1052 supervenientium
1148 1013 1184 1044 in
1209 1018 1382 1045 terrarum
1407 1015 1541 1053 orbem,
1562 1024 1645 1046 nam
1670 1020 1864 1055 potestates

549 1055 728 1086 caelorum
743 1055 1024 1088 concutientur.”
1062 1081 1069 1088 .
1084 1081 1092 1088 .
1105 1081 1113 1088 .
1128 1081 1135 1088 .
1146 1056 1230 1088 Dies
1244 1057 1310 1091 iste
1331 1058 1353 1072 ‘⁶
1365 1057 1454 1089 sicut
1467 1057 1613 1099 laqueus
1626 1058 1746 1090 veniet
1759 1067 1865 1100 super

548 1107 676 1130 omnes
693 1098 751 1140 qui
769 1099 895 1131 sedent
911 1109 1018 1140 super
1033 1099 1124 1132 facie
1140 1106 1255 1132 terrae
1272 1101 1381 1132 totius
1392 1099 1411 1113 ’¹
1422 1100 1510 1141 (xxi.
1528 1108 1580 1140 25,
1598 1102 1649 1139 26,
1667 1101 1741 1142 35);

375 1181 524 1235 agitur
550 1181 687 1222 etiam
714 1182 773 1222 ibi
799 1182 855 1223 de
881 1182 1042 1224 ultimo
1068 1189 1275 1237 tempore
1301 1183 1522 1225 ecclesiae
1548 1184 1729 1238 quando
1746 1183 1862 1237 judi-

374 1245 506 1293 cium,
531 1250 578 1286 et
601 1258 679 1298 per
704 1249 907 1286 “terram
920 1245 939 1261 ”
966 1252 1012 1287 et
1037 1246 1253 1287 “orbem‘’
1275 1246 1334 1287 ibi
1360 1246 1628 1300 intelligitur
1645 1246 1861 1298 ecclesia3

377 1308 625 1361 “angustia
656 1308 861 1361 gentium
906 1322 1041 1362 super
1071 1309 1232 1358 terra,'’
1267 1312 1454 1350 “metus
1486 1317 1532 1351 et
1578 1308 1863 1364 exspectatio

374 1371 785 1425 supervenientium
808 1371 852 1411 in
879 1377 1098 1413 terrarum
1125 1372 1321 1422 orbem,‘’
1343 1385 1394 1414 ac
1422 1375 1446 1392 “
1462 1386 1593 1426 super
1615 1386 1773 1415 omnes
1790 1373 1863 1427 qui

373 1434 536 1475 sedent
563 1447 694 1487 super
715 1434 827 1475 facie
849 1440 996 1476 terrae
1019 1434 1199 1484 totius,''
1222 1448 1313 1476 non
1335 1434 1560 1488 significat
1586 1435 1705 1489 quod
1732 1449 1863 1490 super

373 1496 476 1538 illos
502 1497 574 1551 qui
605 1497 649 1537 in
677 1497 806 1538 terris
838 1497 882 1537 in
909 1497 1077 1539 mundo
1109 1497 1303 1538 naturali
1335 1503 1454 1547 sunt,
1488 1498 1567 1538 sed
1599 1512 1730 1552 super
1761 1498 1863 1539 illos

372 1558 446 1612 qui
471 1558 515 1598 in
541 1558 711 1598 mundo
733 1558 956 1611 SPirituall
974 1572 983 1609 3
1011 1569 1114 1608 (quod
1126 1570 1220 1599 etiam
1234 1569 1276 1598 ibi
1289 1574 1389 1598 terrae
1401 1570 1471 1604 sint,
1485 1570 1629 1599 videatur
1642 1570 1674 1606 in
1686 1570 1868 1608 praemissis

371 1617 465 1654 hujus
479 1616 609 1651 articuli,
625 1621 657 1646 et
671 1617 758 1654 quod
774 1617 815 1645 ibi
836 1617 1002 1655 peractum
1017 1617 1055 1646 sit
1077 1618 1223 1647 ultimum
1243 1618 1410 1656 judicium,
1425 1618 1570 1647 videatur
1590 1618 1621 1647 in
1644 1619 1798 1656 opusculo
1814 1619 1865 1648 De

378 1671 495 1702 Ultimo
512 1670 685 1711 Judici0,·)
705 1660 810 1714 quid
827 1660 975 1710 “sol,'’
993 1665 1018 1682 “
1033 1660 1178 1710 luna,”
1197 1667 1244 1702 et
1264 1661 1466 1710 “astra‚’'
1481 1662 1526 1702 in
1537 1661 1698 1715 quibus
1714 1663 1860 1716 signa,

374 1735 507 1775 supra
539 1720 707 1762 dictum
744 1727 829 1771 est,
863 1722 983 1776 quod
1020 1735 1184 1776 nempe
1218 1722 1353 1763 “sol”
1385 1722 1607 1776 significet
1644 1737 1861 1773 amorem,

374 1783 547 1826 “luna‘'
578 1783 714 1825 fidem
752 1784 870 1833 inde,
904 1790 952 1826 et
987 1785 1177 1826 “astra'’
1209 1785 1497 1839 cognitiones
1528 1785 1634 1827 boni
1665 1792 1711 1827 et
1742 1786 1860 1837 veri;

374 1850 657 1888 “resonante
683 1847 794 1887 mari
825 1853 871 1888 et
898 1846 1026 1888 salo”
1052 1847 1278 1901 significat
1305 1848 1674 1889 ratiocinationes
1701 1854 1747 1889 et
1778 1848 1860 1888 im-

371 1911 675 1965 pugnationes
693 1910 785 1951 veri
802 1924 861 1951 ex
879 1924 1012 1951 sensu
1030 1910 1211 1952 litterae
1229 1910 1370 1952 Verbi
1388 1911 1567 1952 sinistre
1589 1917 1634 1952 et
1652 1925 1861 1965 perverse

371 1972 602 2027 applicato
619 1987 629 2024 3
655 1976 951 2026 “potestates
969 1973 1228 2015 caelorum”
1245 1987 1359 2028 quae
1378 1974 1707 2023 concutientur,
1720 1974 1859 2027 signi-

371 2035 510 2077 ficant
542 2035 745 2077 Verbum
786 2036 831 2076 in
863 2050 998 2077 sensu
1029 2036 1224 2085 litterae,
1258 2037 1467 2091 quoniam
1499 2036 1570 2078 hic
1603 2050 1759 2078 sensus
1790 2042 1860 2077 est

370 2098 717 2139 fundamentum
749 2099 993 2140 veritatum
1025 2099 1321 2153 spiritualium
1353 2113 1466 2153 quae
1497 2105 1601 2140 sunt
1633 2100 1677 2139 in
1709 2098 1858 2140 caelis.

371 2160 540 2199 (Videatur
554 2161 586 2189 in
601 2170 696 2198 opere
712 2161 763 2190 De
778 2161 869 2190 Caelo
884 2165 915 2190 et
928 2162 1065 2200 lnfirno,
1081 2161 1113 2190 in
1127 2162 1259 2191 articulo
1274 2161 1329 2190 ubi
1343 2162 1447 2199 agitur
1459 2162 1508 2190 De
1524 2161 1758 2200 ConJunCtione
1773 2162 1861 2192 Caeli

371 2219 445 2240 cum
463 2211 605 2239 Homine
619 2219 677 2248 per
690 2211 844 2246 Verbum,
861 2219 891 2240 n.
908 2211 1074 2250 303-310.)
1131 2201 1272 2254 Apud
1295 2200 1502 2250 Esaiam,

439 2286 625 2319 “Cantate
649 2287 736 2318 caeli
741 2311 833 2325 .....
841 2286 990 2328 jubilate
1016 2287 1184 2319 inferiora
1207 2293 1333 2326 terrae,
1361 2293 1550 2328 personate
1575 2294 1716 2320 montes
1740 2294 1858 2327 cantu,

545 2331 635 2362 silva
657 2336 693 2362 et
717 2331 835 2362 omnis
851 2332 957 2362 arbor
981 2331 1016 2362 in
1041 2341 1094 2369 ea,
1114 2331 1198 2372 quia
1221 2332 1371 2363 redemit
1393 2331 1556 2373 Jehovah
1579 2331 1789 2373 Jacobumt.
1804 2356 1832 2364 ..
1847 2356 1854 2364 .

546 2373 622 2414 Ego
645 2374 808 2416 Jehovah
833 2374 968 2406 faciens
993 2375 1126 2412 omnia,
1153 2375 1360 2415 expandens
1384 2375 1502 2407 caelos
1526 2375 1635 2413 solus,
1662 2375 1859 2407 extendens

544 2423 675 2449 terram
692 2428 714 2449 a
732 2417 791 2449 Me
810 2417 894 2459 Ipso
912 2417 930 2430 ''
947 2418 1044 2458 (xliv.
1062 2426 1113 2457 23,
1131 2418 1185 2459 24)
1200 2427 1207 2457 ;
1813 2426 1823 2434 “

372 2503 607 2546 “Cantate
633 2503 761 2553 caeli,
785 2503 975 2557 jubilate
998 2504 1205 2545 inferiora
1230 2510 1392 2554 terrae,
1416 2511 1657 2558 personate
1679 2511 1859 2546 montes

370 2573 523 2614 cantu,
551 2567 663 2607 silva
688 2573 735 2608 et
761 2567 909 2607 omnis
934 2567 1067 2608 arbor
1091 2568 1135 2608 in
1162 2567 1254 2615 ea,'‘
1279 2567 1537 2620 significant
1563 2568 1715 2608 omnia
1745 2567 1859 2609 caeli

370 2636 417 2672 et
455 2629 674 2671 ecclesiae
713 2636 809 2671 tam
846 2631 1024 2671 interna
1061 2643 1195 2684 quam
1235 2635 1440 2678 externa,
1475 2644 1588 2684 quae
1628 2631 1780 2671 omnia
1811 2645 1859 2672 se

368 2693 566 2735 referunt
592 2692 650 2733 ad
676 2693 845 2734 bonum
871 2699 918 2734 et
950 2693 1007 2734 ad
1032 2706 1215 2744 verum;
1247 2693 1425 2734 interna
1448 2692 1757 2746 significantur
1781 2707 1860 2747 per

372 2755 601 2803 “caelos,'’
633 2761 826 2796 externa
863 2769 941 2809 per
974 2755 1219 2796 “inferiora
1254 2755 1441 2802 terrae‚''
1475 2755 1724 2797 “montes'’
1754 2762 1859 2813 sunt

369 2819 489 2860 bona
524 2817 728 2865 amoris‚'’
764 2818 943 2859 “silva'’
980 2824 1050 2859 est
1081 2831 1235 2859 verum
1272 2817 1491 2866 naturale,
1525 2825 1571 2860 et
1611 2818 1858 2860 “arbores''

368 2882 427 2923 ibi
453 2887 558 2923 sunt
580 2881 867 2934 cognitiones
890 2881 1007 2922 veri:
1035 2881 1247 2934 quoniam
1269 2880 1381 2921 talia
1401 2880 1724 2934 significantur,
1749 2881 1857 2921 dici·

369 2951 454 2993 tur,
481 2944 621 2998 “quia
650 2943 842 2984 redemit
865 2943 1074 2996 Jehovah
1103 2943 1321 2996 Jacobum
1339 2942 1373 2994 ;’'
1404 2956 1482 2996 per
1507 2943 1791 2996 “Jacobum”
1812 2944 1855 2984 in

369 3006 524 3048 Verbo
565 3005 843 3060 significatur
883 3006 1075 3048 ecclesia
1115 3012 1322 3054 externa,
1361 3011 1407 3047 et
1452 3019 1531 3059 per
1574 3002 1858 3046 “Israelem''

2048 2949 2060 2999 l.

2052 3003 2060 3027 ε
