2060 3476
290 413 338 453 14
698 406 1031 440 APOCALYPSIS
1062 404 1361 439 EXPLICATA.

285 528 462 576 tempus
484 521 701 562 ecclesiae
724 519 886 561 veteris
908 526 954 560 et
977 519 1165 573 primum
1189 532 1345 560 novae.
1406 527 1520 566 <Quod
1535 526 1682 555 ultimum
1694 530 1773 555 tem·

283 591 344 621 pus
365 582 518 612 ecclesiae
533 582 647 611 veteris
668 581 794 611 dicatur
808 580 1071 610 “consummatio
1093 579 1241 614 saeculi‚''
1259 583 1290 608 et
1310 578 1502 617 principium
1523 586 1627 607 novae
1648 577 1773 606 dicatur

283 633 301 643 ‘¹
313 630 470 659 adventus
485 628 648 663 Domini,''
663 628 809 657 videatur
822 636 854 657 n.
869 633 959 664 4535.
977 625 1100 663 10622.)

371 676 589 727 Quartum
610 689 833 724 arcanum,
857 674 976 728 quod
998 674 1137 714 videri
1161 679 1327 727 potest,
1351 671 1586 720 est‚-Cur
1611 670 1771 712 Domi-

284 754 366 781 nus
397 739 558 780 dilexit
588 739 838 792 Johannem
869 750 975 791 prae
1005 735 1183 790 reliquis
1215 735 1454 788 discipulis
1482 740 1528 776 et
1565 747 1641 775 cur
1666 733 1771 775 ideo

283 803 511 855 Johannes
536 802 742 842 accubuit
768 800 825 841 ad
851 797 1006 853 pectus
1032 812 1109 839 seu
1134 799 1178 839 in
1201 799 1298 838 sinu
1320 797 1503 838 Domini
1528 795 1655 851 (Joh.
1678 794 1771 837 xiii.

286 877 365 917 233
398 878 494 918 cap.
522 865 619 905 xxi.
646 863 747 917 20);
780 862 899 916 quod
930 875 1093 914 nempe
1123 861 1251 901 fuerit
1283 860 1385 914 quia
1415 859 1581 900 bonum
1607 859 1772 900 amoris

286 934 382 969 erat
414 929 458 968 in
490 925 735 980 conspeetu
767 925 948 966 Domini
980 936 1079 964 cum
1110 923 1293 964 videbat
1322 922 1590 975 Johannem,
1618 922 1692 976 qui
1726 921 1773 963 id

286 992 452 1031 bonum
489 989 844 1043 repraesentavit
881 993 926 1028 et
964 985 1248 1039 significavit,
1281 985 1383 1039 quia
1418 985 1461 1026 id
1497 984 1665 1025 bonum
1702 990 1772 1025 est

285 1053 404 1107 quod
418 1053 524 1094 facit
539 1051 711 1093 caelum
727 1057 772 1092 et
787 1050 1036 1092 ecclesiam.
1082 1058 1253 1095 (Videatur
1261 1058 1293 1087 in
1309 1066 1406 1095 opere
1422 1057 1473 1086 De
1486 1057 1576 1086 Caelo
1591 1059 1622 1086 et
1634 1056 1772 1096 Infima,

286 1125 316 1146 n.
335 1115 459 1153 13-19.)

374 1164 582 1215 Quintum
613 1177 822 1204 arcanum
853 1168 923 1203 est
954 1160 1074 1214 quod
1106 1165 1234 1213 patet
1265 1172 1365 1201 cum
1388 1159 1526 1201 scitur
1550 1159 1671 1213 quod
1694 1159 1768 1212 Jo-

285 1229 456 1268 hannes
471 1225 871 1280 repraesentaverit
886 1224 1052 1265 bonum
1067 1223 1244 1271 amoris,
1261 1221 1617 1276 nempe,—Quid
1633 1222 1770 1276 signi-

287 1290 442 1332 ficatur
478 1303 556 1343 per
590 1289 770 1329 Domini
803 1287 940 1328 verba
971 1301 994 1327 e
1026 1299 1156 1327 cruce
1192 1285 1248 1326 ad
1286 1284 1475 1326 Mariam
1503 1291 1693 1327 matrem
1725 1291 1772 1326 et

285 1354 342 1394 ad
366 1352 618 1406 Johannem
635 1365 644 1392 :

357 1447 493 1490 “jesus
511 1447 606 1479 videt
622 1453 783 1485 matrem,
797 1453 832 1478 et
847 1445 1060 1486 discipulum
1073 1449 1250 1476 astantem
1264 1453 1368 1484 quem
1386 1443 1575 1484 diligebat:
1601 1444 1684 1476 dicit
1701 1453 1775 1475 ma-

461 1492 505 1523 tri
522 1501 618 1529 suae,
640 1490 778 1529 Mulier,
798 1500 877 1521 ecce
894 1489 986 1521 filius
1003 1494 1083 1520 tuus
1099 1497 1106 1525 ;
1131 1494 1166 1519 et
1182 1487 1266 1519 dicit
1281 1487 1455 1527 discipulo
1472 1487 1532 1525 illi,
1555 1487 1644 1519 Ecce
1661 1494 1775 1519 mater

460 1541 520 1566 tua
535 1544 542 1572 ;
567 1540 601 1566 et
614 1534 730 1565 exilia
744 1534 834 1565 hora
845 1532 979 1573 accepit
994 1541 1072 1563 eam
1086 1530 1278 1572 discipulus
1292 1530 1349 1562 ille
1366 1531 1402 1562 in
1419 1531 1565 1563 domum
1579 1541 1679 1563 suam
1694 1541 1775 1572 pro-

460 1579 574 1619 priam
585 1577 602 1589 ’¹
619 1577 718 1620 (Joh.
734 1577 806 1609 xix.
827 1577 879 1614 26,
900 1576 975 1616 27);

289 1669 366 1709 per
393 1659 417 1676 “
433 1661 623 1695 matrem
636 1653 655 1669 '¹
681 1659 727 1695 e‘t
754 1667 832 1708 per
859 1656 883 1673 ‘⁶
897 1649 1157 1693 mu-lierem’'
1183 1650 1242 1691 ibi
1273 1649 1539 1704 intelligitur
1564 1650 1770 1699 ecclesia,

289 1726 334 1760 et
370 1732 447 1771 per
480 1721 504 1738 ‘⁴
516 1717 767 1770 Johannem
779 1716 799 1732 ‘'
830 1716 996 1757 bonum
1028 1713 1286 1764 charitatis;
1332 1719 1378 1754 et
1414 1726 1493 1767 per
1527 1712 1617 1762 illa,
1651 1713 1772 1768 quod

288 1781 476 1822 ecclesia
498 1781 580 1821 erit
603 1780 675 1820 ubi
698 1780 865 1820 bonum
888 1778 1133 1820 charitatis.
1194 1786 1308 1825 (Quod
1319 1785 1776 1824 per⁰mu1ierem¹¹inVerb0

287 1843 479 1880 intelligatur
499 1842 641 1876 ecclesia,
663 1842 809 1870 videatur
829 1850 860 1870 n.
884 1847 952 1877 232,
976 1848 1043 1878 253,
1066 1850 1135 1879 749,
1151 1850 1221 1879 770,
1237 1840 1325 1878 3160,
1348 1838 1437 1876 6014,
1458 1846 1548 1875 7337,
1565 1839 1659 1876 8994:
1686 1838 1776 1876 quod

287 1893 429 1922 similiter
448 1902 506 1931 per
521 1895 538 1906 ‘⁴
550 1891 715 1926 matrem.''
733 1900 765 1921 n.
781 1893 850 1928 289,
866 1891 954 1928 2691,
972 1899 1060 1927 2717,
1076 1900 1166 1929 3703,
1181 1898 1271 1929 4257,
1289 1888 1412 1926 [¹15581.
1429 1890 1517 1925 8897.
1535 1896 1649 1926 10490;
1686 1887 1776 1925 quod

289 1947 306 1957 ’·
317 1943 461 1980 accipere
478 1943 508 1971 in
525 1943 657 1971 domum
672 1941 834 1980 propriam
853 1940 870 1951 '¹
885 1941 926 1970 sit
939 1941 1133 1975 cohabitare,
1149 1940 1262 1979 patet.)
1323 1929 1397 1970 EX
1429 1929 1496 1970 his
1522 1941 1638 1969 nunc
1665 1941 1774 1969 con-

292 2004 412 2037 stare
443 2002 610 2050 potest‚
643 2001 813 2050 quanta
843 2008 1008 2036 arcana
1039 1994 1185 2036 latent
1216 1995 1260 2035 in
1282 1992 1451 2041 Verbo,
1484 2005 1598 2046 quae
1629 1990 1773 2032 solum

289 2066 448 2113 patent
466 2058 551 2099 illis
569 2059 642 2112 qui
664 2059 810 2099 sciunt
833 2057 924 2111 ejus
946 2071 1126 2098 sensum
1144 2057 1368 2098 internum
1386 2068 1462 2095 seu
1483 2053 1773 2108 spiritualem.

373 2122 559 2175 Absque
585 2121 662 2162 illo
687 2135 819 2162 sensu
851 2134 932 2162 nec
959 2121 1059 2162 sciri
1085 2126 1237 2174 potest
1263 2118 1369 2172 quid
1395 2116 1672 2171 significatur
1696 2129 1775 2170 per

292 2185 410 2238 quod
1250 2183 1257 2191 ⁴

354 2274 517 2314 Apostoli
543 2273 674 2305 sessuri
700 2273 772 2304 sint
797 2282 903 2314 super
928 2272 1113 2304 duodecim
1140 2271 1290 2310 thronis,
1317 2275 1352 2301 et
1378 2268 1565 2311 judicaturi
1588 2268 1774 2300 duodecim

427 2354 430 2358 Δ
464 2317 575 2348 tribus
594 2317 737 2348 Israelis
754 2314 897 2357 (Matth.
917 2316 987 2348 xix.
1005 2316 1045 2347 28
1060 2325 1067 2354 ;
1090 2315 1174 2347 Luc.
1190 2314 1274 2346 xxii.
1291 2313 1369 2354 30);

291 2413 368 2452 per
396 2399 698 2452 “apostolos”
723 2399 782 2440 ibi
813 2412 903 2439 non
934 2397 1248 2451 intelliguntur
1278 2393 1488 2450 apostoli,
1515 2394 1594 2435 sed
1625 2394 1776 2435 omnia

291 2476 395 2503 vera
417 2476 474 2503 ex
498 2462 617 2503 bono
640 2476 752 2516 quae
775 2476 800 2503 a
822 2462 1018 2503 Domino
1035 2475 1045 2512 ;
1071 2461 1135 2502 ita
1156 2457 1432 2513 significatur
1448 2471 1526 2512 per
1547 2471 1601 2499 ea
1622 2457 1774 2506 verba,

291 2524 410 2578 quod
443 2524 663 2565 Dominus
695 2524 815 2566 solus
847 2538 1004 2566 omnes
1030 2523 1305 2577 judicaturus
1336 2521 1394 2562 sit
1430 2534 1489 2561 ex
1515 2520 1631 2561 veris
1662 2533 1793 2574 quae·

291 2601 351 2628 ex
377 2587 511 2636 bono,
538 2588 601 2628 ita
627 2588 967 2641 unumquemvis
994 2586 1238 2628 secundum
1265 2583 1354 2625 illa.

370 2658 462 2689 10.
504 2657 616 2699 [Vers.
635 2656 685 2699 2.]
718 2653 741 2671 “
756 2648 833 2694 Oui
856 2652 1033 2689 testatus
1062 2651 1130 2688 est
1158 2645 1322 2687 ror-bum
1342 2643 1419 2685 001·
1441 2648 1486 2685 et
1511 2643 1777 2685 testimonium

291 2707 394 2747 Jesu
414 2707 799 2761 Christi.''—Quod
829 2707 1052 2761 significet
1082 2706 1203 2761 quod
1226 2705 1326 2747 illis
1352 2704 1433 2758 qui
1458 2703 1586 2745 corde
1613 2716 1776 2757 agnos-

290 2775 391 2809 cunt
413 2769 626 2809 Divinum
659 2769 830 2818 Verum,
857 2784 909 2810 ac
935 2769 1149 2810 Divinum
1179 2767 1362 2808 Domini
1387 2767 1433 2808 in
1462 2765 1669 2806 Humano
1697 2764 1775 2817 Ip-

291 2831 399 2879 sius,
438 2838 618 2872 constat
653 2838 713 2873 ex
755 2831 1082 2885 significatione
1120 2830 1352 2879 “testari‚'’
1388 2829 1508 2884 quod
1543 2829 1600 2869 sit
1641 2828 1777 2868 corde

292 2907 539 2946 agnoscere
561 2893 636 2947 (de
654 2909 740 2949 qua
762 2894 979 2949 sequitur)
1000 2909 1008 2945 ;
1041 2908 1100 2935 ex
1123 2892 1451 2947 significatione
1470 2889 1648 2932 “Verbi
1660 2889 1682 2906 '⁹
1698 2903 1776 2931 seu

293 2958 509 2997 sermonis
527 2957 625 3005 Dei,
642 2958 760 3011 quod
782 2958 839 2998 sit
857 2957 1068 2998 Divinum
1086 2955 1255 2997 Verum
1274 2964 1329 3002 (de
1343 2973 1409 3002 qua
1421 2972 1453 2993 n.
1463 2962 1553 3001 4692,
1563 2967 1652 2999 5075,
1662 2960 1775 3003 9987);

293 3026 339 3060 et
376 3033 434 3060 ex
472 3020 800 3073 significatione
838 3018 1164 3074 ‘“[testimonii]
1195 3018 1299 3073 Jesu
1331 3015 1534 3066 Christi,”
1565 3015 1685 3070 quod
1717 3015 1776 3056 sit
