2060 3476
718 355 825 388 CAP.
849 355 915 396 11.,
938 354 1076 387 VERS.
1100 355 1248 399 9.—N.
1279 357 1368 399 119.
1717 355 1794 398 147

299 468 496 509 tionibus
507 468 601 509 veri
614 474 661 509 et
674 467 782 509 boni
796 482 910 517 esse,
924 473 970 509 et
985 481 1064 521 per
1077 471 1103 488 “
1115 480 1360 521 pauperem
1372 466 1391 482 ”
1405 467 1464 508 ibi
1478 466 1796 520 intelliguntur

297 538 463 585 gentes
480 545 596 586 quae
618 545 709 572 non
730 531 965 572 habebant
987 531 1206 580 Verbum',
1226 536 1273 571 et
1296 537 1452 571 tamen
1471 530 1795 571 desiderabant

299 596 586 648 cognitiones
604 596 697 636 veri
719 601 765 636 et
785 595 891 636 boni
910 609 918 645 ;
951 595 1073 648 quod
1090 594 1217 634 dives
1235 594 1517 635 describatur
1538 607 1617 647 per
1637 593 1794 647 “quod

297 658 481 699 indutus
499 664 621 699 esset
639 671 833 712 purpura
850 664 897 699 et
916 657 1094 710 bysso,'’
1108 663 1206 698 erat
1224 658 1328 711 quia
1347 660 1371 676 ‘¹
1384 670 1578 711 purpura
1588 656 1608 671 ‘²
1625 655 1794 709 signifi-

297 725 374 760 cat
389 720 637 772 genuinum
652 719 824 760 bonum
836 730 880 768 (n.
891 729 1001 768 9467),
1015 725 1062 759 et
1077 722 1102 739 “
1115 718 1304 771 byssus'’
1315 719 1565 771 genuinum
1577 731 1733 758 verum
1751 728 1796 766 (n.

297 790 485 827 5319.9469‚
494 790 702 829 9596,9744),
715 785 957 833 utrumque
969 793 1029 820 ex
1041 778 1200 819 Verbo
1212 792 1221 829 ;
1244 785 1290 819 et
1303 778 1425 832 quod
1440 792 1612 832 pauper
1623 778 1794 819 descri-

298 841 431 882 batur
462 855 542 895 per
569 841 729 895 “quod
754 839 980 895 projectus
1011 846 1134 882 esset
1160 841 1218 881 ad
1245 840 1523 881 vestibulum
1555 840 1720 887 divitis,
1750 846 1795 880 et

298 905 577 946 desideraret
604 905 794 946 saturari
826 905 954 945 micis
982 918 1097 957 quae
1123 903 1341 945 caderent
1368 917 1392 944 e
1419 916 1578 944 mensa
1604 902 1795 950 divitis,”

298 973 398 1009 erat
435 969 538 1022 quia
577 967 772 1022 “projici
807 968 866 1009 ad
901 966 1208 1009 vestibulum‘’
1240 972 1338 1007 erat
1374 966 1509 1019 rejici,
1543 980 1595 1007 ac
1633 966 1797 1020 privari

301 1029 496 1072 lectione
527 1038 574 1073 et
605 1029 844 1073 intellectu
875 1031 1031 1080 Verbi,
1065 1037 1112 1071 et
1152 1029 1309 1071 “velle
1341 1030 1533 1071 saturari
1571 1030 1699 1070 micis
1736 1044 1796 1070 ex

298 1107 457 1135 mensa
482 1095 634 1136 divitis
647 1095 666 1110 ’'
691 1101 763 1136 est
795 1094 1053 1135 desiderare
1079 1093 1230 1148 aliqua
1254 1107 1361 1134 vera
1392 1093 1498 1134 inde
1517 1097 1534 1144 ;’
1559 1106 1664 1133 nam
1695 1094 1795 1134 “ci-

298 1156 411 1198 bus'’
442 1157 670 1211 significat
702 1157 782 1198 illa
818 1171 934 1211 quae
965 1162 1071 1198 sunt
1108 1157 1341 1205 scientiae,
1374 1156 1711 1210 intelligentiae
1749 1162 1795 1196 et

298 1220 568 1272 sapientiae,
594 1220 640 1260 in
670 1232 841 1272 genere
871 1219 1042 1259 bonum
1073 1224 1120 1259 et
1146 1231 1302 1258 verum
1329 1228 1374 1268 (n.
1390 1237 1480 1266 3114.
1495 1236 1586 1266 4459=
1601 1237 1692 1266 4792,
1708 1235 1797 1265 5147.

296 1297 387 1328 5293,
403 1297 493 1328 5346,
509 1297 598 1328 5342,
615 1297 704 1328 5410.
718 1290 808 1328 5426.
821 1290 911 1326 5576.
925 1291 1015 1326 5582,
1029 1291 1118 1326 5588,
1130 1288 1252 1327 [’]5655,
1267 1290 1356 1326 8562,
1369 1288 1479 1327 9003),
1502 1283 1549 1319 et
1568 1282 1592 1298 “
1606 1291 1766 1318 mensa
1778 1276 1796 1291 ”

286 1339 527 1395 ‘significat
565 1339 910 1393 receptaculum
945 1352 1101 1379 earum
1145 1349 1312 1388 (n.9527).
1388 1337 1507 1391 Quia
1546 1351 1718 1391 pauper
1752 1337 1796 1377 in

298 1400 521 1442 desiderio
543 1401 622 1442 illo
644 1406 756 1450 erat,
782 1400 903 1455 quod
929 1400 1049 1441 idem
1072 1406 1143 1442 est
1166 1414 1268 1441 cum
1291 1398 1528 1441 affectione
1550 1400 1643 1440 veri
1669 1399 1797 1452 spiri-

299 1464 425 1514 tuali,
453 1465 556 1506 ideo
582 1465 639 1506 de
672 1478 726 1506 eo
753 1464 918 1505 dicitur
949 1464 1071 1518 quod
1099 1464 1342 1505 “sublatus
1369 1464 1427 1504 sit
1460 1463 1518 1503 ab
1545 1462 1722 1516 angelis
1754 1461 1798 1502 in

298 1527 445 1568 sinum
481 1527 777 1576 Abrahami,''
809 1541 888 1581 per
920 1527 1040 1581 quod
1074 1526 1355 1580 significatur
1386 1526 1507 1580 quod
1543 1526 1588 1566 in
1625 1531 1798 1566 statum

298 1590 559 1644 angelicum
605 1591 754 1645 quoad
803 1590 1159 1644 intelligentiam
1201 1596 1248 1631 et
1292 1590 1590 1644 sapientiam:
1638 1589 1798 1628 “sinus

299 1654 588 1696 Abrahami”
614 1660 685 1695 est
718 1654 932 1694 Divinum
959 1653 1131 1696 Verum
1163 1653 1283 1707 quod
1315 1653 1360 1694 in
1382 1652 1538 1703 caelo;
1572 1652 1646 1706 qui
1678 1652 1798 1692 enim

279 1716 345 1758 .in
365 1715 446 1756 illo
463 1721 584 1765 sunt,
603 1715 724 1769 apud
747 1714 996 1755 Dominum
1013 1720 1134 1755 sunt.
1179 1725 1292 1763 (Quod
1305 1722 1497 1754 “Abraham
1509 1724 1525 1733 '¹
1539 1724 1571 1753 in
1584 1723 1694 1752 Verbo
1706 1723 1801 1760 signi-

299 1779 372 1809 ficet
387 1779 575 1814 Dominum,
590 1779 735 1808 videatur
751 1787 782 1807 n.
797 1777 920 1813 [²12010,
937 1780 1026 1816 2833,
1042 1779 1132 1815 2836,
1147 1785 1237 1815 3245,
1253 1785 1343 1815 325Ῑ,
1358 1784 1448 1815 3305,
1464 1786 1554 1814 3439,
1570 1785 1660 1814 3703,
1674 1776 1799 1814 [³l6o98‚

298 1838 491 1875 6185,6276,
505 1838 594 1876 ⁶804·
608 1837 713 1877 6847.)
771 1826 928 1868 Simile
949 1826 1070 1880 quod
1092 1840 1172 1880 per
1192 1826 1422 1866 “divitem
1442 1825 1462 1839 '’
1481 1830 1527 1865 et
1549 1838 1629 1878 per
1648 1827 1798 1877 “pau-

299 1902 454 1944 perem
477 1888 781 1930 esurientem'’
803 1889 876 1937 ibi,
900 1887 1180 1942 significatur
1201 1898 1280 1942 pe‘r
1301 1885 1535 1927 “divites”
1552 1891 1600 1927 et
1621 1885 1799 1926 “esuri-

300 1952 462 1994 entes'’
487 1952 607 2007 apud
631 1952 810 2002 Lucam,

443 2050 465 2064 “
477 2049 686 2081 Esurientes
702 2049 866 2090 implevit
881 2049 991 2086 bono,
1011 2054 1046 2080 et
1063 2048 1193 2080 divites
1210 2047 1345 2080 dimisit
1361 2048 1489 2079 inanes
1500 2046 1519 2058 '’
1537 2045 1573 2087 (i.
1592 2048 1658 2086 53).

416 2116 421 2129 A

301 2138 415 2176 (Quod
435 2147 492 2176 per
505 2140 524 2152 ‘¹
535 2137 684 2167 divitias''
700 2137 734 2166 in
747 2137 857 2167 Verbo
878 2137 1094 2175 intelligantur
1114 2137 1240 2166 divitiae
1260 2136 1445 2175 spin'tuales,
1461 2144 1545 2173 quae
1561 2139 1636 2164 sunt
1650 2134 1803 2172 cognitio-

299 2193 358 2214 nes
370 2185 436 2214 veri
457 2189 489 2214 et
500 2185 586 2214 boni
600 2194 640 2214 ex
654 2185 774 2220 Verbo,
789 2185 933 2214 videatur
946 2193 978 2214 n.
996 2185 1083 2222 1694,
1105 2186 1195 2221 4508,
1220 2193 1334 2220 10227;
1363 2188 1395 2212 et
1415 2183 1447 2212 in
1469 2192 1567 2221 opere
1589 2184 1641 2212 De
1662 2183 1754 2219 Caelo
1774 2184 1804 2211 et

301 2232 439 2271 Inserno,
454 2241 486 2262 n.
501 2233 577 2270 365:
601 2237 632 2261 et
652 2232 685 2261 in
707 2232 854 2270 opposito
875 2241 971 2261 sensu
985 2232 1183 2269 cognitiones
1204 2231 1272 2260 salsi
1293 2236 1325 2260 et
1345 2231 1430 2265 mali,
1453 2239 1532 2268 quas
1553 2230 1743 2259 confirmant
1764 2239 1803 2258 ex

299 2288 395 2309 sensu
405 2280 527 2308 litterae
538 2279 646 2314 Verbi,
660 2279 691 2308 in
706 2279 845 2308 Arcanis
860 2279 1055 2313 Caelestibus,
1068 2288 1100 2308 n.
1115 2280 1202 2316 1694.
1247 2279 1344 2315 Quod
1356 2281 1373 2292 ¹⁴
1384 2278 1510 2306 divitiae
1520 2277 1537 2287 ''
1548 2277 1580 2306 in
1591 2278 1698 2307 Verbo
1710 2277 1804 2315 signi-

301 2327 397 2356 ficent
411 2327 608 2364 cognitiones
622 2327 687 2355 veri
702 2331 733 2355 et
746 2327 834 2361 boni,
849 2331 881 2355 et
894 2326 969 2355 inde
984 2326 1222 2363 intelligentiam
1237 2331 1269 2355 et
1283 2326 1480 2363 sapientiam,
1496 2330 1543 2354 est
1564 2335 1603 2354 ex
1617 2334 1804 2362 correspon-

301 2374 424 2409 dentia;
447 2374 480 2403 in
491 2374 580 2403 caelo
592 2374 676 2403 enim
689 2375 777 2412 apud
791 2374 922 2411 angelos
933 2378 1087 2411 apparent
1097 2374 1207 2403 omnia
1217 2374 1297 2402 sicut
1310 2373 1464 2411 fulgentia
1474 2382 1513 2402 ex
1525 2382 1604 2402 auro
1615 2377 1647 2401 et
1660 2377 1793 2410 argento

302 2425 334 2450 et
353 2421 514 2458 lapidibus
533 2421 694 2458 pretiosis:
719 2425 750 2450 et
770 2421 833 2450 hoc
853 2426 1010 2458 quantum
1034 2422 1066 2450 in
1087 2421 1295 2458 intelligentia
1308 2421 1372 2449 veri
1393 2426 1423 2450 et
1438 2421 1594 2458 sapientia
1614 2420 1692 2449 boni
1713 2425 1802 2449 sunt:

303 2467 398 2496 etiam
412 2469 499 2505 apud
513 2468 715 2506 spiritus,un
731 2468 812 2497 infra
823 2469 928 2497 caelos
939 2472 1022 2503 sunt,
1037 2473 1111 2497 sunt
1126 2468 1252 2496 divitiae
1262 2468 1294 2496 in
1308 2468 1493 2505 apparentia
1507 2468 1684 2496 secundum
1696 2475 1804 2504 recep-

302 2515 423 2544 tionem
436 2515 502 2544 veri
517 2519 548 2544 et
560 2515 638 2544 boni
652 2524 672 2544 a
687 2515 829 2544 Domino
843 2516 931 2553 apud
945 2515 1039 2551 illos.)

383 2574 510 2616 119.
548 2564 636 2604 “ft
666 2564 954 2617 blasphemiam
982 2564 1199 2604 dicentium
1226 2564 1410 2604 dudaeos
1433 2576 1530 2604 esse
1558 2576 1606 2604 se
1651 2567 1696 2604 et
1725 2575 1804 2603 non

305 2622 637 2676 sunt.''—Quod
667 2623 892 2677 significet
921 2624 1212 2665 z'nvec‘lz'onem
1241 2624 1298 2664 ab
1327 2624 1426 2664 illis
1457 2624 1538 2678 qui
1558 2630 1728 2676 putant
1756 2637 1804 2663 se

305 2684 355 2725 in
378 2684 708 2737 cognitionibus
733 2684 838 2725 boni
864 2690 908 2724 et
935 2684 1036 2725 veri
1062 2698 1172 2733 esse,
1199 2685 1309 2737 quia
1336 2684 1501 2724 liabent
1535 2683 1738 2732 Verbum,
1761 2689 1804 2724 et

306 2752 452 2787 tamen
483 2759 566 2786 non
597 2752 714 2794 sunt,
743 2752 927 2787 constat
959 2760 1019 2787 ex
1051 2745 1382 2798 significatione
1411 2744 1802 2800 “blasphemiae,'’

286 2809 426 2863 ,quod
452 2810 510 2849 sit
536 2810 814 2862 vituperatio
839 2815 885 2850 et
912 2807 1134 2860 invectim
1167 2816 1213 2850 et
1239 2823 1299 2850 ex
1325 2809 1658 2862 significatione
1687 2808 1801 2861 “Ju-

306 2872 564 2923 daeorum,'’
589 2871 709 2925 quod
735 2873 826 2913 sint
857 2873 930 2926 qui
962 2873 1006 2912 in
1032 2872 1368 2925 cognitionibus
1399 2873 1506 2912 boni
1538 2878 1584 2912 et
1616 2871 1709 2912 veri
1741 2885 1800 2911 ex

305 2934 461 2976 Verbo
487 2942 606 2984 sunt,
632 2948 737 2975 nam
767 2935 981 2988 “Judah’‘
1002 2937 1047 2976 in
1069 2935 1210 2976 Verbi
1233 2949 1368 2976 sensu
1395 2949 1605 2989 supremo
1628 2933 1800 2987 signifi-

305 3004 381 3040 cat
408 2998 654 3040 Dominum
681 2998 830 3052 quoad
856 3012 1056 3040 amorem
1083 2998 1347 3049 caelestem,
1376 3000 1419 3039 in
1452 3012 1587 3039 sensu
1618 2999 1799 3038 interno
