2060 3476
314 351 397 404 336
725 358 1057 394 APOCALYPSIS
1088 361 1388 395 EXPLICATA.

312 471 429 525 apud
456 471 662 521 eundem,

381 551 404 565 “
415 550 570 591 Magnus
593 551 771 592 Jehovah.
786 576 793 584 .
807 577 814 584 .
829 553 880 584 .in
904 553 990 584 urbe
1016 552 1082 584 Dei
1106 554 1219 585 nostri
1234 563 1257 592 ;.
1272 579 1280 586 .
1293 578 1301 586 .
1316 554 1476 595 .pu1cher
1495 553 1611 588 trad'tu
1614 581 1706 595 .....
1714 558 1797 590 urbs

488 595 609 635 magni
628 594 737 636 Regis
749 594 767 607 ’¹
784 595 928 636 (psalm.
943 596 1052 628 xlviii.
1068 594 1131 635 [1]2‚
1147 605 1165 636 3
1185 595 1245 639 [B.
1259 598 1305 630 A.
1322 606 1350 636 1,
1366 595 1416 640 2])
1430 607 1437 637 ;

313 686 360 724 et
385 683 502 736 apud
526 682 819 733 Matthaeum,

380 763 402 777 “
414 761 496 794 Non
509 762 643 802 jurabis
656 773 719 803 per
731 769 871 802 terram,
888 763 971 805 quia
982 763 1173 796 scabellum
1187 770 1241 795 est
1254 764 1383 805 pedum
1398 764 1465 797 Dei
1478 774 1485 804 ;
1510 775 1623 807 neque
1637 776 1700 807 per
1715 765 1800 799 Hie-

483 807 713 848 rosolymam,
734 807 815 848 quia
831 808 915 839 urbs
932 813 986 839 est
1002 807 1123 847 magni
1142 807 1251 848 Regis
1261 807 1279 820 '’
1296 808 1343 848 (v.
1365 809 1430 849 35).

313 898 448 952 Quod
491 899 810 953 Hierosolyma
849 898 968 941 dicta
1008 901 1065 941 sit
1105 901 1251 942 “urbs
1292 901 1415 950 Dei,'’
1452 908 1548 943 erat
1585 903 1686 956 quia
1722 916 1801 956 per

317 966 342 983 “
356 962 502 1003 Deum
515 962 534 978 ’'
556 964 599 1003 in
618 963 772 1004 Verbo
790 963 971 1004 Veteris
994 963 1281 1005 Testamenti
1299 965 1566 1018 intelligitur
1588 965 1799 1006 Divinum

313 1023 484 1066 Verum
525 1026 774 1079 procedens
811 1039 837 1066 a
875 1026 1072 1067 Domino
1112 1025 1337 1080 (videatur
1373 1041 1518 1081 supra,
1552 1042 1594 1069 n.
1627 1027 1797 1082 220[a],

315 1087 489 1142 222[a])
510 1103 519 1139 ;
551 1089 671 1142 quod
699 1088 1018 1141 Hierosolyma
1044 1087 1164 1130 dicta
1189 1090 1246 1130 sit
1271 1090 1413 1130 “urbs
1440 1091 1593 1143 magni
1619 1090 1799 1144 Regis,”

312 1157 408 1191 erat
434 1151 536 1204 quia
561 1165 639 1204 per
665 1151 920 1204 “Regem,'’
946 1164 1047 1192 cum
1079 1152 1135 1193 de
1162 1151 1374 1201 Domino,
1401 1153 1604 1194 similiter
1628 1153 1798 1206 signifi-

315 1221 442 1255 catur
474 1214 683 1255 Divinum
709 1214 881 1255 Verum
907 1215 964 1255 ab
996 1215 1101 1268 Ipso
1132 1216 1382 1269 procedens
1412 1214 1636 1269 (videatur
1661 1217 1798 1258 etiam

314 1290 459 1330 supra,
493 1290 534 1317 n.
569 1276 667 1331 31):
714 1277 817 1318 inde
849 1290 965 1318 nunc
1002 1284 1072 1318 est
1109 1278 1228 1332 quod
1268 1278 1586 1331 Hierosolyma
1622 1279 1797 1320 dicatur

315 1340 457 1381 “urbs
482 1339 716 1381 veritatis”
746 1338 951 1394 (Sachar.
974 1340 1060 1381 viii.
1085 1339 1143 1394 3).
1203 1339 1342 1394 Apud
1366 1339 1570 1390 Esaiam,

381 1437 470 1471 “Sic
494 1439 583 1470 dixit
605 1438 780 1481 Jehovah,
808 1437 1026 1479 Redemptor
1049 1444 1129 1470 tuus
1154 1444 1188 1470 et
1213 1438 1400 1470 Formator
1422 1440 1467 1470 ab
1490 1445 1590 1470 utero
1595 1464 1687 1477 .....
1697 1438 1802 1471 Irrita

485 1482 594 1514 reddo
611 1482 714 1522 signa
730 1482 953 1514 mendacium
959 1506 1050 1520 .....
1058 1482 1223 1522 rejiciens
1240 1482 1420 1522 sapientes
1438 1488 1542 1521 retro,
1562 1489 1597 1514 et
1613 1483 1799 1514 seientiam

484 1536 607 1557 eorum
636 1526 780 1557 stultam
811 1525 946 1556 faciens
950 1550 1041 1563 .....
1049 1526 1170 1556 dicens
1204 1525 1479 1566 Hierosolymae
1506 1526 1733 1562 habitaberis.
1765 1533 1801 1558 et

484 1570 628 1601 urbibus
652 1569 811 1611 Jehudae
835 1569 1118 1607 aedificabimini,
1146 1574 1181 1600 et
1204 1569 1389 1600 vastitates
1413 1569 1491 1610 ejus
1515 1568 1679 1610 erigam”
1701 1569 1797 1610 (xliv.

488 1612 628 1653 24-26):

311 1712 459 1765 agitur
484 1711 541 1752 ibi
568 1711 624 1752 de
648 1709 887 1764 rejectione
910 1709 1127 1751 ecclesiae
1150 1709 1270 1763 cujus
1293 1708 1498 1751 doctrina
1520 1716 1588 1751 est
1612 1724 1670 1751 ex
1697 1724 1799 1764 pro-

311 1775 406 1828 pria
430 1773 744 1827 intelligentia,
772 1779 819 1814 et
845 1773 901 1814 de
927 1773 1252 1814 instauratione
1278 1786 1422 1813 novae
1449 1772 1569 1826 cujus
1595 1772 1801 1815 doetrina

311 1842 381 1877 est
413 1849 439 1877 a
470 1835 693 1887 Domin0;
730 1834 934 1877 doctrina
965 1849 1023 1877 ex
1046 1836 1224 1889 propria
1254 1835 1556 1889 intelligentia
1586 1836 1799 1889 intelligi-

311 1905 384 1940 tur
409 1912 487 1952 per
515 1898 684 1939 “Irrita
709 1899 850 1940 reddo
877 1899 1006 1952 signa
1027 1899 1325 1948 mendacium,
1350 1898 1550 1951 rejiciens
1573 1899 1799 1952 sapientes

311 1968 446 2010 retro,
465 1968 511 2002 et
530 1963 764 2002 scientiam
782 1975 936 2003 eorum
956 1962 1144 2003 stultam
1163 1962 1328 2002 faciens
1347 1960 1380 2012 ;''
1402 1967 1448 2002 et
1467 1959 1670 2002 dofflina
1687 1974 1801 2015 quae

311 2038 370 2065 ex
399 2024 608 2073 Domino,
637 2038 716 2078 per
743 2025 937 2066 “dicens
966 2024 1312 2077 Hierosolymae
1338 2024 1626 2073 habitaberis,
1655 2030 1701 2065 et
1728 2038 1799 2065 ur-

311 2087 438 2128 bibus
462 2087 662 2140 Jehudae
688 2087 1067 2128 aedificabimini.'’
1127 2086 1264 2140 Apud
1290 2086 1555 2136 Jeremz'am‚

380 2187 403 2201 “
414 2185 543 2218 Nonne
559 2186 658 2218 vides
676 2186 758 2227 quid
775 2186 825 2217 illi
841 2185 975 2217 faciunt
992 2186 1027 2217 in
1045 2186 1188 2217 urbibus
1205 2185 1375 2227 Jehudae,
1396 2191 1431 2216 et
1454 2185 1490 2216 in
1515 2185 1644 2225 plateis
1670 2184 1802 2216 Hiero-

484 2230 681 2270 solymae?.
697 2254 703 2261 .
717 2254 724 2261 .
739 2229 904 2262 ,Cessare
918 2229 1045 2260 faciam
1062 2239 1107 2260 ex
1122 2230 1267 2260 urbibus
1280 2229 1439 2270 Jehudae
1457 2234 1492 2260 et
1509 2238 1553 2259 ex
1569 2228 1696 2269 plateis
1716 2228 1802 2260 Hie-

485 2273 688 2313 rosolymae
701 2283 825 2304 vocem
839 2273 957 2313 gaudii
974 2278 1009 2304 et
1022 2282 1146 2304 vocem
1163 2273 1330 2310 laetitiae,
1347 2281 1471 2303 vocem
1486 2272 1610 2312 sponsi
1624 2277 1658 2304 et
1675 2279 1801 2304 vocem

487 2326 653 2357 sponsae,
673 2316 756 2357 quia
771 2317 807 2348 in
825 2316 1028 2348 vastitatem
1046 2316 1174 2348 evadet
1189 2315 1312 2347 terra''
1330 2314 1402 2356 (vii.
1422 2323 1472 2354 17,
1486 2315 1540 2356 34)
1555 2325 1561 2354 ;

314 2421 481 2462 “urbes
506 2421 707 2474 Jehudae
729 2427 776 2462 et
801 2420 981 2474 plateae
1005 2419 1382 2473 Hierosolymae'’
1408 2420 1544 2461 etiam
1568 2419 1638 2460 hic
1663 2419 1801 2472 signi-

311 2483 448 2526 ficant
479 2498 586 2525 vera
617 2482 872 2535 doetrinae3
916 2487 1045 2524 “vox
1078 2484 1227 2537 gaudii
1264 2489 1310 2525 et
1341 2497 1434 2524 vox
1466 2483 1666 2523 laetitiae
1679 2482 1699 2497 ’'
1731 2488 1802 2523 est

309 2547 550 2602 jucundum
581 2561 639 2588 ex
672 2545 906 2588 affectione
937 2547 1043 2587 boni
1074 2553 1120 2588 et
1146 2547 1264 2598 veri;
1299 2550 1428 2588 “vox
1455 2546 1607 2599 sponsi
1638 2552 1684 2586 et
1709 2560 1801 2587 vox

311 2610 535 2665 sponsae”
562 2617 666 2652 sunt
697 2611 819 2664 ipsae
850 2610 952 2651 illae
984 2608 1256 2659 affectiones,
1284 2623 1397 2664 quae
1424 2609 1544 2663 quod
1578 2609 1801 2650 desiturae

312 2674 580 2726 intelligitur
602 2687 680 2727 per
701 2674 819 2727 quod
840 2674 920 2713 “in
942 2674 1205 2715 vastitatem
1227 2673 1390 2714 evadet
1413 2679 1532 2714 terra
1547 2671 1581 2723 ;’'
1615 2675 1771 2712 “terra
1782 2671 1801 2687 '’

313 2743 383 2779 est
409 2737 611 2778 ecclesia.
672 2736 810 2790 Apud
834 2736 1037 2785 Esaiam,

381 2837 403 2852 ‘⁴
415 2836 665 2868 Commiscebo
682 2835 887 2876 Aegyptum
905 2845 984 2866 cum
1002 2835 1181 2875 Aegypto,
1201 2840 1240 2866 ut
1263 2839 1424 2875 pugnent
1440 2833 1495 2865 vir
1510 2838 1638 2864 contra
1653 2832 1797 2864 fratrem

487 2889 601 2917 suum,
621 2885 656 2910 et
671 2879 725 2910 vir
742 2886 866 2910 contra
882 2879 1016 2910 socium
1034 2888 1147 2917 suum,
1163 2879 1246 2909 urbs
1263 2883 1388 2909 contra
1399 2878 1534 2915 urbem,
1551 2885 1699 2916 regnum
1714 2885 1798 2906 con-

486 2929 540 2954 tra
552 2932 712 2963 regnum.
767 2947 862 2954 .....
872 2922 913 2953 In
928 2923 984 2953 die
997 2922 1058 2953 illo
1071 2928 1174 2953 erunt
1187 2922 1340 2962 quinque
1353 2921 1458 2952 urbes
1472 2921 1508 2951 in
1522 2926 1616 2951 terra
1628 2918 1794 2959 Aegypti,

486 2966 672 3007 loquentes
689 2966 782 2997 labio
800 2965 990 3004 Canaanis,
1010 2971 1045 2997 et
1063 2965 1223 3006 jurantes
1239 2964 1397 3006 Jehovae
1412 2964 1571 2996 Zebaoth
1585 2972 1608 3000 ;.
1623 2987 1630 2995 .
1644 2987 1651 2995 .
1666 2963 1716 2994 .in
1741 2962 1798 2993 die

486 3010 549 3042 illo
566 3010 631 3042 erit
647 3009 756 3041 altare
772 3009 929 3051 Jehovae
947 3010 982 3041 in
1000 3010 1118 3041 medio
1135 3009 1290 3050 Aegypti
1301 3008 1318 3020 '¹
1335 3007 1418 3049 (xix.
1434 3016 1463 3046 2,
1481 3007 1530 3045 18,
1548 3005 1622 3047 19);
