2060 3476
290 369 377 426 306Ι
707 379 1040 413 APOCALYPSIS
1071 379 1372 412 EXPLICATA.

289 494 588 536 troducuntur
602 494 646 534 in
661 494 930 535 societatem
946 493 1206 543 caelestem,
1224 493 1420 547 aperitur
1435 491 1521 533 illis
1539 506 1564 533 a
1583 492 1780 534 Domino

289 557 360 598 via
377 571 490 611 quae
508 557 565 598 ad
588 556 711 604 illam
730 557 853 598 ducit
871 571 879 607 ;
913 563 959 598 et
978 570 1078 598 cum
1097 556 1199 597 illuc
1218 557 1418 604 veniunt,
1439 561 1626 609 apparet
1649 562 1781 610 porta

289 633 389 661 cum
414 621 532 661 ostio
558 620 615 660 ad
643 620 761 661 latus
788 620 861 661 ubi
883 620 1111 668 custodes,
1137 620 1209 673 qui
1236 619 1360 659 illum
1383 619 1709 667 intromittunt,
1733 625 1779 660 et

289 683 363 724 alii
389 684 491 724 dein
518 684 591 737 qui
623 684 843 737 recipiunt
870 690 915 724 et
947 683 1253 724 introducunt.
1316 681 1391 722 Ex
1423 681 1491 721 his
1523 695 1639 722 nunc
1670 695 1779 722 con-

289 753 410 787 stare
442 753 596 800 potest
628 747 732 800 quid
770 747 813 787 in
846 746 1001 787 Verbo
1034 745 1291 798 significant
1326 744 1561 797 “januae,”
1595 744 1780 785 “ostia’'

289 816 336 850 et
371 810 607 863 “portae‚”
638 809 758 863 quod
796 823 958 863 nempe
995 809 1378 849 intromissionem
1413 808 1457 848 in
1489 807 1690 859 caelum;
1733 815 1780 850 et

290 872 391 925 quia
413 872 606 913 ecclesia
628 879 698 913 est
722 872 897 913 caelum
921 871 1103 912 Domini
1126 871 1170 911 in
1193 871 1338 919 terris,
1363 871 1500 911 etiam
1523 870 1779 929 significant

289 935 671 976 intromissionem
704 936 746 975 in
773 935 1039 985 ecclesiam;
1073 940 1119 975 et
1146 934 1248 988 quia
1274 933 1449 974 caelum
1481 940 1558 974 aut
1588 933 1780 975 ecclesia

288 1004 359 1039 cst
397 999 439 1039 in
477 998 674 1046 homine,
714 998 815 1038 ideo
853 998 991 1038 etiam
1033 996 1271 1050 “januae,”
1311 996 1511 1045 “ostia‚”
1547 1001 1746 1051 “portae
1761 997 1780 1012 '’

228 1100 230 1103 .
289 1061 544 1114 significant
564 1062 735 1102 aditum
754 1068 799 1102 et
818 1061 1050 1102 introitum
1074 1061 1191 1114 apud
1215 1060 1446 1101 hominem
1471 1059 1546 1114 (de
1564 1075 1652 1114 quo
1670 1074 1779 1101 mox

289 1124 454 1178 aliquid
478 1123 698 1178 dicetur),
732 1130 777 1165 et
805 1125 907 1177 quia
933 1124 1083 1164 omnia
1106 1137 1219 1177 quae
1246 1122 1502 1176 significant
1530 1123 1705 1164 caelum
1732 1129 1778 1164 et

289 1186 529 1227 ecclesiam
553 1188 691 1228 etiam
711 1186 967 1240 significant
991 1186 1066 1227 illa
1084 1190 1197 1240 quae
1216 1186 1328 1227 caeli
1351 1192 1396 1227 et
1420 1186 1639 1227 ecclesiae
1659 1193 1777 1234 sunt,

281 1250 360 1291 hic
394 1249 471 1290 illa
497 1263 610 1303 quae
637 1249 947 1298 introducunt,
975 1263 1089 1303 quae
1115 1256 1218 1290 sunt
1246 1263 1351 1290 vera
1377 1264 1436 1290 ex
1467 1249 1588 1290 bono
1615 1263 1727 1303 quae
1754 1263 1779 1289 a

291 1312 502 1361 Domino,
531 1319 577 1353 et
609 1313 711 1366 quia
742 1312 819 1353 illa
845 1319 949 1354 sunt
981 1327 1006 1353 a
1038 1313 1236 1353 Domino
1268 1319 1314 1354 et
1346 1313 1450 1354 inde
1482 1318 1586 1353 sunt
1620 1312 1776 1366 Ipsius,

290 1377 428 1416 immo
455 1375 557 1429 Ipse
583 1375 626 1416 in
653 1375 754 1423 illis,
783 1376 884 1416 ideo
911 1390 989 1430 per
1018 1375 1274 1429 “januam”
1300 1375 1535 1416 “ostium'’
1561 1381 1607 1416 et
1637 1379 1778 1429 “por-

289 1438 414 1480 tam’'
436 1439 492 1479 ad
520 1439 695 1480 caelum
722 1445 768 1480 et
795 1439 851 1479 ad
878 1439 1131 1487 ecclesiam,
1155 1440 1198 1479 in
1222 1452 1431 1492 supremo
1454 1453 1588 1480 sensu
1609 1438 1777 1480 intelli-

289 1501 409 1554 gitur
436 1501 669 1542 Dominus.
732 1502 844 1543 Inde
871 1509 999 1556 patet
1026 1502 1130 1556 quid
1157 1501 1381 1555 significat
1407 1502 1527 1556 quod
1557 1502 1778 1543 Dominus

289 1565 397 1606 dicit
423 1565 540 1619 apud
568 1565 820 1613 Jolzannem
837 1581 852 1606 .·

348 1661 457 1703 Jesus
474 1662 573 1699 dixit,
594 1662 745 1693 “Amen
770 1662 850 1693 dico
867 1662 980 1699 vobis,
1002 1663 1059 1703 qui
1084 1672 1157 1693 non
1182 1662 1378 1702 ingreditur
1401 1671 1464 1702 per
1479 1661 1624 1702 januam
1647 1662 1682 1694 in
1700 1672 1780 1694 cau-

460 1706 529 1737 lam
548 1706 680 1743 ovium,
701 1706 763 1737 sed
787 1706 947 1737 ascendit
970 1706 1123 1743 aliunde,
1144 1706 1174 1737 is
1199 1712 1253 1737 est
1277 1705 1333 1737 fur
1349 1712 1383 1737 et
1407 1706 1517 1744 latro;
1543 1706 1600 1747 qui
1618 1716 1703 1738 vero
1727 1706 1780 1737 in-

459 1749 617 1789 greditur
641 1759 703 1789 per
725 1749 882 1789 januam,
910 1750 939 1780 is
963 1756 1018 1781 est
1041 1756 1164 1790 pastor
1188 1749 1330 1787 ovium;
1358 1749 1438 1781 huic
1462 1749 1628 1781 ostiarius
1652 1750 1776 1791 aperit.

467 1818 473 1824 .
489 1817 496 1825 .
511 1818 517 1824 .
533 1793 626 1833 .Ego
643 1803 721 1824 sum
739 1793 869 1824 ostium
888 1793 1008 1824 ovium
1023 1803 1046 1830 ;.
1061 1818 1068 1825 .
1083 1818 1089 1825 .
1105 1803 1183 1833 ,per
1209 1793 1268 1824 Me
1286 1794 1314 1824 si
1332 1793 1409 1834 quis
1435 1793 1644 1831 introiverit,
1666 1794 1780 1825 salva-

459 1837 563 1874 bitur,
584 1843 619 1868 et
643 1837 861 1877 ingredietur
883 1843 919 1868 et
942 1837 1153 1877 egredietur,
1173 1843 1209 1869 et
1232 1847 1402 1878 pascuum
1426 1837 1612 1869 inveniet”
1637 1837 1683 1877 (x.
1703 1845 1776 1876 1—3‚
1828 1855 1830 1857 -

462 1880 562 1921 7‚9);

284 1976 403 2030 quod
433 1976 643 2029 “ingredi
676 1990 756 2029 per
782 1977 946 2017 ostium
960 1976 979 1991 '⁹
1005 1975 1075 2017 hic
1109 1977 1166 2017 sit
1199 1977 1373 2029 ingredi
1405 1990 1483 2030 per
1516 1977 1774 2026 Dominum,

283 2045 425 2092 patet,
451 2052 557 2079 nam
584 2040 760 2088 dicitur,
789 2039 930 2092 “Ego
957 2053 1053 2080 sum
1077 2041 1242 2080 ostium
1269 2041 1417 2080 ovium
1435 2040 1469 2090 ;''
1500 2040 1673 2093 ingredi
1699 2054 1778 2094 per

285 2102 529 2143 Dominum
572 2108 642 2143 est
683 2103 836 2155 Ipsum
877 2103 1014 2151 adire,
1055 2103 1206 2155 Ipsum
1245 2116 1507 2156 agnoscere,
1542 2104 1585 2143 in
1624 2103 1776 2156 Ipsum

282 2165 479 2212 credere,
500 2171 546 2206 et
571 2165 723 2218 Ipsum
747 2179 911 2214 amare,
934 2166 1047 2206 sicut
1072 2165 1174 2218 Ipse
1197 2165 1393 2219 pluribus
1416 2166 1459 2205 in
1483 2165 1594 2206 locis
1612 2166 1774 2206 docet:

282 2228 342 2268 sic
382 2227 520 2268 homo
557 2229 878 2268 intromittitur
915 2229 958 2268 in
997 2228 1186 2277 caelum,
1227 2235 1273 2269 et
1311 2242 1401 2269 non
1439 2229 1596 2279 aliter;
1641 2243 1776 2282 quare

283 2291 407 2338 dicit,
434 2291 558 2331 “Per
585 2290 660 2331 Me
687 2291 722 2331 si
748 2292 845 2344 quis
871 2292 1138 2340 introiverit,
1167 2291 1453 2340 salvabitur,”
1479 2298 1524 2332 et
1551 2291 1678 2344 “Qui
1704 2305 1776 2332 as-

281 2354 435 2394 cendit
461 2354 655 2402 aliunde,
683 2355 718 2394 is
745 2361 815 2395 est
841 2355 907 2395 sur
933 2361 979 2395 et
1009 2354 1164 2395 latr0.''
1225 2354 1312 2407 Qui
1344 2356 1497 2408 itaque
1530 2355 1776 2395 Dominum

281 2417 390 2466 adit,
416 2416 568 2471 Ipsum
594 2418 818 2469 agnoscit,
843 2424 889 2459 et
917 2419 960 2458 in
989 2418 1142 2471 Ipsum
1170 2419 1328 2467 credit,
1353 2419 1389 2458 is
1416 2419 1578 2458 dicitur
1604 2418 1776 2471 aperire

281 2481 448 2521 ostium
476 2480 687 2529 Domino,
713 2487 761 2521 ut
789 2481 1080 2534 ingrediatur,
1106 2482 1149 2522 in
1176 2481 1481 2535 Apocalypsi:
1530 2497 1533 2501 ·

349 2577 371 2590 ‘⁴
383 2575 472 2607 Ecce
489 2581 545 2607 sto
562 2576 606 2607 ad
624 2577 754 2608 ostium
772 2583 807 2608 et
829 2577 952 2617 pulso;
978 2577 1006 2608 si
1025 2578 1102 2618 quis
1119 2577 1294 2609 audiverit
1311 2587 1434 2608 vocem
1453 2587 1581 2615 meam,
1602 2583 1637 2608 et
1653 2587 1776 2618 aperu-

453 2620 520 2702 {tiit
533 2621 678 2703 “ogi-um,
700 2621 879 2661 ingrediar
901 2621 945 2653 ad
971 2621 1083 2658 illum,
1104 2623 1239 2652 cenabo
1264 2631 1349 2696 cum!
1368 2621 1441 2659 illo,
1461 2627 1497 2652 et
1520 2621 1578 2652 ille
1604 2620 1746 2652 Mecum
1758 2620 1776 2631 '¹

281 2759 510 2813 quomodo
541 2758 653 2800 haec
686 2773 734 2800 se
771 2760 957 2808 habent,
993 2760 1167 2801 dicetur
1198 2761 1239 2801 in
1273 2760 1579 2814 sequentibus,
1614 2760 1686 2801 ubi
1718 2760 1774 2800 de

280 2818 367 2863 illis
389 2823 433 2863 in
456 2822 542 2863 hoc
562 2823 712 2875 capite
734 2824 907 2875 agitur;
941 2823 1012 2864 hic
1032 2824 1168 2864 modo
1188 2823 1353 2877 aliquid
1376 2824 1550 2864 dicetur
1567 2824 1623 2864 de
1646 2824 1774 2864 ostiis

280 2900 359 2928 seu
395 2887 536 2939 portis
574 2886 630 2926 ad
669 2886 913 2935 hominem,
946 2888 1048 2940 quia
1079 2888 1241 2928 dicitur
1275 2886 1396 2928 “Sto
1433 2888 1490 2928 ad
1527 2888 1692 2928 ostium
1726 2893 1773 2927 et

280 2949 450 3002 pulso.'’
524 2948 601 2989 Ad
633 2950 853 2991 rationale
890 2950 1085 2991 hominis
1116 2951 1247 2991 binae
1279 2951 1378 2991 viae
1409 2951 1594 2998 ducunt,
1628 2963 1716 2990 una
1747 2963 1772 2990 e
1822 3004 1827 3009 ¹

282 3012 412 3055 caelo
443 3019 489 3054 et
522 3012 666 3054 altera
697 3027 721 3054 e
754 3014 933 3054 mundo.
997 3014 1078 3055 Per
1109 3015 1226 3055 viam
1258 3028 1282 3055 e
1314 3014 1442 3055 caelo
1473 3014 1771 3056 introducitur

2033 3161 2060 3476 Q‘QQ-f:
2058 3131 2060 3137 .
2054 3095 2055 3098 „
