2060 3476
309 351 389 404 338
719 359 1052 392 APOCALYPSIS
1082 360 1382 393 EXPLICATA.

307 471 510 525 planitiei
542 478 588 512 et
620 472 751 513 urbes
783 472 983 513 meridiei
995 471 1015 487 ’'
1041 478 1145 513 sunt
1171 487 1277 513 vera
1305 471 1537 514 do&rinae
1563 487 1675 527 quae
1707 473 1794 515 illis

306 535 380 588 qui
406 535 449 575 in
476 548 618 587 regno
645 534 864 588 spirituali
891 535 1073 576 Domini
1099 541 1217 576 sunt.
1280 535 1418 588 Apud
1443 535 1735 586 Mamaeum,

373 632 480 664 “Vos
498 633 584 664 estis
601 633 661 664 lux
678 633 821 669 mundi:
846 643 918 664 non
937 639 1054 673 potest
1070 634 1154 664 urbs
1172 643 1261 674 quae
1286 632 1322 664 in
1340 639 1462 664 monte
1479 633 1643 674 exposita
1659 640 1713 666 est
1736 644 1795 666 oc-

478 676 574 751 ἓιίιῑὶιῑῐῖ
587 686 673 759 ’,εἶξε
688 677 1010 760 ,14neic5)accendunt
1035 677 1216 707 lucernam
1241 683 1276 708 et
1300 683 1439 717 ponunt
1463 677 1559 708 illam
1585 678 1706 708 subter
1721 687 1795 708 mo-

662 745 668 752 .
732 745 738 757 ,
824 745 830 752 .

303 814 415 856 haec
439 813 559 856 dicta
582 821 686 856 sunt
709 815 766 855 ad
790 814 1048 868 discipulos,
1074 829 1152 868 per
1174 829 1285 868 quos
1308 816 1458 856 omnia
1479 830 1585 856 vera
1607 822 1653 856 et
1675 816 1794 857 bona

303 878 347 918 in
379 877 622 931 complexu
654 877 1299 931 significantur;'quapropter
1324 878 1489 919 dicitur
1517 878 1652 919 “Vos
1684 879 1793 919 estis

303 939 382 980 lux
414 940 607 988 mundi‚”
634 954 711 993 per
746 939 961 980 “lucem”
994 941 1112 980 enim
1145 940 1423 994 significatur
1454 940 1666 982 Divinum
1698 941 1792 982 Ve-

302 1016 398 1044 rum
416 1009 462 1044 et
481 1004 584 1044 inde
602 1003 907 1056 intelligentia
925 1018 932 1053 ;
957 1005 1059 1057 quia
1077 1003 1153 1044 illa
1171 1003 1425 1058 signi-ficata
1439 1010 1543 1045 sunt
1563 1018 1640 1058 per
1657 1008 1682 1024 “
1696 1004 1793 1045 Vos

302 1067 412 1107 estis
439 1066 518 1106 lux
546 1066 738 1115 mun'di,’'
764 1067 866 1107 ideo
893 1067 1067 1115 dicitur,
1099 1070 1225 1107 “non
1253 1073 1406 1120 potest
1433 1067 1536 1107 urbs
1565 1068 1609 1107 in
1636 1073 1793 1108 monte

303 1130 451 1181 posita
484 1129 664 1170 occulta
701 1143 814 1178 esse,
850 1143 931 1170 nec
969 1130 1155 1170 accendi
1194 1129 1375 1171 lucerna
1411 1136 1457 1171 et
1495 1131 1599 1183 poni
1638 1130 1792 1171 subter

303 1192 501 1232 modium
519 1191 553 1242 ;''
586 1206 663 1245 per
691 1192 883 1232 “urbem
896 1191 914 1207 ’¹
947 1193 1065 1233 enim
1095 1194 1176 1233 “in
1209 1199 1364 1233 monte
1397 1194 1592 1246 positam
1605 1192 1624 1208 '’
1653 1193 1791 1245 signi-

302 1253 459 1295 ficatur
476 1268 629 1295 verum
653 1253 882 1295 doctrinae
906 1269 964 1296 ex
987 1255 1107 1296 bono
1129 1256 1307 1303 amoris,
1327 1261 1372 1296 et
1396 1269 1474 1308 per
1494 1255 1760 1296 “lucernam
1773 1254 1793 1271 ’'

262 1311 266 1314 ’
302 1318 345 1357 in
368 1331 533 1370 genere
551 1331 703 1358 verum
723 1332 781 1359 ex
805 1318 924 1359 bono
947 1325 993 1359 et
1016 1318 1119 1359 inde
1142 1317 1459 1371 intelligentia.
1521 1317 1659 1371 Apud
1683 1332 1792 1359 eun-

304 1381 423 1430 dem,

371 1470 521 1502 “Omne
546 1481 693 1511 regnum
719 1471 871 1503 divisum
897 1478 1022 1502 contra
1046 1481 1083 1502 se
1108 1471 1300 1508 desolatur,
1320 1476 1355 1502 et
1375 1470 1493 1502 omnis
1510 1471 1594 1502 urbs
1612 1477 1645 1503 et
1665 1471 1793 1503 domus

476 1515 591 1546 divisa
605 1522 729 1546 contra
746 1525 783 1546 se
802 1525 873 1546 non
892 1514 1082 1546 consistit’'
1100 1514 1171 1554 (xii.
1187 1514 1241 1553 25)
1256 1523 1263 1552 ;

302 1625 380 1664 per
409 1611 665 1664 “regnum’'
692 1612 734 1652 in
762 1607 981 1664 spirituali
1012 1624 1145 1651 sensu
1177 1609 1456 1663 significatur
1481 1609 1686 1659 ecclesia,
1715 1623 1794 1664 per

305 1674 529 1714 “urbem'’
560 1680 606 1714 et
642 1673 898 1714 “domum”
935 1673 1028 1726 ejus
1066 1671 1297 1714 doctrinae
1333 1685 1488 1713 verum
1525 1678 1571 1713 et
1608 1673 1791 1720 bonurn,

302 1750 415 1790 quae
438 1750 527 1777 non
550 1738 806 1778 consistunt
829 1737 908 1777 sed
935 1736 1195 1777 dilabuntur
1217 1736 1251 1776 si
1277 1749 1367 1776 non
1389 1736 1661 1776 unanimiter
1682 1748 1791 1776 con-

304 1800 509 1840 cordant.
572 1799 710 1853 Apud
737 1800 944 1848 eundem,

367 1898 471 1940 Jesus
489 1899 596 1930 mittit
612 1899 798 1931 duodecim
816 1899 1010 1940 discipulos
1029 1899 1071 1930 iis
1087 1899 1220 1933 dicens.
1245 1899 1267 1912 ¹‘
1281 1897 1322 1929 In
1340 1897 1434 1929 viam
1451 1898 1611 1938 gentium
1630 1907 1702 1928 non
1718 1898 1794 1929 abi-

477 1949 561 1980 tote‚
581 1949 615 1974 et
633 1943 668 1974 in
685 1944 809 1974 urbem
829 1943 1132 1974 Samaritanorum
1151 1952 1223 1973 non
1249 1941 1498 1982 ingredimini;
1522 1941 1656 1972 abitote
1673 1941 1791 1981 potius

477 1987 521 2018 ad
538 1996 624 2018 oves
642 1987 842 2027 deperditas
860 1987 988 2018 domus
1008 1986 1149 2017 Israelis
1160 1985 1177 1997 ”
1195 1985 1247 2028 (Χζ
1259 1994 1287 2024 5,
1302 1985 1335 2023 6)
1350 1994 1356 2023 ;

305 2081 414 2121 “via
446 2082 649 2134 gentium
662 2080 681 2096 ’'
710 2082 754 2121 in
780 2094 912 2134 quam
946 2094 1035 2121 non
1068 2080 1257 2127 abirent,
1285 2078 1510 2132 significat
1541 2077 1700 2119 falsum
1725 2074 1791 2119 'ex

302 2142 449 2193 malo;
500 2143 641 2183 “urbs
679 2142 1095 2184 Samaritanorum?
1132 2155 1265 2196 quam
1304 2155 1393 2182 non
1431 2141 1788 2194 ingrederentur,

303 2205 527 2259 significat
554 2205 712 2246 falsam
735 2205 986 2247 doctrinam
1013 2219 1166 2246 eorum
1189 2206 1261 2258 qui
1287 2204 1490 2257 rejiciunt
1518 2203 1790 2254 Dominum;

308 2273 453 2309 “oves
486 2269 748 2322 deperditae
780 2269 940 2309 domus
973 2268 1183 2309 Israelis”
1216 2267 1472 2321 significant
1505 2266 1606 2307 illos
1638 2267 1711 2320 qui
1747 2267 1792 2306 in

300 2332 421 2372 bono
446 2331 681 2372 charitatis
709 2337 812 2371 sunt
840 2338 885 2372 et
912 2331 1015 2372 inde
1041 2330 1128 2371 fide
1158 2329 1391 2385 (“Israel''
1413 2335 1517 2370 sunt
1544 2342 1702 2369 omnes
1729 2328 1792 2369 illi

300 2395 553 2448 ubicunque
583 2393 722 2448 sunt).
786 2393 919 2447 Quod
950 2394 1090 2434 “urbs
1123 2392 1540 2437 Samaritanorum”
1567 2391 1791 2445 significet

299 2457 459 2498 salsam
492 2456 743 2498 doctrinam
775 2470 928 2497 eorum
955 2458 1027 2510 qui
1058 2456 1263 2509 rejiciunt
1296 2456 1555 2504 Dominum,
1585 2461 1655 2495 est
1688 2454 1791 2508 quia

261 2549 264 2551 Α
300 2521 570 2562 Samaritani
589 2534 678 2561 non
697 2521 976 2561 admiserunt
998 2521 1149 2573 Ipsum
1172 2519 1397 2574 (videatur
1413 2519 1515 2559 Luc.
1535 2519 1596 2559 ix,
1619 2517 1789 2571 52—56).

300 2583 440 2637 Apud
468 2583 676 2631 eundem,

369 2672 596 2756 Jesus(dixit,)
614 2673 636 2686 ‘⁴
648 2672 800 2712 Quando
824 2678 1084 2713 persequuntur
1099 2681 1164 2702 vos
1182 2671 1218 2702 in
1236 2671 1321 2702 urbe
1338 2680 1421 2708 una,
1442 2667 1587 2710 [¹]fugite
1604 2669 1639 2700 in
1657 2669 1762 2700 aliam
1775 2668 1792 2680 '’

490 2726 523 2747 x.
542 2724 581 2754 23
610 2725 616 2754 ;

303 2819 382 2858 per
401 2809 425 2826 “
439 2805 592 2845 urbem
605 2804 624 2820 ’'
642 2805 713 2845 hic
737 2819 912 2858 quoque
930 2798 1200 2857 intelligitur
1217 2803 1421 2845 doctrina
1443 2803 1541 2844 falsi
1564 2817 1622 2843 ex
1641 2801 1762 2843 malo
1780 2816 1789 2851 ;

299 2867 418 2920 quod
442 2867 514 2907 ubi
537 2866 626 2915 illa,
648 2874 692 2908 et
716 2881 806 2908 non
830 2868 1148 2908 admitteretur
1169 2865 1374 2908 doctrina
1395 2867 1501 2914 veri,
1520 2864 1792 2917 intelligitur

301 2943 378 2982 per
397 2930 516 2982 quod
537 2931 610 2970 “si
633 2937 1005 2983 persequerentur
1026 2931 1070 2970 in
1088 2930 1195 2971 urbe
1213 2943 1300 2970 una
1322 2930 1528 2982 fugerent
1551 2929 1594 2968 in
1612 2927 1790 2967 aliam.”

296 2992 433 3046 Apud
460 2992 641 3037 Lucam.
