2060 3476
394 328 475 382 586
804 338 1137 373 APOCALYPSIS
1167 340 1466 373 EXPLICATA.

367 451 654 505 -intelligitur
679 452 722 492 in
754 466 886 493 sensu
917 452 1159 506 spirituali;
1197 467 1353 494 sensus
1384 453 1563 495 litterae
1588 460 1738 496 autem
1765 467 1865 496 con-

387 514 504 554 sistit
535 528 595 554 ex
627 514 913 564 secundariis,
940 529 1053 569 quae
1084 521 1188 556 sunt
1214 515 1396 557 effectus
1427 522 1474 557 et
1505 517 1869 570 correspondent,

388 576 439 616 In
471 576 626 617 Verbo
662 577 798 618 etiarn
835 578 987 619 multis
1022 579 1066 618 in
1102 578 1211 619 locis
1247 579 1534 619 nominantur
1570 592 1752 632 preces<
1793 579 1870 620 sed

387 639 488 693 quia
511 653 666 693 preces
692 641 941 693 procedunt
967 655 1026 681 ex
1053 641 1202 690 corde,
1229 648 1277 682 et
1307 655 1383 683 cor
1407 641 1599 682 hominis
1630 633 1700 683 est
1731 641 1870 695 qualis

386 702 478 755 ejus
517 703 611 743 vita
647 704 811 744 amoris
848 710 894 744 et
932 704 1163 744 charitatis
1200 710 1284 753 est,
1321 704 1424 745 ideo
1460 717 1539 757 per
1566 703 1791 757 “preces”
1827 704 1868 744 in

386 778 518 805 sensu
549 766 763 819 spirituali
795 765 1062 819 intelligitur
1093 765 1170 807 illa
1199 767 1306 816 vita,
1339 772 1386 808 et
1418 766 1564 808 cultus
1597 780 1655 807 ex
1687 765 1788 817 illa;
1822 760 1869 807 ut

385 827 429 867 in
455 827 522 868 his
547 829 837 882 sequentibus
855 828 1064 882 z—Apud
1089 827 1266 878 Lucam,

454 924 640 966 “Vigilate
664 925 763 957 omni
786 931 957 966 tempore,
977 931 1162 965 precantes
1180 930 1220 957 ut
1242 924 1340 966 digni
1363 925 1566 957 habeamini
1589 925 1634 957 ad
1665 923 1866 964 fugiendum

558 979 647 1010 quae
671 969 788 1000 futura
811 975 904 1007 sunt,
927 974 962 1000 et
984 969 1029 1000 ad
1052 968 1218 1000 standum
1242 978 1361 1000 coram
1387 968 1476 1000 Filio
1500 968 1654 1000 hominis
1665 967 1683 980 ”
1703 967 1788 1009 (xxi.
1806 968 1867 1008 36.

558 1013 671 1045 Marc.
687 1012 760 1044 xiii.
777 1009 866 1052 [¹133)
880 1021 888 1051 ;

386 1121 463 1160 per
487 1107 708 1160 “vigilare
733 1107 855 1148 omni
881 1107 1116 1160 tempore”
1138 1106 1411 1160 significatur
1432 1108 1572 1148 vitam
1598 1105 1868 1160 spiritualem

386 1170 466 1211 sibi
493 1183 751 1224 comparare
780 1168 1006 1223 (videatur
1034 1183 1179 1224 supra,
1207 1183 1248 1210 n,
1281 1169 1406 1223 187);
1439 1184 1574 1223 quare
1600 1170 1737 1210 etiarn
1763 1170 1869 1210 dici-

385 1239 456 1273 tur
483 1232 798 1286 “precantes,”
823 1233 927 1286 quia
959 1233 1159 1286 precatio
1185 1238 1253 1273 est
1285 1230 1467 1273 effeetus
1498 1232 1612 1272 illius
1638 1233 1771 1282 vitae,
1795 1246 1870 1273 seu

385 1302 625 1336 externum
643 1294 748 1348 ejus,
768 1295 888 1349 quod
907 1301 1083 1335 tantum
1100 1294 1206 1336 facit
1223 1301 1440 1348 quantum
1462 1309 1520 1335 ex
1539 1296 1632 1336 vita
1653 1295 1869 1349 procedit,

386 1364 489 1399 sunt
515 1358 633 1399 enim
661 1371 797 1399 unum
824 1358 938 1398 sicut
965 1359 1113 1398 anima
1139 1364 1184 1399 et
1216 1371 1390 1411 corpus,
1418 1371 1469 1398 ac
1501 1358 1616 1398 sicut
1647 1358 1869 1398 internum

386 1427 431 1462 et
458 1427 710 1462 externum.
771 1420 909 1474 Apud
933 1420 1153 1469 Marcum,

449 1515 553 1558 Jesus
570 1516 668 1554 dixit,
688 1516 853 1548 “Omnia
868 1525 957 1558 quae
974 1522 1159 1556 precantes
1177 1515 1306 1556 petitis,
1326 1515 1456 1547 credite
1474 1515 1567 1556 quod
1583 1515 1769 1556 accepturi,
1790 1521 1872 1546 tunc

559 1559 618 1591 fiet
642 1560 765 1597 vobis;
797 1569 876 1591 cum
900 1569 985 1590 vero
1009 1559 1176 1591 steteritis
1201 1565 1355 1597 orantes,
1378 1559 1546 1590 remittite
1570 1559 1601 1590 si
1625 1559 1709 1599 quid
1732 1559 1870 1590 habetis

558 1609 682 1635 contra
698 1612 909 1644 quemquam
921 1602 939 1615 ’'
956 1603 1016 1643 (xi.
1034 1611 1085 1642 24,
1103 1603 1158 1642 25)
1172 1612 1179 1640 ;

385 1691 454 1732 hic
486 1705 662 1745 quoque
699 1705 778 1744 per
809 1689 1056 1744 “precari,”
1089 1689 1315 1744 “petere’'
1346 1696 1393 1730 et
1426 1693 1591 1731 “orare
1607 1689 1626 1705 ’'
1657 1689 1699 1730 in
1739 1703 1871 1730 sensu

385 1754 600 1808 spirituali
625 1753 891 1807 intelligitur
916 1754 1010 1794 vita
1038 1753 1203 1794 amoris
1229 1759 1275 1794 et
1302 1753 1560 1803 charitatis;
1593 1765 1697 1793 nam
1724 1753 1796 1806 qui
1827 1753 1870 1793 in

384 1818 477 1858 vita
507 1818 671 1858 amoris
702 1823 748 1858 et
780 1816 1013 1858 charitatis
1046 1821 1165 1863 sunt,
1197 1815 1283 1856 illis
1315 1815 1447 1856 datur
1477 1829 1503 1856 a
1534 1815 1731 1856 Domino
1766 1815 1870 1868 quid

384 1881 566 1934 petituri
592 1887 721 1930 sunt;
754 1893 891 1933 quare
919 1892 1008 1919 non
1041 1878 1161 1919 aliud
1193 1883 1355 1932 petunt
1386 1890 1520 1931 quarn
1552 1877 1672 1931 quod
1703 1877 1868 1918 bonum

384 1950 467 1992 est,
495 1950 541 1984 et
567 1943 610 1998 id
637 1942 686 1984 fit
714 1942 824 1983 illis:
858 1948 904 1983 et
935 1942 1037 1995 quia
1068 1940 1180 1981 fides
1211 1941 1348 1981 etiarn
1374 1947 1444 1981 est
1475 1953 1501 1980 a
1532 1940 1742 1988 Domino,
1769 1939 1870 1980 ideo

383 2006 557 2054 dicitur,
588 2005 807 2047 “Credite
834 2005 958 2058 quod
990 2004 1218 2057 accepturi
1235 2003 1268 2054 ;‘’
1300 2009 1345 2044 et
1377 2003 1478 2056 quia
1509 2015 1663 2055 preces
1694 2015 1752 2042 ex
1778 2002 1871 2042 vita

383 2069 614 2110 charitatis
646 2068 913 2122 procedunt,
943 2073 989 2107 et
1015 2073 1118 2107 sunt
1144 2065 1389 2106 secundum
1419 2064 1556 2112 illam,
1583 2064 1684 2105 ideo
1713 2070 1761 2105 ut
1793 2063 1869 2105 fiat

382 2132 628 2173 secundum
660 2122 832 2184 preces,
866 2130 1002 2170 etiam
1034 2129 1208 2176 dicitur,
1244 2127 1395 2168 “Cum
1426 2127 1642 2168 steteritis
1673 2131 1868 2174 orantes,

382 2194 599 2235 remittite
630 2194 665 2234 si
701 2193 805 2246 quid
845 2192 1022 2233 habetis
1054 2197 1213 2232 contra
1245 2189 1549 2243 quemquam.’'
1624 2187 1757 2242 Quod
1793 2201 1871 2241 per

384 2261 522 2298 “cum
554 2256 771 2297 steteritis
804 2254 1018 2295 orantes'’
1045 2252 1319 2306 significetur
1344 2265 1444 2293 cum
1476 2252 1519 2292 in
1551 2251 1674 2292 cultu
1706 2251 1870 2291 Divino

381 2326 500 2369 sunt,
533 2325 660 2373 patet
696 2319 832 2359 etiam
865 2331 924 2357 ex
956 2330 1024 2365 eo,
1057 2315 1177 2369 quod
1209 2315 1351 2355 simile
1383 2314 1501 2367 quod
1532 2314 1591 2354 ibi
1622 2314 1783 2354 dicitur
1813 2312 1869 2353 de

383 2381 689 2430 “orantibus,‘'
721 2381 860 2421 etiam
892 2379 1066 2420 dicatur
1097 2378 1152 2419 de
1185 2376 1514 2418 “offerentibus
1547 2389 1706 2416 munus
1737 2389 1870 2429 super

381 2443 550 2494 altari,’'
575 2443 693 2497 apud
717 2442 1013 2490 Matthaeum,

449 2540 472 2553 ‘⁸
482 2538 518 2570 Si
535 2538 704 2578 obtuleris
722 2547 851 2569 munus
868 2546 974 2577 super
990 2536 1113 2574 altare,
1129 2541 1165 2567 et
1180 2535 1391 2567 recordatus
1407 2534 1502 2576 quod
1518 2533 1627 2565 frater
1643 2539 1723 2565 tuus
1740 2533 1870 2565 habeat

553 2582 686 2622 aliquid
703 2588 827 2612 contra
843 2587 888 2618 te,
905 2580 1064 2620 relinque
1082 2589 1211 2611 munus
1231 2588 1351 2610 coram
1368 2577 1470 2609 altari
1475 2601 1566 2615 .....
1574 2583 1610 2608 et
1633 2576 1729 2617 prius
1747 2586 1870 2608 recon-

553 2626 672 2657 ciliare
689 2625 799 2663 fratri,
819 2630 855 2656 et
871 2630 955 2656 tunc
971 2623 1122 2655 veniens
1139 2622 1227 2654 offer
1249 2620 1407 2654 munus''
1424 2620 1471 2662 (v.
1488 2618 1576 2659 1²123‚
1594 2621 1649 2660 24)
1663 2629 1670 2658 ;

380 2735 458 2775 per
485 2724 681 2761 “munus
713 2719 867 2760 offerre
895 2732 1026 2772 super
1052 2716 1209 2766 altari,’
1248 2715 1523 2769 significatur
1543 2715 1688 2755 omnis
1720 2713 1866 2755 cultus

380 2784 580 2832 Divinus,
618 2797 677 2823 ex
713 2796 848 2823 causa
891 2782 994 2835 quia
1033 2780 1179 2822 cultus
1216 2780 1404 2820 Divinus
1439 2778 1556 2832 apud
1593 2777 1715 2818 illam
1753 2791 1866 2830 gen—

379 2853 473 2888 tem
514 2844 817 2900 principaliter
857 2844 1097 2885 constabat
1137 2843 1181 2883 in
1221 2841 1456 2883 offerendis
1496 2840 1772 2882 holocaustis
1813 2847 1860 2882 et

379 2906 625 2955 sacrifieiis,
652 2919 732 2959 per
756 2918 871 2958 quae
897 2904 1000 2944 ideo
1017 2902 1393 2957 significabantur
1414 2902 1566 2942 omnia
1588 2901 1739 2942 cultus
1765 2912 1867 2950 (vide-

378 2982 450 3007 atur
473 2977 631 3007 Domina
650 2976 759 3006 Novae
778 2975 1018 3013 Hierosolymae,
1042 2983 1073 3003 n.
1098 2982 1165 3012 214,
1182 2973 1281 3013 221);
1321 2961 1426 3003 inde
1461 2967 1673 3002 constare
1708 2967 1863 3015 potest
