2060 3476
657 352 764 386 CAP.
787 353 853 395 11.,
876 352 1015 386 VERs.
1041 352 1185 397 3.-N.
1214 342 1377 398 102[a].
1685 352 1766 395 119

265 466 385 507 unde
417 472 503 516 est,
532 465 653 520 quod
685 467 826 507 etiam
852 466 1037 507 nomina
1063 465 1123 507 ibi
1154 466 1270 507 sicut
1296 465 1449 507 omnia
1474 464 1645 518 reliqua
1671 464 1763 504 sint

265 529 528 583 spiritualia.
574 528 756 570 Nomen
775 529 1038 571 “Dominus
1051 529 1070 545 ''
1085 535 1132 571 et
1150 543 1318 570 nomen
1337 529 1504 582 “Jesus
1524 527 1731 569 Christus
1745 526 1765 541 ''

264 606 348 633 nec
375 593 436 634 ibi
461 593 757 642 enuntiantur
782 593 898 634 sicut
923 593 968 634 in
995 593 1141 642 terris,
1170 593 1249 634 sed
1282 606 1363 646 pro
1387 592 1476 633 illis
1502 590 1760 632 nominibus

265 669 433 697 nomen
454 655 673 697 formatur
694 670 754 697 ex
779 656 882 697 idea
907 657 1110 697 omnium
1132 670 1247 710 quae
1270 656 1474 697 sciuntur
1495 661 1542 696 et
1569 653 1761 695 credun—

265 725 338 760 tur
369 719 426 760 de
458 719 578 773 Ipso,
607 733 722 773 quae
753 719 856 760 idea
887 726 958 761 est
990 734 1050 761 ex
1077 720 1285 760 omnibus
1312 720 1478 760 amoris
1503 724 1550 759 et
1582 717 1686 759 fidei
1717 719 1761 758 in

264 782 448 836 Ipsum:
487 796 624 824 causa
654 789 739 831 est,
767 784 871 837 quia
901 783 1015 824 haec
1047 784 1093 824 in
1125 782 1373 837 complexu
1399 788 1505 823 sunt
1538 781 1761 822 Dominus

263 846 384 900 apud
406 845 535 898 illos;
569 852 640 887 est
663 847 783 887 enim
806 846 1030 887 Dominus
1051 847 1171 901 apud
1194 846 1540 899 unumquemvis
1563 845 1608 885 in
1630 844 1761 885 bonis

263 910 430 950 amoris
463 915 509 951 et
540 908 644 950 fidei
676 924 790 964 quae
821 910 879 951 ab
911 910 1031 963 Ipso.
1094 909 1212 964 Quia
1243 910 1307 950 ita
1339 916 1424 958 est,
1459 908 1762 962 unusquisque

262 972 324 1013 ibi
349 973 507 1014 statim
535 975 829 1027 cognoscitur
854 974 998 1028 qualis
1025 980 1096 1015 est
1128 973 1279 1028 quoad
1311 973 1513 1013 amorem
1546 978 1593 1012 et
1626 971 1761 1012 fidem

262 1037 308 1077 in
335 1036 596 1086 Dominum,
626 1037 764 1078 modo
795 1038 1004 1078 enuntiat
1036 1036 1258 1091 spirituali
1283 1050 1398 1078 voce
1430 1049 1508 1076 seu
1540 1034 1762 1089 spirituali

263 1101 447 1141 nomine
480 1100 727 1141 Dominum
759 1114 839 1142 seu
867 1100 1022 1154 Jesum
1055 1100 1312 1142 Christum:
1357 1106 1404 1141 et
1442 1099 1545 1140 inde
1583 1112 1763 1153 quoque

262 1170 348 1212 est,
373 1163 494 1218 quod
519 1163 584 1204 illi
609 1165 683 1218 qui
709 1177 800 1205 non
826 1165 871 1205 in
896 1164 1048 1218 aliquo
1070 1178 1224 1205 amore
1251 1170 1329 1205 aut
1355 1164 1400 1204 in
1426 1163 1577 1217 aliqua
1602 1162 1690 1203 fide
1716 1163 1761 1203 in

263 1226 417 1280 Ipsum
440 1233 560 1276 sunt,
581 1240 673 1268 non
695 1228 874 1281 possint
897 1228 1131 1273 nominare
1156 1227 1323 1281 Ipsum,
1349 1226 1436 1267 hoc
1460 1232 1546 1275 est,
1570 1226 1763 1267 formare

261 1289 445 1343 aliquod
483 1303 650 1331 nomen
686 1290 921 1344 spirituale
958 1291 1015 1331 de
1053 1291 1173 1344 Ipso.
1236 1290 1312 1330 Ex
1354 1290 1422 1330 his
1460 1302 1578 1330 nunc
1617 1296 1761 1343 patet,

263 1355 383 1395 unde
420 1361 491 1395 est
529 1354 650 1408 quod
686 1368 767 1408 per
806 1354 1045 1395 “nomen’'
1081 1354 1284 1408 Jehovae
1323 1354 1507 1394 Domini
1543 1359 1622 1394 aut
1657 1353 1764 1406 Jesu

263 1417 432 1459 Christi
458 1418 502 1458 in
526 1418 682 1459 Verbo
705 1431 796 1459 non
819 1417 1106 1471 intelligatur
1127 1431 1310 1467 nomen,
1334 1417 1415 1458 sed
1437 1430 1573 1458 omne
1597 1417 1764 1457 amoris

261 1487 309 1522 et
334 1480 439 1522 fidei
466 1495 546 1535 per
567 1481 688 1535 quod
714 1481 890 1522 colitur.
953 1481 1023 1522 Ne
1049 1481 1203 1535 itaque
1228 1480 1430 1521 invaleat
1456 1481 1622 1533 opinio,
1647 1494 1762 1534 quae

261 1544 381 1598 apud
404 1544 554 1599 plures
573 1551 751 1598 regnat,
771 1544 892 1598 quod
911 1544 1058 1585 solum
1081 1557 1248 1585 nomen
1264 1544 1395 1597 Jesus
1413 1543 1636 1592 Christus,
1657 1543 1761 1584 abs-

262 1621 350 1662 que
375 1621 530 1648 amore
559 1614 605 1648 et
637 1607 725 1648 fide
756 1608 800 1648 in
834 1608 1003 1661 Ipsum,
1031 1608 1095 1649 ita
1121 1607 1291 1661 absque
1318 1607 1656 1660 cognitionibus
1682 1620 1762 1660 per

261 1684 374 1724 quas
399 1683 527 1711 amor
553 1677 600 1711 et
625 1669 753 1720 fides,
777 1670 945 1724 aliquid
972 1671 1030 1712 ad
1057 1670 1253 1712 salutem
1275 1670 1427 1719 faciat,
1451 1669 1589 1711 velim
1611 1669 1762 1723 aliqua

262 1733 366 1774 loca
397 1747 422 1774 e
454 1733 611 1774 Verbo
636 1733 806 1783 afferre,
835 1734 909 1775 ubi
938 1738 1163 1787 “propter
1189 1746 1356 1774 nomen
1390 1732 1575 1786 Ipsius,”
1602 1739 1649 1774 et
1677 1733 1761 1773 “in

261 1797 446 1838 nomine
473 1797 618 1850 Ipsius
630 1796 649 1812 ’'
671 1797 861 1847 dicitur;
895 1811 955 1838 ex
981 1797 1140 1851 quibus
1166 1796 1246 1845 illi,
1271 1797 1345 1850 qui
1370 1795 1506 1836 altius
1532 1796 1759 1849 cogitant,

260 1860 414 1902 videre
440 1867 632 1914 possunt
656 1860 778 1914 quod
805 1874 897 1901 non
923 1860 1071 1901 solum
1097 1873 1264 1901 nomen
1291 1859 1576 1912 intelligatur
1593 1859 1746 1907 :—Ut,

325 1948 466 1992 “Jesus
474 1949 571 1988 dixit
591 1949 696 1982 Eritis
712 1950 811 1981 exosi
828 1950 994 1982 omnibus
1012 1955 1156 1991 propter
1171 1959 1304 1981 nomen
1324 1959 1443 1980 meum
1452 1948 1471 1961 '¹
1487 1948 1632 1990 (Matth.
1649 1959 1682 1982 x.
1700 1957 1762 1989 22,
1755 1959 1762 1966 ·

325 2037 428 2071 “Ubi
436 2003 626 2094 csaifntxssiro
640 1992 801 2070 velloires
824 2037 1029 2079 congregati
1052 2037 1088 2069 in
1112 2037 1258 2069 nomine
1281 2047 1374 2090 meo,
1398 2036 1446 2069 ibi
1473 2046 1552 2068 sum
1580 2036 1617 2069 in
1645 2037 1763 2069 medio

435 2081 576 2113 eorum'
579 2080 748 2123 ’.(Mattlz
764 2081 861 2114 xviii.
877 2081 954 2121 20);

324 2125 537 2168 “Quotquot
561 2125 686 2166 Ipsum
705 2131 922 2166 receperunt,
942 2124 1038 2157 dedit
1060 2125 1128 2157 illis
1152 2130 1374 2166 potestatem,
1393 2130 1433 2157 ut
1455 2123 1517 2156 filii
1541 2124 1609 2157 Dei
1632 2131 1762 2163 essent,

435 2169 682 2201 credentibus·
674 2179 710 2200 m
726 2179 859 2201 nomen
877 2168 1023 2210 Ipsius’·
1040 2168 1139 2211 (Joh.
1156 2169 1177 2201 i.
1197 2167 1274 2210 12);

323 2213 447 2246 “Cum
466 2212 572 2255 Jesus
591 2219 666 2245 erat
686 2212 996 2254 Hierosolymis.
1010 2213 1148 2245 ..multi
1164 2212 1414 2245 crediderunt
1405 2223 1442 2244 in
1462 2222 1595 2245 nomen
1616 2211 1762 2254 Ipsius''

325 2302 344 2316 “
355 2301 426 2343 Qui
434 2255 523 2332 (13ss
525 2256 676 2342 οῗεςῖἰῗῖἷ
677 2311 735 2332 am
750 2300 927 2342 judicatus
943 2306 1006 2340 est,
1023 2301 1107 2343 quia
1123 2310 1195 2332 non
1211 2300 1382 2333 credidit
1372 2310 1410 2332 111
1426 2310 1559 2332 nomen
1577 2299 1762 2341 Unigeniti

435 2344 513 2376 Filii
530 2344 625 2376 Dei''
641 2343 741 2387 (Joh.
758 2344 805 2377 iii.
822 2342 844 2369 [¹
834 2343 931 2385 ¹118);

325 2387 455 2420 “Haec
473 2388 603 2429 scripta
620 2394 712 2427 sunt,
731 2394 771 2420 ut
789 2389 939 2433 credatis
957 2388 1052 2431 quod
1070 2388 1176 2439 Jesus
1199 2389 1244 2420 sit
1262 2388 1423 2420 Christus
1443 2388 1552 2420 Filius
1572 2387 1650 2426 Dei,
1669 2393 1705 2420 et
1722 2394 1764 2420 ut

433 2432 617 2464 credentes
632 2432 741 2464 vitam
758 2421 942 2464 habeatis
933 2442 969 2464 m
986 2433 1131 2464 nomine
1149 2431 1296 2473 Ipsius’'
1313 2431 1412 2474 (Joh.
1428 2442 1486 2465 xx.
1503 2432 1578 2474 31),

325 2472 569 2508 “Benedictus
585 2475 645 2517 qui
660 2476 758 2508 venit
776 2476 812 2507 in
830 2476 975 2508 nomine
993 2475 1166 2508 Domini''
1182 2475 1327 2518 (Matth.
1343 2476 1414 2508 xxi.
1430 2486 1470 2518 9,
1493 2485 1568 2517 cap.
1584 2475 1681 2508 xxiii.
1698 2484 1760 2518 39:

432 2519 517 2551 Luc.
532 2519 604 2551 xiii.
621 2528 682 2560 35;
704 2529 779 2560 cap.
795 2519 865 2552 xix.
882 2519 957 2560 38);

325 2562 523 2605 “Quisquis
550 2562 726 2604 reliquerit
752 2564 889 2602 domos,
916 2569 979 2596 aut
1004 2563 1139 2602 fratres,
1167 2568 1229 2595 aut
1258 2572 1408 2603 sorores,
1436 2568 1497 2596 aut
1523 2568 1673 2605 patrem,
1700 2571 1763 2595 aut

434 2611 593 2645 matrem,
610 2611 670 2638 aut
687 2616 846 2646 uxorem,
863 2612 926 2639 aut
943 2607 1082 2646 liberos,
1101 2612 1162 2639 aut
1180 2617 1295 2648 agros,
1315 2613 1461 2648 propter
1478 2617 1611 2639 nomen
1630 2617 1760 2646 meum,

435 2649 601 2691 centupla
614 2650 761 2691 accipiet
776 2656 811 2683 et
825 2650 936 2682 vitam
951 2656 1132 2683 aeternam
1141 2650 1160 2663 ”
1176 2650 1322 2692 (Matth.
1338 2651 1407 2684 xix.
1425 2651 1492 2693 29).

260 2727 364 2767 (Quid
377 2726 431 2756 hic
445 2726 640 2764 significatur
652 2735 710 2764 per
725 2729 742 2741 ‘¹
753 2727 878 2762 domos,
893 2726 1013 2762 fratres,
1028 2735 1162 2762 sorores,
1176 2731 1310 2766 patrem,
1326 2732 1472 2762 matrem,
1487 2736 1631 2762 uxorem,
1646 2727 1764 2756 liberos

259 2777 292 2802 et
311 2771 438 2811 agros‚''
454 2780 538 2810 quae
558 2771 697 2801 relieturi
711 2776 843 2810 propter
855 2781 975 2802 nomen
990 2772 1134 2808 Domini,
1149 2773 1296 2802 videatur
1310 2773 1343 2802 in
1357 2773 1499 2802 Arcanis
1517 2773 1714 2807 Caelestibus,
1731 2781 1762 2802 n.

261 2827 370 2857 10490·
373 2817 385 2857 )

301 2875 859 2961 Jesusxgixitt11‘3911gdcumque
878 2876 1046 2919 petieritis
1065 2877 1102 2910 in
1126 2878 1271 2911 nomine
1289 2887 1388 2918 meo„
1399 2878 1467 2910 hoc
1486 2877 1641 2911 faciam”
1659 2875 1761 2920 (Joh.

262 3001 456 3053 “petere
482 2998 526 3039 in
553 2998 734 3040 nomine
761 2998 904 3049 meo,'’
926 3005 997 3041 est
1023 3013 1083 3040 ex
1109 3012 1264 3040 amore
1290 3004 1338 3041 et
1367 2998 1469 3040 fide.
