2060 3476
666 357 773 397 CAP.
796 358 862 398 11.‚
886 358 1026 391 VERS.
1048 348 1197 391 6.—N.
1226 360 1315 405 107.
1631 361 1707 406 125

162 521 166 526 Ι
213 470 320 513 dum
352 478 435 514 est.
495 472 662 514 Vivere
693 472 939 514 secundum
971 474 1255 527 cognitiones
1286 475 1378 516 veri
1410 482 1457 517 et
1488 477 1608 525 boni,
1639 483 1708 518 est

213 536 414 588 cogitare
440 535 560 589 quod
591 536 668 584 ita,
697 549 788 576 non
817 535 947 577 aliter
977 537 1229 578 faciendum
1260 538 1332 586 sit,
1360 540 1463 592 quia
1493 553 1708 593 praecep-

211 603 308 639 tum
335 605 404 640 est
435 612 463 639 a
493 598 690 639 Domino
721 599 764 638 in
791 598 973 650 Verbo;
1007 613 1108 640 cum
1140 600 1277 642 homo
1308 602 1412 642 inde
1444 603 1634 655 cogitat,
1662 609 1708 644 et

211 661 316 703 inde
338 661 435 703 vult
461 668 508 703 et
533 662 653 710 facit,
678 667 785 703 tunc
808 661 858 703 fit
884 662 960 703 ille
982 663 1248 716 spiritualis:
1283 665 1362 705 sed
1386 671 1569 718 oportet
1591 665 1707 715 illos,

211 726 284 778 qui
321 726 440 767 intra
475 725 714 766 ecclesiam
752 732 872 774 sunt,
906 726 1090 767 credere
1127 728 1172 767 in
1211 727 1481 779 Dominum;
1523 735 1569 770 et
1607 743 1708 770 cum

211 789 416 841 cogitant
448 789 506 830 de
538 789 656 842 Ipso,
690 790 893 842 cogitare
924 789 982 830 de
1014 789 1179 831 Divino
1216 790 1360 844 Ipsius
1396 792 1440 832 in
1479 792 1707 842 Humano,

169 891 172 894 Α
211 853 421 906 quoniam
444 866 504 894 ex
529 852 694 893 Divino
718 852 932 894 Humano
958 853 1101 906 Ipsius
1127 854 1331 907 procedit
1354 869 1489 896 omne
1511 855 1708 896 charita-
1754 871 1762 880 *

214 915 273 956 tis
300 922 346 956 et
373 915 487 957 fidei.

291 984 426 1025 106.
465 982 563 1023 “sin
585 983 732 1030 minus,
760 983 912 1024 veniam
942 983 1015 1024 tihi
1038 984 1134 1031 cito,
1158 988 1203 1024 et
1227 986 1390 1026 movebo
1419 986 1709 1027 candelabrum

211 1047 320 1083 tuum
349 1056 373 1083 ο
401 1044 493 1084 loco
520 1053 608 1091 suo,
634 1043 676 1083 si
699 1056 777 1083 non
799 1043 1266 1098 resspuerkst—Quod
1291 1045 1516 1098 significet
1540 1046 1586 1087 sz'
1609 1060 1706 1092 non,

210 1105 330 1158 quod
348 1111 511 1146 certum
536 1105 598 1146 sit
624 1119 707 1145 non
733 1106 842 1146 dari
867 1106 1046 1156 caelum,
1073 1112 1255 1148 constat
1287 1121 1346 1148 ex
1378 1107 1708 1161 significatione

212 1169 400 1209 “venire
422 1168 553 1217 cit0‚‘'
570 1169 690 1222 quod
714 1170 771 1209 sit
794 1183 875 1222 pro
899 1175 1054 1220 certo;
1089 1168 1229 1223 (quod
1251 1171 1382 1211 “cito
1395 1170 1413 1185 '’
1436 1172 1493 1212 sit
1517 1177 1706 1220 certum,

160 1236 162 1239 ’
210 1232 417 1278 videatur
439 1245 585 1285 supra,
610 1246 652 1272 n.
675 1242 700 1284 7
720 1231 749 1286 ;)
789 1246 848 1273 ex
871 1233 1203 1285 significatione
1227 1233 1564 1283 “candelabri,’'
1586 1235 1708 1288 quod

211 1295 269 1336 sit
301 1294 493 1336 ecclesia
525 1302 571 1336 et
603 1295 778 1336 caelum
820 1294 896 1349 (de
928 1310 1015 1350 qua
1046 1297 1182 1337 etiam
1214 1310 1360 1350 supra,
1386 1311 1428 1337 n.
1459 1296 1563 1351 62);
1606 1298 1710 1339 inde

211 1362 480 1399 “removere
498 1358 818 1400 candelabrum
837 1373 861 1400 e
884 1359 986 1400 loco
1004 1373 1085 1400 suo
1097 1359 1116 1374 ”
1131 1365 1201 1400 est
1219 1374 1426 1413 separare
1444 1361 1501 1401 ab
1519 1361 1711 1402 ecclesia

209 1427 255 1462 et
281 1421 422 1471 caelo,
451 1436 529 1462 seu
555 1435 645 1462 non
672 1422 767 1463 dari
793 1422 880 1463 illis
906 1422 1095 1463 caelum.
1157 1421 1291 1475 Quod
1322 1422 1407 1463 illis
1434 1425 1507 1477 qui
1532 1425 1576 1464 in
1603 1424 1710 1465 solis

209 1485 544 1537 cognitionibus
571 1491 689 1534 sunt,
717 1492 764 1527 et
791 1499 880 1526 non
913 1487 956 1526 in
983 1487 1076 1527 vita
1107 1486 1356 1527 secundum
1387 1486 1500 1535 illas,
1529 1501 1619 1531 non
1651 1489 1710 1529 sit

209 1547 399 1597 caelum,
426 1549 631 1590 videatur
656 1563 790 1603 supra
818 1548 879 1602 (n.
909 1549 1021 1603 104).

289 1631 416 1676 107.
447 1633 552 1671 [Vers.
572 1633 617 1672 6.]
648 1622 761 1663 “Sed
790 1622 904 1676 [hoc]
938 1623 1065 1664 habes
1093 1624 1202 1677 quod
1231 1623 1356 1664 odisti
1383 1636 1508 1677 oper-a
1537 1625 1710 1666 Nicolai-

212 1687 361 1730 tarum,
386 1683 527 1736 fflqcme
556 1687 600 1723 et
625 1683 709 1736 Ego
737 1682 1043 1736 odi.¹'-—Quod
1072 1683 1297 1736 significet
1322 1685 1652 1726 aversationem
1681 1700 1711 1727 a

209 1744 377 1785 Divino
395 1751 482 1798 pro
507 1744 599 1785 illis
625 1745 705 1798 qui
726 1751 942 1797 separant
971 1745 1126 1785 bonnm
1151 1759 1180 1786 a
1204 1759 1320 1795 vere,
1347 1760 1422 1786 seu
1446 1746 1710 1788 charitatem

209 1823 237 1849 a
262 1808 372 1862 fide,
405 1823 427 1849 e
461 1823 544 1862 quo
579 1823 662 1849 non
699 1809 807 1856 vita,
841 1815 1024 1850 constat
1061 1823 1120 1850 ex
1159 1809 1489 1862 significatione
1529 1811 1708 1853 “habes

210 1872 330 1925 quod
362 1872 536 1920 odisti‚‘’
562 1872 682 1925 quod
715 1873 772 1913 sit
799 1873 1050 1922 aversatio;
1084 1872 1204 1926 quod
1231 1874 1288 1914 sit
1314 1876 1539 1915 aversatio
1570 1889 1596 1915 a
1629 1875 1708 1916 Di-

209 1936 416 1983 vinofest
435 1936 536 1989 quia
559 1936 722 1976 dicitur
741 1934 928 1989 “fflquae
950 1942 996 1976 et
1020 1935 1123 1989 Ego
1145 1936 1220 1976 odi
1237 1936 1270 1986 ;'’
1295 1950 1354 1977 ex
1379 1937 1708 1990 significatione

211 1999 474 2052 “operum‚''
496 1999 617 2052 quod
640 2000 730 2039 sint
753 2013 867 2052 quae
889 2005 993 2040 sunt
1017 2000 1195 2048 mentis,
1220 2000 1339 2040 unde
1361 2014 1498 2053 opera
1523 1999 1600 2054 (de
1621 2015 1709 2055 qua

208 2076 354 2115 supra,
382 2075 423 2102 n.
449 2061 554 2116 98);
587 2076 647 2103 ex
679 2062 1009 2115 significatione
1038 2062 1441 2112 “Nicolaitarum,”
1466 2064 1586 2117 quod
1619 2066 1708 2106 sint

210 2126 284 2178 qui
308 2131 520 2178 separant
545 2125 713 2166 bonum
739 2139 765 2166 a
786 2140 907 2174 vero,
931 2140 1008 2167 seu
1031 2126 1300 2167 charitatem
1323 2140 1350 2167 a
1374 2126 1489 2177 fide;
1522 2128 1595 2181 qui
1621 2126 1707 2169 hoc

208 2189 394 2238 faciunt,
417 2189 503 2229 illis
528 2203 618 2230 non
644 2195 714 2231 est
739 2190 846 2230 vita.
908 2188 1042 2242 Quod
1067 2189 1153 2230 illis
1179 2203 1269 2230 non
1296 2190 1353 2231 sit
1376 2191 1483 2238 vita,
1507 2198 1577 2231 est
1603 2192 1708 2245 quia

210 2252 356 2292 omnis
373 2252 467 2292 vita
489 2252 730 2305 spiritualis
748 2259 818 2293 est
837 2252 1084 2301 charitatis,
1105 2260 1151 2294 et
1175 2253 1298 2293 nulla
1318 2253 1421 2294 fidei
1444 2261 1680 2307 separatae
1697 2269 1706 2306 ;

209 2314 313 2355 fidei
345 2315 464 2355 enim
495 2321 565 2356 est
598 2316 710 2356 scire
742 2322 788 2356 et
819 2317 1038 2369 cogitare,
1071 2323 1119 2357 at
1151 2317 1385 2357 charitatis
1417 2323 1486 2357 est
1512 2317 1630 2358 velle
1661 2324 1707 2358 et

209 2377 368 2418 facere.
430 2377 518 2430 Qui
549 2386 760 2432 separant
794 2380 1064 2420 charitatem
1096 2394 1122 2420 a
1152 2379 1254 2429 fide,
1287 2380 1350 2421 illi
1387 2394 1567 2433 prorsus
1599 2380 1708 2421 nihil

210 2441 324 2482 scire
346 2448 534 2494 possunt
552 2442 657 2495 quid
678 2442 784 2483 facit
803 2442 977 2483 caelum
1000 2450 1046 2483 et
1065 2443 1303 2484 ecclesiam
1321 2444 1439 2496 apud
1462 2444 1706 2492 hominem,

209 2504 274 2544 ita
299 2504 404 2557 quid
435 2505 575 2545 vitam
601 2505 892 2558 spiritualem,
918 2507 1129 2559 quoniam
1156 2520 1244 2547 non
1271 2508 1479 2560 cogitant
1510 2508 1629 2548 intra
1659 2521 1707 2548 se

208 2567 287 2607 sed
306 2573 440 2608 extra
458 2581 518 2608 se.
569 2567 784 2621 Cogitare
803 2575 936 2610 extra
958 2583 1006 2610 se
1024 2576 1093 2610 est
1113 2569 1258 2610 solum
1277 2584 1335 2611 ex
1354 2571 1584 2618 memoria,
1602 2584 1706 2612 narn

209 2631 322 2671 haec
349 2637 419 2671 est
445 2637 579 2671 extra
600 2631 830 2673 hominem
857 2633 971 2674 sicut
994 2639 1064 2673 est
1087 2634 1250 2673 atrium
1273 2647 1351 2686 per
1373 2633 1491 2686 quod
1515 2635 1708 2675 intratur

206 2694 253 2734 in
276 2694 459 2734 domum
483 2700 528 2734 et
551 2693 643 2747 ejus
665 2695 924 2746 conclavia;
957 2703 1003 2737 et
1025 2697 1069 2737 in
1093 2698 1419 2749 cogitationem
1437 2711 1552 2750 quae
1574 2704 1707 2738 extra

208 2757 439 2798 hominem
461 2756 635 2798 caelum
659 2771 747 2798 non
774 2765 927 2812 potest
949 2759 1144 2808 influere,
1169 2774 1273 2801 nam
1297 2760 1470 2801 caelum
1493 2761 1635 2801 influit
1662 2762 1706 2802 in

206 2820 284 2860 illa
309 2834 422 2874 quae
446 2821 564 2862 intra
592 2821 820 2863 hominem
845 2829 962 2871 sunt,
989 2830 1036 2864 et
1068 2837 1147 2876 per
1172 2838 1225 2864 ea
1256 2824 1299 2864 in
1331 2823 1407 2864 illa
1432 2838 1545 2877 quae
1572 2831 1706 2865 extra

207 2883 331 2924 illum
364 2890 494 2935 sunt3
535 2885 640 2925 inde
671 2891 755 2932 est,
788 2886 908 2939 quod
946 2900 1027 2927 nec
1059 2887 1217 2927 instrui
1250 2888 1424 2941 possint
1455 2887 1560 2940 quid
1598 2887 1705 2928 facit

207 2947 382 2988 caelum
400 2954 446 2989 et
469 2947 720 2996 ecclesiam,
741 2962 817 2989 seu
834 2950 974 2994 vitam
991 2956 1223 2991 aeternam
1244 2965 1252 3000 ;
1280 2964 1384 2991 nam
1403 2951 1705 3003 unusquisque

207 3011 440 3052 instruitur
461 3025 485 3052 e
508 3011 650 3061 caelo,
669 3011 754 3053 hoc
778 3018 862 3062 est,
887 3026 966 3066 per
983 3013 1157 3055 caelum
1180 3028 1206 3054 a
1228 3014 1440 3064 Domino,
1460 3015 1516 3055 de
1539 3014 1702 3055 talibus
