2060 3476
268 334 347 378 170
681 328 1018 362 APOCALYPSIS
1049 329 1346 362 EXPLICATA.

262 446 408 500 clipei,
442 453 488 488 et
520 445 706 495 similia;
741 457 830 485 non
853 443 974 498 quod
1000 457 1078 497 per
1100 443 1210 485 talia
1234 442 1322 485 illis
1347 456 1526 497 pugnae
1548 444 1652 493 sint,
1677 444 1756 486 sed

264 516 368 550 sunt
401 509 537 550 modo
569 508 862 562 apparentiae
893 507 1308 560 repraesentativae
1345 519 1596 560 pugnarum
1629 507 1756 560 spiri·

263 572 466 613 tualium.
530 570 724 624 Quando
755 570 867 610 falsa
893 570 1057 610 acriter
1082 575 1288 622 pugnant
1315 576 1475 610 contra
1500 583 1619 618 vera,
1648 576 1755 610 tunc

263 635 532 688 quandoque
555 648 578 675 e
601 633 728 674 caelo
751 639 940 686 apparet
963 632 1177 686 splendor
1199 638 1276 673 aut
1303 631 1450 685 fulgur
1471 633 1591 673 ensis
1614 633 1756 673 utrin-

263 712 348 751 que
379 711 427 738 se
459 698 690 745 vibrantis,
725 710 783 737 ex
816 710 904 749 quo
936 708 1127 748 magnus
1160 701 1329 746 terror;
1362 709 1450 748 quo
1482 694 1758 748 dissipantur

263 760 326 801 illi
358 761 431 814 qui
463 774 522 801 ex
554 759 675 800 falsis
707 765 926 813 pugnant.
990 758 1064 798 Ex
1096 772 1151 799 eo
1184 763 1313 812 patet
1346 757 1451 811 quid
1487 757 1759 811 intelligitur

264 837 342 878 per
367 823 479 864 haec
507 823 625 876 apud
650 821 934 871 Ezechielem,

333 920 355 934 ⁴⁴
368 919 631 951 Exhorrescent
648 928 728 950 cum
744 918 865 949 volare
882 917 1000 949 fecero
1017 917 1175 958 gladium
1193 926 1312 948 meum
1337 922 1478 957 praeter
1493 916 1603 948 facies
1620 925 1756 955 eorum,

438 969 476 994 ut
493 963 671 1003 trepident
687 962 732 993 ad
749 967 933 993 momenta
949 967 1093 1002 propter
1109 961 1266 992 animam
1283 970 1385 992 suam
1397 959 1415 971 ’'
1432 959 1554 1001 (xxxii.
1572 960 1711 999 10-12);

265 1046 312 1080 et
339 1038 457 1092 apud
484 1038 691 1087 eundem,

335 1115 358 1130 “
370 1114 548 1155 Propheta
561 1120 596 1146 et
612 1115 667 1146 dic
671 1139 763 1152 .....
771 1114 910 1154 gladius
923 1120 1091 1146 exacutus
1108 1119 1173 1152 est,
1190 1114 1365 1155 etiamque
1383 1113 1560 1154 expolitus
1564 1138 1657 1151 .....
1663 1119 1702 1146 ut
1715 1114 1762 1146 sit

440 1158 471 1189 ei
497 1158 666 1198 splendor
670 1183 762 1195 .....
770 1164 808 1189 ut
831 1158 1060 1198 colliquescat
1084 1167 1144 1189 cor
1147 1182 1239 1196 .....
1247 1158 1302 1195 ah,
1330 1155 1446 1189 factus
1470 1163 1525 1188 est
1553 1157 1589 1188 in
1614 1157 1732 1199 fulgur
1742 1156 1760 1170 ’¹

441 1202 525 1242 (xxi.
553 1210 668 1240 14-20,
684 1210 724 1241 33
744 1199 804 1244 [B.
818 1203 863 1233 A.
878 1212 909 1242 9,
926 1210 976 1239 10,
994 1199 1075 1243 15]).

268 1298 402 1352 Quod
429 1299 532 1339 inde
559 1304 715 1339 tantus
741 1304 886 1339 terror
907 1298 980 1347 sit,
1005 1304 1074 1339 est
1097 1298 1200 1352 quia
1223 1297 1399 1345 ferrum,
1424 1311 1482 1338 ex
1510 1311 1599 1351 quo
1624 1298 1758 1346 ensis,

268 1361 491 1415 significat
525 1375 679 1402 verum
716 1362 759 1402 in
792 1361 975 1410 ultimis,
1009 1375 1060 1402 ac
1093 1360 1307 1415 splendor
1338 1366 1384 1401 et
1421 1360 1567 1414 fulgur
1599 1366 1669 1402 est
1700 1374 1759 1402 ex

268 1425 366 1466 luce
393 1424 505 1466 caeli
526 1431 582 1469 >et
610 1424 702 1477 ejus
728 1424 981 1465 vibratione
1009 1437 1140 1477 super
1165 1436 1294 1465 eum:
1330 1423 1408 1464 lux
1436 1423 1549 1464 caeli
1576 1430 1645 1464 est
1679 1423 1759 1464 Di-

267 1489 420 1528 vinum
453 1487 623 1528 Verum
655 1487 905 1541 procedens
937 1501 962 1527 a
995 1486 1218 1537 Domino;
1253 1486 1465 1527 Divinum
1495 1486 1666 1527 Verum
1698 1487 1762 1527 ita

268 1551 470 1592 incidens
493 1551 536 1591 in
559 1550 661 1591 illos
678 1551 749 1604 qui
773 1551 817 1591 in
840 1549 961 1591 salsis
980 1557 1084 1590 sunt
1104 1556 1322 1590 terrorem
1341 1550 1516 1590 incutit.
1579 1549 1761 1590 Exinde

268 1628 445 1668 quoque
472 1620 601 1668 patet
628 1613 733 1667 quid
760 1612 1039 1667 significatur
1065 1626 1143 1666 per
1168 1612 1303 1666 quod,
1326 1610 1471 1665 ejecto
1498 1611 1695 1659 Adamo,

338 1709 428 1741 “Ab
444 1710 581 1741 oriente
607 1709 738 1741 Edenis
763 1709 923 1740 habitare
949 1706 1033 1740 faeti
1058 1708 1129 1740 sint
1153 1708 1308 1745 cherubi,
1328 1713 1363 1739 et
1388 1708 1532 1739 flamma
1547 1707 1655 1748 gladii
1679 1708 1762 1739 hinc

445 1754 526 1785 inde
553 1754 722 1784 vertentis
747 1760 781 1784 et
805 1753 979 1784 vibrantis
1004 1762 1042 1784 se
1067 1752 1111 1783 ad
1128 1752 1399 1783 custodiendum
1419 1751 1511 1782 viam
1529 1751 1574 1783 ad
1597 1752 1760 1782 arborem

444 1796 567 1828 vitae”
585 1797 682 1838 (Gen.
698 1797 745 1828 iii.
762 1796 836 1837 24);

270 1906 348 1947 per
382 1893 624 1933 “arborem
662 1891 813 1933 vitae'‘
850 1891 1128 1945 significatur
1162 1904 1289 1931 amor
1325 1890 1549 1938 caelestis,
1582 1890 1656 1943 qui
1690 1895 1760 1930 est

270 1969 396 1997 amor
421 1957 463 1997 in
495 1956 767 2006 Dominum;
801 1969 879 2009 per
907 1954 1198 1996 “cherubos”
1223 1954 1456 2004 custodia;
1489 1967 1568 2007 per
1597 1953 1759 1993 “flam-

271 2034 391 2061 mam
431 2020 569 2073 gladii
609 2019 711 2060 hinc
752 2020 854 2059 inde
893 2019 1114 2059 vertentis
1151 2016 1230 2072 se''
1268 2016 1460 2058 terrifica
1496 2014 1674 2057 abactio
1713 2022 1759 2056 et

271 2081 452 2136 rejectio
484 2083 682 2123 omnium
714 2082 787 2135 qui
824 2082 867 2122 in
904 2080 1026 2122 falsis
1058 2086 1189 2130 sunt;
1234 2080 1420 2120 “oriens
1457 2077 1658 2119 Edenis‘’
1690 2084 1759 2119 est

271 2146 344 2186 ubi
367 2146 623 2199 praesentia
646 2144 827 2185 Domini
850 2150 919 2184 est
942 2145 986 2184 in
1007 2143 1086 2184 illo
1103 2155 1280 2183 amore:
1315 2141 1592 2194 significatur
1609 2142 1760 2194 itaque

272 2223 350 2263 per
384 2208 475 2256 illa,
508 2207 627 2261 quod
665 2208 810 2247 omnis
841 2207 990 2247 aditus
1022 2205 1199 2246 clausus
1232 2206 1290 2246 sit
1327 2205 1383 2245 ad
1421 2192 1761 2257 agnoscendum

273 2271 419 2313 solum
452 2271 697 2312 Dominum
732 2269 809 2323 [ei]
839 2270 912 2323 qui
944 2283 1035 2310 non
1062 2269 1204 2310 vitam
1236 2269 1401 2309 amoris
1429 2269 1554 2308 vivit.
1628 2266 1761 2320 Quod

273 2349 351 2390 per
385 2334 621 2388 “gladium
635 2333 653 2348 ’'
686 2332 961 2386 significetur
995 2331 1170 2380 falsum,
1204 2338 1332 2384 patet
1370 2331 1607 2371 manifeste
1644 2331 1762 2384 apud

273 2397 555 2446 Ezechielem,
585 2397 657 2437 ubi
683 2396 739 2437 de
765 2396 962 2449 principe
987 2394 1096 2447 Tyri
1123 2394 1208 2435 hoc
1235 2394 1412 2441 dicitur,

343 2499 365 2511 ¹‘
378 2496 628 2536 Evaginabunt
645 2495 783 2535 gladios
797 2503 903 2534 super
917 2493 1214 2534 pulchritudinem
1227 2492 1422 2533 sapientiae
1436 2498 1516 2523 tuae
1527 2491 1545 2504 ’¹
1559 2491 1693 2532 (xxviii.
1711 2493 1743 2532 7)
1755 2501 1763 2529 ς

274 2610 353 2650 per
395 2594 679 2648 “principem
718 2592 857 2645 Tyri”
895 2590 1171 2645 significatur
1208 2590 1514 2644 intelligentia
1549 2603 1664 2644 quae
1703 2603 1763 2631 ex

275 2657 609 2712 cognitionibus
641 2657 759 2706 veri;
802 2656 904 2709 quia
935 2654 1012 2695 illa
1047 2654 1355 2707 exstinguitur
1390 2667 1469 2706 per
1503 2652 1628 2702 falsa,
1661 2652 1763 2693 ideo

275 2722 437 2762 dicitur
465 2723 634 2773 “super
660 2717 968 2772 sapientiam,'’
995 2716 1115 2771 quod
1147 2730 1237 2757 non
1265 2716 1352 2757 dici
1383 2722 1538 2770 posset
1571 2715 1654 2756 nisi
1686 2728 1763 2768 per

278 2782 525 2837 “gladios‘'
550 2781 914 2834 intelligerentur
938 2780 1063 2821 falsa.
1422 2829 1425 2832 ὴ

355 2857 477 2901 132.
508 2857 613 2895 [Vers.
631 2856 692 2894 13.]
724 2844 853 2885 “Novi
868 2857 991 2897 oper-a
1008 2843 1312 2896 tuuf—Quod
1330 2842 1555 2896 significet
1572 2855 1763 2882 amorem

274 2908 482 2962 etfidem,
506 2913 689 2949 constat
716 2920 774 2947 ex
801 2906 888 2946 illis
915 2919 1028 2959 quae
1055 2918 1187 2958 supra
1212 2904 1274 2958 (n.
1297 2905 1350 2957 98
1376 2910 1422 2945 et
1455 2902 1550 2957 116)
1579 2908 1764 2943 ostensa

277 2977 394 3011 sunt.
