2060 3476
0 302 6 412 effi
0 0 29 288 ywew

622 371 729 404 CAP.
752 371 813 412 v.,
836 370 976 405 VERs.
1001 362 1147 403 8.-N.
1173 359 1340 415 324[b].
1649 368 1726 424 573

317 482 401 537 [b.]
445 482 581 536 Quod
611 482 676 524 ita
705 483 779 531 sit,
809 488 1023 523 constare
1053 487 1210 535 potest
1241 495 1300 522 ex
1332 480 1446 521 locis
1475 480 1520 520 in
1551 478 1725 528 Verbo,

234 545 308 586 ubi
334 551 645 586 memorantur
660 544 798 586 :—Ut
825 543 943 598 apud
971 543 1147 593 Mosen,

303 641 326 653 ‘⁴
338 639 461 672 Facies
478 640 589 672 altare
605 640 795 672 suffitionis
811 640 1016 678 suffimenti,
1027 665 1034 672 .
1050 665 1057 672 .
1071 645 1123 672 .et
1139 640 1295 671 obduces
1314 639 1400 671 illud
1420 649 1508 670 auro
1525 648 1626 680 puro,
1637 664 1644 671 .
1660 664 1667 671 .
1681 644 1733 671 .et

408 683 510 715 dabis
528 684 615 716 illud
631 690 714 715 ante
731 684 849 715 velum
867 684 962 725 quod
978 693 1086 724 super
1101 693 1184 715 arca
1200 683 1398 715 testimonii
1416 689 1500 714 ante
1523 683 1732 723 propitiato-

408 727 499 758 rium
513 737 536 765 ;.
552 753 559 759 .
573 753 580 760 .
595 733 646 760 ,et
658 728 773 759 suffiet
786 737 894 768 super
906 727 967 759 illo
976 728 1125 759 Aharon
1135 728 1377 759 suffimentum
1391 732 1593 757 aromatum
1603 726 1731 767 quovis

407 781 524 809 mane,
541 771 578 802 in
592 771 803 803 adornando
819 772 984 803 lucernas
997 772 1113 803 suffiet
1126 771 1213 802 illud
1227 781 1234 808 ;
1251 777 1287 802 et
1303 771 1341 802 in
1354 771 1548 802 ascendere
1565 770 1731 801 faciendo

407 815 571 846 lucernas
584 816 678 846 inter
690 824 860 855 vesperas
873 816 990 847 suffiet
1003 815 1092 847 illud
1105 825 1112 852 ;
1137 815 1379 846 suffimentum
1393 814 1477 854 juge
1491 823 1611 845 coram
1625 813 1732 855 jeho-

407 858 477 890 vah
502 858 538 890 in
563 858 816 899 generationes
833 864 991 892 vestras:
1018 869 1082 890 nec
1106 858 1301 890 ascendere
1325 858 1465 889 facietis
1489 858 1730 889 suffimentum

406 902 563 933 alienum
580 908 615 934 et
639 902 888 934 holocaustum
906 908 942 934 et
959 903 1139 934 mincham
1156 908 1192 934 et
1215 902 1372 933 libamen
1390 911 1496 942 super
1512 911 1556 933 eo
1567 900 1585 912 '¹
1602 901 1727 941 (Exod.

405 955 488 978 xxx
509 946 627 986 1-1o);

165 1068 168 1072 -
231 1038 351 1092 quod
377 1053 456 1093 per
480 1039 565 1080 hoc
595 1039 806 1081 “altare‘'
831 1047 878 1082 et
904 1055 983 1095 per
1010 1032 1298 1082 “suffitiones
1310 1040 1329 1055 ''
1352 1054 1484 1093 super
1509 1054 1564 1080 eo
1589 1039 1728 1092 signi·

230 1101 389 1143 ficatus
416 1103 474 1144 sit
501 1102 648 1144 cultus
675 1104 748 1157 qui
771 1118 830 1145 ex
858 1105 978 1145 bono
1000 1104 1231 1158 spirituali,
1255 1110 1466 1145 constare
1492 1109 1646 1157 potest
1669 1117 1729 1144 ex

230 1179 285 1206 eo
315 1165 436 1219 quod
472 1165 558 1207 hoc
590 1168 788 1220 positum
820 1167 950 1208 fuerit
982 1168 1026 1208 in
1058 1167 1279 1208 Tentorio
1311 1173 1564 1208 conventus
1595 1172 1730 1207 extra

229 1228 392 1277 velum,
412 1229 485 1270 ubi
503 1230 639 1270 etiam
659 1229 883 1278 lucernae,
905 1236 951 1271 et
974 1244 1052 1284 per
1071 1234 1096 1250 “
1110 1229 1408 1271 Tentorium’'
1425 1228 1728 1283 significatum

228 1298 298 1333 est
321 1305 509 1346 regnum
533 1293 764 1346 spirituale
786 1293 984 1342 Domini,
1007 1300 1055 1334 at
1078 1307 1157 1347 per
1177 1293 1301 1334 illam
1324 1300 1500 1347 partem
1523 1293 1729 1334 Tentorii

228 1369 343 1409 quae
373 1362 471 1397 erat
509 1357 628 1397 intra
663 1356 814 1400 velum
855 1356 1159 1410 significatum
1191 1363 1262 1398 est
1298 1370 1486 1410 regnum
1526 1355 1728 1397 caeleste

228 1419 426 1468 Domini,
454 1426 503 1460 ut
529 1426 741 1461 constare
768 1427 923 1474 potest
950 1434 1010 1461 ex
1041 1420 1129 1460 illis
1161 1433 1275 1473 quae
1307 1419 1363 1460 de
1395 1418 1630 1467 Tentorio,
1654 1418 1728 1459 ubi

227 1495 383 1524 mensa
407 1496 542 1536 super
566 1497 655 1537 qua
681 1497 822 1537 panes
847 1483 1072 1532 facierum,
1099 1496 1151 1524 ac
1185 1483 1258 1523 ubi
1284 1482 1427 1523 altare
1459 1481 1648 1530 suffitus,
1675 1495 1727 1522 ac

228 1543 303 1584 ubi
329 1544 659 1585 candelabrum
685 1551 834 1593 erant,
858 1545 904 1585 in
928 1545 1131 1585 Arcanz's
1157 1543 1436 1586 Caelestz‘bus
1462 1554 1509 1591 (n.
1527 1561 1617 1591 9457.
1637 1555 1728 1591 9481,

226 1614 321 1651 9485)
347 1610 537 1645 ostensa
563 1610 699 1655 sunt;
731 1610 778 1645 et
809 1618 870 1645 ex
900 1604 990 1645 illis
1020 1618 1137 1658 quae
1167 1604 1224 1645 de
1250 1617 1371 1653 arca,
1398 1603 1442 1644 in
1473 1617 1561 1656 qua
1592 1604 1726 1643 testi-

227 1664 444 1713 monium,
471 1671 519 1706 et
544 1678 680 1718 super
705 1679 793 1719 qua
818 1665 1187 1718 propitiatorium
1214 1674 1727 1713 (n·9457.9481.9485.10545):

225 1725 330 1766 inde
372 1732 501 1779 patet
541 1727 661 1780 quod
700 1740 779 1780 per
809 1726 887 1767 illa
923 1740 1037 1780 quae
1073 1727 1117 1766 in
1142 1726 1375 1767 ‘Tentorio
1412 1732 1546 1766 extra
1576 1724 1726 1766 velum

226 1795 370 1838 erant,
399 1803 513 1842 quae
539 1790 717 1831 fuerunt
744 1789 1084 1838 candelabrum,
1112 1789 1256 1830 altare
1282 1789 1470 1835 suffitus,
1498 1795 1544 1829 et
1571 1802 1727 1829 mensa

225 1865 306 1904 pro
325 1852 528 1905 panibus,
547 1851 802 1906 significata
825 1853 915 1893 sint
939 1852 1048 1894 talia
1066 1866 1180 1906 quae
1198 1853 1326 1906 regni
1344 1851 1586 1906 spiritualis
1605 1858 1724 1900 sunt,

225 1928 339 1967 quae
366 1916 517 1956 omnia
548 1929 596 1957 se
628 1916 825 1957 referunt
857 1916 915 1957 ad
946 1916 1116 1957 bo'num
1148 1915 1378 1969 spirituale
1410 1921 1456 1956 et
1488 1915 1545 1955 ad
1571 1929 1725 1955 verum

224 1977 342 2029 ejus:
376 1992 455 2032 per
482 1978 764 2028 “mensam,”
790 1993 923 2032 super
948 1993 1035 2032 qua
1061 1992 1199 2032 panes
1222 1979 1446 2027 facierum,
1470 1977 1726 2031 significata

224 2045 295 2080 est
320 2039 526 2092 receptio
547 2040 656 2080 boni
682 2039 900 2081 caelestis
921 2041 966 2080 in
988 2040 1112 2080 bono
1130 2039 1355 2093 spirituali
1381 2050 1541 2088 (videatur
1552 2059 1586 2080 n.
1601 2051 1695 2088 9527)
1714 2054 1723 2090 ;

224 2114 304 2153 per
337 2101 701 2158 “candelabrum
715 2101 736 2117 ’‘
768 2115 869 2143 cum
903 2101 1096 2142 lucernis
1134 2101 1435 2155 significatum
1473 2107 1542 2142 est
1579 2101 1724 2155 ipsum

223 2161 462 2214 spirituale
487 2162 608 2203 illius
633 2164 764 2216 regni
791 2173 1050 2212 (11-9548..9551‚
1067 2171 1403 2212 [¹19556,9561,9572‚
1419 2173 1533 2213 9783);
1573 2168 1619 2203 et
1645 2173 1725 2216 per

225 2222 405 2264 “altare
432 2223 638 2265 suffitus’'
663 2224 943 2278 significatus
970 2232 1040 2266 est
1068 2225 1214 2266 cultus
1241 2239 1300 2266 ex
1327 2225 1449 2266 bono
1476 2224 1723 2278 spirituali;

223 2292 270 2327 et
302 2287 405 2340 quia
438 2287 586 2328 cultus
618 2302 677 2329 ex
709 2289 832 2329 bono
863 2288 1080 2342 spirituali
1113 2302 1192 2342 per
1225 2287 1568 2329 “suffitionem”
1594 2301 1725 2341 super

224 2348 302 2390 illo
339 2349 470 2391 altari
506 2350 784 2404 significatus
821 2358 906 2400 est,
944 2358 990 2393 et
1031 2365 1111 2405 per
1149 2351 1541 2393 “candelabrum”
1578 2352 1723 2405 ipsum

222 2413 469 2466 spirituale,
498 2413 600 2454 ideo
633 2414 898 2455 mandatum
925 2421 994 2456 est
1026 2421 1074 2456 ut
1101 2414 1291 2455 Aharon
1324 2416 1481 2468 quovis
1513 2427 1646 2455 mane
1677 2421 1723 2455 et

221 2490 424 2529 vespere,
444 2476 625 2530 quando
643 2477 885 2518 adornaret
904 2477 1122 2526 lucernas,
1139 2479 1276 2519 etiam
1295 2492 1427 2531 super
1441 2477 1519 2518 illo
1537 2477 1722 2519 suffiret.

222 2539 302 2576 (Sed
316 2539 396 2568 haec
409 2539 534 2576 plenius
549 2540 705 2575 explicata
719 2545 793 2569 sunt
808 2540 839 2569 in
855 2541 996 2569 Arcanis
1013 2541 1211 2574 Caelestibus,
1227 2550 1258 2570 n.
1274 2542 1504 2578 10176-10213¹
1523 2541 1577 2570 ubi
1600 2542 1640 2570 de
1661 2542 1724 2570 sin-

219 2589 303 2626 gulis
322 2589 432 2618 aetum
451 2589 524 2627 est.)
581 2578 645 2619 Et
676 2580 780 2632 quia
805 2579 976 2620 bonum
999 2579 1236 2633 spirituale
1261 2593 1391 2620 suam
1422 2581 1646 2633 originem
1673 2587 1720 2621 et

222 2641 519 2682 existentiam
551 2640 691 2681 trahit
723 2655 782 2681 ex
814 2641 936 2682 bono
962 2641 1162 2690 caelesti,
1190 2648 1239 2683 ut
1272 2656 1405 2695 supra
1436 2640 1603 2682 dictum
1636 2648 1720 2690 est,

220 2703 324 2744 ideo
349 2703 493 2744 altare
519 2702 628 2743 illud
655 2717 746 2744 non
772 2704 910 2745 modo
935 2705 1132 2758 positum
1154 2711 1250 2746 erat
1271 2704 1405 2758 juxta
1428 2705 1576 2746 velum
1600 2705 1721 2758 quod

220 2780 352 2819 super
388 2779 553 2815 arcam,
587 2766 667 2807 sed
703 2767 842 2807 etiam
874 2768 1140 2808 mandatum
1183 2774 1268 2817 est,
1302 2774 1351 2809 ut
1389 2782 1491 2809 cum
1528 2767 1719 2808 Aharon

189 2855 193 2859 -
224 2828 432 2881 expiaret
454 2842 535 2882 pro
557 2842 604 2870 se
627 2835 673 2870 et
696 2843 776 2883 pro
799 2843 877 2871 sua
899 2830 1051 2879 domo,
1070 2830 1251 2872 inferret
1274 2830 1578 2872 suffimentum
1603 2831 1720 2871 intra

221 2890 387 2939 velum,
425 2904 504 2944 per
544 2892 664 2945 quod
709 2891 987 2946 significatur
1027 2892 1236 2942 influxus,
1280 2893 1630 2935 communicatio
1672 2899 1719 2933 et

221 2951 480 3058 conjurssitio
505 2954 612 2996 boni
639 2955 849 2997 caelestis
874 2962 921 2998 et
947 2956 1054 2998 boni
1081 2957 1351 3038 spiritualis;
1385 2958 1441 2998 de
1467 2970 1554 3011 qua
1581 2969 1628 2996 re
1654 2955 1718 2996 ita

220 3017 339 3070 apud
417 3031 552 3060 osen:
