2060 3476
331 356 414 398 334
742 353 1074 389 APOCALYPSIS
1105 355 1405 390 EXPLICATA.

328 465 468 519 fugiet
504 466 621 516 urbs,
659 473 730 508 est
765 467 1050 510 ratiocinatio
1086 475 1132 511 et
1173 482 1325 523 pugna
1364 483 1423 511 ex
1464 468 1597 512 falsis.
1676 470 1813 525 Apud

329 529 535 579 eundem,

397 618 558 650 “Veniet
577 624 737 650 vastator
760 628 867 660 super
890 629 1033 651 omnem
1057 621 1191 658 urbem,
1211 625 1250 652 ut
1272 621 1357 652 urbs
1381 630 1455 652 non
1479 621 1616 660 evadat,
1636 626 1672 654 et
1694 628 1815 663 pereat

501 661 606 694 vallis
623 668 659 694 et
674 663 841 703 perdatur
857 663 1023 704 planities
1034 663 1051 675 ”
1068 663 1190 703 (xlviii.
1208 663 1240 704 8)
1254 672 1261 702 ;

329 751 407 791 per
431 737 542 779 haec
570 739 706 779 etiam
732 738 996 780 describitur
1017 739 1214 780 vastatio
1239 739 1395 780 totalis
1420 739 1652 790 ecclesiae,
1675 754 1813 795 usque

331 800 438 841 dum
465 800 573 841 nihil
599 801 690 842 veri
716 800 946 842 doctrinae
972 802 1176 855 supersit.
1237 801 1375 855 Apud
1401 803 1608 852 eundem,

396 890 418 903 ‘⁸
431 888 521 921 Ecce
534 899 646 930 aquae
659 890 893 921 ascendentes
905 899 948 921 ex
961 889 1216 930 septentrione,
1229 900 1318 931 quae
1331 890 1416 922 fient
1428 890 1464 922 in
1478 890 1607 923 flumen
1620 890 1810 930 inundans,

503 939 538 965 et
554 933 777 965 inundabunt
793 939 938 966 terram.
953 958 960 966 .
974 957 982 966 .
996 957 1021 972 .,
1041 934 1164 966 urbem
1180 939 1216 965 et
1231 933 1432 966 habitantes
1449 932 1486 966 in
1502 933 1571 966 ea’'
1582 934 1692 975 (xlvii.
1708 934 1761 976 2);

327 1029 406 1069 per
433 1015 634 1058 “flumen
660 1016 914 1057 inundans'‘
940 1017 1077 1058 etiam
1103 1016 1379 1071 significatur
1403 1018 1613 1060 vastatio.
1672 1018 1810 1074 Apud

327 1078 535 1128 eundem,

396 1167 418 1180 “
430 1166 466 1198 Si
483 1165 710 1199 sanctificetis
719 1167 813 1199 diem
827 1167 971 1200 Sabbati
974 1193 1067 1205 .....
1075 1168 1258 1200 intrabunt
1271 1178 1333 1209 per
1346 1174 1467 1210 portas
1479 1169 1576 1201 urbis
1589 1168 1694 1210 huius
1711 1180 1813 1211 reges

500 1216 535 1241 et
559 1211 736 1251 principes
740 1235 831 1249 .....
840 1212 1040 1252 equitantes
1057 1212 1093 1243 in
1117 1222 1221 1243 curru
1237 1218 1272 1244 et
1296 1222 1402 1253 super
1418 1213 1517 1254 equis
1521 1237 1613 1251 .....
1621 1220 1657 1245 et
1679 1214 1814 1246 habita·

500 1254 594 1285 bitur
610 1254 693 1286 urbs
710 1254 796 1286 haec
814 1255 850 1286 in
868 1255 1048 1287 saeculum
1060 1254 1078 1267 '’
1094 1255 1191 1296 (xvii.
1207 1264 1259 1295 24,
1274 1255 1328 1296 25)
1342 1266 1349 1295 ;

326 1360 405 1400 per
432 1344 872 1388 “sanstificationem
905 1345 1124 1388 Sabbati'’
1148 1347 1192 1387 in
1224 1360 1356 1388 sensu
1388 1347 1605 1401 spirituali
1642 1346 1810 1401 signifi-

326 1415 454 1450 catur
479 1409 652 1462 agnitio
679 1407 835 1450 saneta
858 1409 1007 1450 Divini
1036 1409 1232 1450 Humani
1255 1409 1436 1451 Domini
1462 1416 1507 1451 et
1535 1410 1678 1464 Ipsius
1703 1424 1812 1452 con-

322 1470 570 1525 junctionis
597 1485 697 1512 cum
720 1472 847 1513 caelo
869 1478 916 1513 et
939 1471 1154 1523 ecclesia3
1187 1486 1265 1526 per
1289 1475 1457 1526 “reges
1489 1479 1535 1514 et
1561 1474 1782 1527 principes
1793 1473 1812 1490 ''

325 1535 398 1588 qui
437 1534 669 1576 intrabunt
710 1548 788 1588 per
827 1540 980 1588 portas
1021 1535 1138 1576 urbis
1178 1534 1486 1588 significantur
1521 1549 1627 1577 vera
1666 1535 1811 1578 eccle-

326 1598 444 1648 siae3
477 1597 597 1651 quod
626 1598 929 1651 “equitabunt
955 1598 999 1638 in
1022 1611 1149 1638 curru
1175 1603 1221 1638 et
1247 1611 1378 1651 super
1403 1597 1565 1652 equis,'’
1586 1597 1809 1652 significat

327 1660 447 1714 quod
478 1660 522 1700 in
548 1660 664 1701 veris
690 1658 922 1701 doetrinae
952 1673 1004 1701 ac
1030 1660 1073 1700 in
1105 1659 1408 1714 intelligentia
1438 1666 1596 1712 erunt;
1630 1660 1812 1711 “urbs,”

326 1736 440 1776 quae
470 1722 541 1764 hic
569 1728 638 1764 est
671 1721 1004 1776 Hierosolyma,
1031 1728 1100 1764 est
1132 1722 1323 1764 ecclesia
1353 1723 1501 1777 quoad
1532 1722 1809 1766 doctrinam:

327 1785 428 1827 talis
464 1791 534 1827 est
572 1798 727 1826 sensus
767 1786 926 1826 horum
958 1786 1196 1826 verborum
1233 1786 1485 1840 spiritualis,
1522 1787 1586 1828 ita
1619 1786 1724 1829 talis
1763 1787 1807 1828 in

327 1848 463 1890 caelo.
525 1848 663 1902 Apud
690 1847 969 1898 Samariam,

392 1938 416 1952 ‘⁸
428 1937 484 1970 Sic
501 1937 589 1970 dixit
604 1936 778 1979 Jehovah,
800 1936 974 1969 Revertar
989 1936 1149 1975 Zionem,
1170 1943 1205 1969 et
1221 1937 1389 1969 habitabo
1413 1937 1450 1969 in
1467 1937 1586 1969 medio
1601 1936 1811 1978 Hierosoly-

498 1990 599 2020 mae;
628 1981 723 2012 unde
747 1981 933 2012 vocabitur
962 1980 1220 2022 Hierosolyma
1245 1981 1330 2012 urbs
1354 1980 1551 2020 veritatis;.
1566 1986 1660 2013 ...et
1687 1981 1811 2022 imple-

497 2025 629 2056 buntur
645 2024 784 2065 plateae
801 2024 898 2056 urbis
915 2024 1034 2065 pueris
1051 2030 1086 2056 et
1109 2024 1236 2065 puellis
1261 2024 1463 2056 ludentibus
1488 2024 1524 2056 in
1548 2024 1675 2065 plateis
1687 2023 1705 2036 '’
1721 2023 1807 2065 (viii.

497 2070 595 2108 3-5);

325 2156 394 2197 hic
426 2169 504 2209 per
532 2154 789 2196 “Zionem'’
820 2168 910 2195 non
941 2154 1207 2208 intelligitur
1233 2155 1359 2203 Zion,
1387 2167 1469 2196 nec
1500 2167 1579 2208 per
1606 2154 1804 2196 “Hiero-

324 2217 570 2271 solymam‘’
590 2217 920 2270 Hierosolyma,
938 2218 1016 2258 sed
1034 2231 1111 2270 per
1128 2217 1367 2257 “Zionem'’
1382 2216 1572 2258 ecclesia
1586 2217 1807 2267 caelestis,
1852 2215 1860 2225 ”

324 2287 370 2322 et
397 2294 474 2334 per
494 2284 519 2301 “
534 2279 899 2333 Hierosolymam
912 2279 931 2295 ”
949 2280 1139 2321 ecclesia
1161 2279 1237 2320 illa
1254 2279 1401 2333 quoad
1424 2278 1674 2321 doetrinam
1691 2281 1782 2321 veri
1799 2294 1808 2331 ;

323 2344 424 2384 inde
447 2349 515 2384 est
538 2343 657 2396 quod
680 2343 853 2384 dicatur
877 2342 1018 2383 “urbs
1040 2343 1243 2383 veritatis
1260 2342 1293 2393 ;”
1324 2356 1402 2395 per
1426 2342 1640 2395 “plateas
1662 2343 1810 2384 urbis”

321 2405 630 2459 significantur
661 2419 768 2446 vera
804 2404 1061 2456 doctrinam
1103 2419 1180 2458 per
1214 2408 1412 2458 “pueros
1449 2411 1494 2446 et
1531 2405 1702 2458 puellas
1743 2405 1809 2446 lu-

321 2467 486 2508 dentes
521 2468 566 2507 in
603 2466 810 2520 plateis‚”
841 2465 1158 2519 significantur
1188 2465 1451 2506 affectiones
1481 2466 1574 2506 veri
1604 2471 1651 2507 et
1686 2466 1807 2507 boni.

322 2528 434 2565 (Quod
448 2537 505 2565 per
519 2531 536 2542 ‘¹
548 2528 678 2556 Zionem
689 2527 705 2537 ”
722 2527 915 2565 significetur
925 2527 1058 2556 ecclesia
1071 2527 1222 2561 caelestis,
1235 2527 1379 2556 videatur
1392 2536 1423 2556 n.
1438 2527 1526 2564 2362,
1538 2533 1634 2564 9055:
1657 2528 1745 2564 quod
1754 2536 1812 2565 per

324 2576 342 2586 ¹¹
356 2573 614 2610 Hierosolymam
627 2572 643 2581 ''
667 2572 800 2601 ecclesia
820 2573 928 2609 quoad
950 2571 1138 2606 doctrinam,
1154 2581 1185 2601 n.
1200 2581 1270 2608 402,
1286 2572 1374 2608 3654,
1387 2572 1476 2609 9166,
1492 2576 1524 2600 et
1544 2572 1576 2600 in
1591 2572 1745 2609 opusculo
1760 2572 1812 2601 De

320 2618 414 2647 Nova
436 2618 664 2655 Hierosolyma,
680 2626 711 2646 n.
728 2617 762 2651 6;
786 2617 875 2653 quod
895 2625 953 2654 per
967 2616 1140 2654 “plateas''
1157 2616 1372 2653 significentur
1385 2625 1459 2645 vera
1479 2616 1651 2651 doctrinae,
1666 2625 1697 2646 n.
1714 2616 1808 2654 2336:

320 2662 409 2699 quod
422 2671 480 2700 per
494 2665 511 2676 “
521 2670 637 2699 pueros
651 2666 682 2690 et
696 2661 817 2698 puellas
829 2661 845 2670 '¹
856 2661 1071 2698 significentur
1081 2661 1265 2690 affedtiones
1276 2661 1340 2690 veri
1355 2665 1386 2689 et
1396 2660 1473 2690 boni
1487 2661 1520 2689 in
1534 2661 1649 2698 quibus
1660 2661 1811 2690 innocen—

320 2707 373 2741 tia,
388 2715 419 2736 n.
435 2706 524 2744 3067,
541 2714 629 2743 3110,
645 2715 734 2743 3179,
750 2705 839 2743 5236,
856 2706 951 2743 6742;
974 2706 1063 2743 quod
1079 2708 1095 2720 '‘
1106 2706 1215 2734 ludere
1225 2705 1242 2715 ''
1258 2706 1297 2734 sit
1311 2706 1399 2743 quod
1413 2709 1459 2734 est
1472 2705 1643 2734 festivitatis
1656 2706 1810 2735 interioris

320 2760 403 2788 quae
418 2756 464 2780 est
478 2750 654 2780 affectionis
668 2750 732 2779 veri
747 2755 778 2778 et
791 2750 877 2784 boni,
894 2759 924 2780 n.
942 2750 1066 2788 10416.)

394 2795 493 2852 ·[c.]
553 2796 668 2850 Quia
711 2797 864 2838 “Zion
879 2797 898 2813 ”
934 2796 1157 2850 significat
1193 2796 1429 2838 ecclesiam
1467 2795 1723 2845 caelestem,
1761 2802 1807 2838 et

326 2864 351 2881 “
367 2859 717 2913 Hierosolyma'’
739 2860 976 2900 ecclesiam
1000 2860 1147 2913 quoad
1174 2858 1422 2901 doctrinam
1445 2859 1550 2908 veri,
1573 2858 1674 2899 ideo
1695 2858 1807 2899 Zion

324 2929 509 2965 vocatur
547 2922 687 2963 “urbs
721 2922 959 2975 Jehovae,”
995 2929 1041 2971 et
1081 2922 1400 2975 Hierosolyma
1436 2921 1576 2961 “urbs
1612 2918 1807 2970 saneta?

323 2986 464 3027 “urbs
491 2985 614 3035 Dei,''
640 2991 685 3026 et
715 2986 855 3026 “urbs
882 2986 1033 3039 magni
1059 2985 1199 3038 Regis
1217 2984 1376 3027 :''-—Ut
1401 2983 1517 3038 apud
1542 2982 1746 3033 Esaiam,
