2060 3476
419 342 500 386 524
829 342 1161 378 APOCALYPSIS
1192 345 1491 378 EXPLICATA.

418 458 443 475 “
455 454 688 504 removit,’'
699 454 954 508 significant
969 456 1080 498 falsa
1093 463 1140 499 et
1155 457 1274 499 mala
1288 472 1401 512 quae
1415 458 1631 499 infestant
1646 458 1899 509 ecclesiam,

413 531 441 559 a
465 518 624 572 quibus
649 517 900 572 purificavit
926 533 1017 561 eos,
1077 519 1216 574 Apud
1242 521 1451 570 eundem,

482 607 505 620 ‘⁴
517 605 652 647 Regem
669 607 705 638 in
722 607 982 647 pulchritudine
997 618 1063 640 sua
1078 609 1248 641 videbunt
1264 609 1356 641 oculi
1372 609 1433 647 tui3
1450 606 1663 650 spec‘tabunt
1678 614 1810 642 terram
1826 609 1903 642 lon-

587 650 825 692 ginquitatum
837 651 856 664 ’'
872 651 1006 692 (xxxiii.
1024 651 1077 693 17)
1091 662 1097 691 ;

416 741 609 791 “regem
634 738 679 780 in
705 739 1037 793 pulchritudine
1069 753 1148 781 sua
1173 739 1355 781 videre”
1382 746 1451 781 est
1477 740 1720 794 genuinum
1746 753 1901 782 verum

413 800 533 854 quod
559 815 585 841 a
611 800 709 842 solo
742 801 966 854 Domino;
1002 801 1244 856 “spectare
1276 809 1442 844 terram
1474 802 1900 857 longinquitatum,'’

413 863 637 916 significat
663 866 981 906 extensionem
1010 865 1342 917 intelligentiae
1368 872 1414 907 et
1440 866 1700 920 sapientiae.
1761 865 1900 920 Apud

412 927 621 976 eundem,

481 1017 504 1030 “
516 1015 607 1047 Dedi
621 1015 672 1048 Te
690 1016 724 1047 in
743 1016 868 1048 foedus
885 1017 1005 1057 populi
1022 1017 1067 1049 ad
1084 1017 1340 1049 restituendum
1355 1024 1485 1049 terram
1501 1026 1524 1056 ;.
1538 1042 1546 1050 .
1559 1042 1568 1050 .
1581 1023 1737 1050 ‚cantate
1750 1018 1849 1057 caeli,
1866 1023 1901 1050 et

585 1060 704 1091 exulta
720 1065 823 1098 terra,
844 1066 879 1092 et
896 1067 1085 1101 personate
1103 1068 1243 1093 montes
1260 1060 1393 1093 cantu’‘
1410 1060 1507 1102 (xlix.
1523 1061 1553 1100 3,
1570 1060 1642 1102 13);

412 1145 562 1200 agitur
592 1145 651 1186 ibi
688 1146 744 1188 de
781 1145 979 1188 Domino
1017 1153 1063 1188 et
1095 1147 1152 1188 de
1189 1147 1333 1201 Ipsius
1364 1147 1589 1198 adventu;
1631 1147 1900 1189 instauratio

412 1208 631 1250 ecclesiae
654 1209 711 1250 ab
729 1209 834 1263 Ipso
852 1209 1116 1251 describitur
1133 1223 1211 1264 per
1230 1214 1254 1231 “
1270 1210 1387 1252 Dedi
1410 1210 1477 1251 Te
1499 1211 1543 1251 in
1565 1210 1722 1252 foedus
1745 1205 1898 1264 populi

411 1271 469 1313 ad
495 1273 823 1314 restituendum
849 1278 1016 1314 terram
1033 1272 1068 1324 ;''
1101 1273 1376 1314 “restituere
1403 1279 1569 1314 terram
1581 1273 1600 1288 ''
1626 1279 1696 1315 est
1722 1279 1897 1315 restau-

412 1347 508 1375 rare
523 1333 762 1375 ecclesiam
779 1348 787 1376 :
812 1335 931 1390 quod
947 1334 1166 1376 Dominus
1182 1348 1272 1376 non
1286 1336 1534 1376 restituerit
1550 1341 1716 1376 terram
1731 1335 1899 1389 populo

410 1396 613 1450 Judaico,
647 1403 805 1438 notum
843 1403 928 1447 est,
962 1397 1041 1439 sed
1072 1398 1191 1452 quod
1228 1398 1473 1439 instituerit
1510 1397 1750 1440 ecclesiam
1781 1397 1899 1451 apud

412 1465 576 1512 gentes
593 1473 603 1510 ;
629 1460 842 1511 gaudium
860 1460 964 1502 inde
979 1460 1243 1502 describitur
1261 1474 1339 1514 per
1355 1460 1583 1502 “Cantate
1597 1459 1724 1510 caeli,
1741 1459 1901 1501 exulta

413 1527 546 1571 terra,
580 1527 626 1563 et
658 1528 899 1576 personate
931 1528 1111 1564 montes
1144 1529 1281 1564 cantu
1297 1521 1332 1573 ;’'
1368 1536 1446 1576 per
1478 1521 1699 1563 “caelos”
1730 1521 1898 1563 intelli-

412 1590 580 1636 guntur
611 1583 723 1625 caeli
755 1585 827 1625 ubi
859 1584 1010 1637 angeli
1039 1586 1112 1639 qui
1144 1585 1187 1626 in
1219 1585 1504 1626 interioribus
1534 1585 1650 1625 veris
1681 1583 1901 1626 ecclesiae

413 1653 532 1695 sunt,
561 1660 639 1700 per
667 1647 902 1688 “terram”
933 1647 1202 1699 intelligitur
1233 1647 1433 1689 ecclesia>
1455 1647 1574 1701 apud
1604 1646 1825 1696 homines,
1854 1653 1901 1688 et

413 1722 492 1763 per
519 1713 737 1750 “montes
748 1709 768 1725 ''
793 1709 856 1750 illi
882 1710 955 1763 qui
980 1710 1024 1750 in
1049 1710 1171 1751 bono
1197 1710 1362 1751 amoris
1387 1710 1431 1750 in
1459 1709 1704 1751 Dominum
1731 1715 1849 1759 sunt.

497 1769 578 1824 [60]
620 1770 760 1824 Apud
785 1770 1051 1820 Jeremz'am,

483 1858 698 1890 “Adulteris
726 1859 831 1899 plena
855 1865 910 1891 est
936 1865 1039 1896 terra,
1069 1859 1151 1900 quia
1178 1865 1322 1900 propter
1347 1857 1635 1891 maledic'tionem
1663 1859 1761 1900 luget
1787 1865 1902 1897 terrm

587 1909 800 1934 exaruerunt
817 1911 949 1943 pascua
964 1903 1094 1934 deserti
1106 1902 1124 1914 '’
1141 1902 1249 1942 (xxiii.
1267 1902 1341 1943 10):

417 1990 677 2032 “adulteri''
703 1989 960 2044 significant
987 1990 1088 2031 illos
1114 1991 1187 2045 qui
1218 1990 1478 2031 adulterant
1508 1990 1628 2031 bona
1653 1990 1900 2042 ecclesiae3

413 2066 549 2106 quare
575 2053 737 2093 dicitur
761 2057 785 2074 ‘⁴
801 2052 1037 2094 Adulteris
1063 2053 1198 2107 plena
1223 2059 1293 2094 est
1317 2059 1450 2102 terra,
1474 2058 1521 2094 et
1547 2058 1732 2106 propter
1757 2052 1900 2094 male-

414 2114 657 2156 dictionem
673 2115 799 2166 luget
814 2122 934 2156 terra
949 2115 984 2156 :”
1009 2119 1205 2169 “pascua
1219 2116 1384 2156 deserti
1397 2115 1539 2169 ”quae
1556 2115 1901 2165 “exaruerunt,’'

413 2176 670 2230 significant
693 2178 987 2219 nutritionem
1009 2177 1286 2231 spiritualem
1309 2177 1478 2218 nullam
1504 2178 1548 2218 in
1575 2177 1655 2219 tali
1681 2178 1899 2228 ecclesia;

416 2239 711 2281 “desertum”
728 2241 889 2281 dicitur
910 2240 983 2281 ubi
1005 2253 1095 2282 non
1118 2241 1285 2282 bonum
1302 2241 1404 2295 quia
1426 2254 1516 2281 non
1533 2254 1701 2282 verum.
1761 2240 1900 2295 Apud

414 2302 622 2351 eundern,

483 2392 791 2477 “Siccgltasgpuper
814 2403 923 2435 aquas
947 2393 1025 2434 ejus
1049 2399 1087 2425 ut
1110 2399 1328 2431 exarescant,
1351 2393 1434 2435 quia
1456 2398 1550 2425 terra
1573 2392 1787 2434 sculptilium
1811 2392 1900 2425 illa”

615 2445 658 2476 ·3
708 2446 716 2475 ἶ

416 2517 635 2559 “siccitas
664 2532 795 2572 super
819 2532 958 2572 aquas
990 2525 1039 2559 ut
1071 2518 1382 2568 exarescant,”
1406 2517 1629 2573 significat
1656 2518 1776 2573 quod
1807 2531 1897 2559 non

415 2594 522 2621 vera
544 2580 734 2633 amplius
760 2579 993 2634 (“aquae’'
1015 2587 1119 2622 sunt
1142 2579 1266 2635 vera)
1285 2595 1294 2631 ;
1329 2581 1467 2635 “quia
1484 2587 1604 2622 terra
1625 2580 1898 2635 sculptilium

413 2641 531 2692 i11a‚’'
566 2641 790 2694 significat
827 2642 1066 2683 ecclesiam
1104 2641 1381 2684 destructam
1421 2657 1500 2697 per
1538 2643 1650 2684 falsa
1686 2654 1800 2697 quae
1839 2657 1929 2699 ex·

414 2704 591 2758 propria
622 2704 939 2759 intelligentia,
972 2719 1086 2761 quae
1117 2705 1272 2746 dicunt
1303 2719 1403 2746 esse
1433 2719 1564 2757 vera3
1605 2705 1868 2759 “sculptilia
1880 2705 1899 2722 ”

414 2765 671 2819 significant
697 2766 774 2807 illa
798 2766 922 2808 falsa.
984 2766 1122 2820 Apud
1147 2766 1431 2817 Ezechielem,

483 2854 615 2887 “Finis
641 2855 739 2886 venit
764 2864 870 2895 super
893 2862 1044 2896 quatuor
1066 2856 1191 2896 plagas
1216 2862 1368 2894 terrae;.
1382 2880 1411 2888 ..
1426 2862 1535 2888 .terra
1560 2856 1666 2896 plena
1688 2863 1742 2889 est
1765 2855 1898 2898 judicio

589 2898 814 2939 sanguinum,
834 2905 869 2930 et
884 2900 969 2931 urbs
985 2899 1093 2940 plena
1108 2906 1162 2931 est
1178 2899 1377 2931 violentia''
1394 2899 1467 2940 (vii.
1482 2908 1512 2938 2,
1527 2900 1581 2940 ²3)
1595 2909 1602 2939 ;
1795 2903 1797 2905 ’

416 2983 577 3024 “Finis
602 2984 726 3025 venit
758 2997 889 3038 super
914 2991 1105 3038 quatuor
1135 2983 1294 3039 plagas
1325 2985 1510 3035 terrae,''
1535 2984 1759 3037 significat
1791 2984 1896 3026 ulti-
