2060 3476
681 348 788 390 cAP.
811 348 899 389 111„
922 347 1062 381 VERs.
1085 347 1232 392 9.-Ν,
1256 349 1351 392 213.
1685 347 1768 393 317

334 461 513 495 “Certate
529 463 662 495 intrare
678 472 743 504 per
757 467 950 504 angustam
967 467 1119 503 portam,
1136 462 1219 503 quia
1235 461 1352 494 multi.
1368 486 1375 493 .
1389 486 1396 494 .
1412 466 1600 503 ,quaerent
1617 460 1763 499 intrare,

439 507 503 539 sed
527 517 600 538 non
617 513 797 548 poterunt.
848 506 901 538 Ex
918 516 988 547 quo
1012 507 1206 538 surrexerit
1224 505 1505 543 Paterfamilias,
1525 512 1560 536 et
1577 505 1767 536 occluserit

441 551 584 588 ostium,
605 556 640 582 et
664 550 854 591 coeperitis
877 550 965 582 foris
981 556 1088 588 stare,
1109 555 1145 581 et
1168 550 1312 590 pulsare
1336 549 1481 587 ostium,
1501 549 1671 586 dicentes,
1693 548 1767 580 Do-

439 595 548 632 mine,
570 594 736 632 Domine,
756 594 856 634 aperi
874 594 1001 630 nobis;
1026 594 1090 625 sed
1114 594 1338 634 respondens
1362 593 1466 630 dicet,
1488 593 1570 624 Non
1596 593 1682 624 novi
1698 602 1765 625 vos

438 639 533 670 unde
557 638 656 676 sitis;
680 644 765 669 tunc
788 638 965 678 incipietis
989 637 1118 675 dicere,
1140 637 1289 668 Edimus
1313 647 1434 668 coram
1459 637 1512 668 Te
1536 643 1572 668 et
1594 637 1761 675 bibimus,

436 687 472 714 et
488 682 525 713 in
543 682 672 723 plateis
689 682 822 714 nostris
839 681 1012 714 docuisti:
1038 681 1102 713 sed
1126 681 1230 718 dicet,
1253 681 1342 712 Dico
1359 681 1474 718 vobis,
1495 691 1568 711 non
1594 681 1680 712 novi
1698 690 1764 712 vos

439 726 534 757 unde
550 726 640 764 sitis,
659 725 830 757 discedite
847 735 870 757 a
887 725 948 757 Me
965 735 1093 757 omnes
1110 725 1263 766 operarii
1277 725 1474 766 iniquitatis
1486 724 1503 736 '’
1518 723 1604 765 (xiii.
1619 725 1740 772 24-22)
1754 734 1762 763 ;

261 808 402 849 etiam
423 808 495 850 hic
515 810 666 862 agitur
681 809 738 850 de
760 808 847 850 illis
865 809 938 862 qui
960 809 1004 849 in
1027 808 1114 849 fide
1132 815 1236 849 sunt
1259 814 1306 849 et
1324 804 1427 849 non'
1442 809 1486 848 in
1505 808 1732 849 charitate
1750 822 1760 859 ;

261 870 319 912 de
341 871 501 925 quibus
524 872 688 913 dicitur
708 872 829 926 quod
854 871 996 913 “foris
1018 872 1206 913 stabunt
1233 871 1451 925 pulsaturi
1473 872 1655 920 ostium,
1679 871 1760 912 sed

260 933 382 987 quod
405 947 497 975 non
519 935 822 976 admittentur
837 934 871 975 :'’
905 935 1077 976 “edere
1103 941 1149 976 et
1175 935 1327 976 bibere
1342 935 1361 949 ’'
1384 948 1537 976 coram
1560 934 1760 975 Domino

258 1009 312 1037 ac
338 997 421 1037 “in
444 996 610 1051 plateis
634 998 828 1047 doceri‚''
850 997 1076 1052 significat
1099 998 1302 1039 Verbum
1326 1005 1372 1039 et
1395 998 1760 1052 praedicationes

258 1073 318 1100 ex
337 1059 493 1101 Verbo
516 1061 668 1102 audire
691 1068 738 1102 et
761 1062 876 1103 scire
893 1076 1007 1116 quae
1024 1061 1133 1103 ‘fidei
1155 1068 1312 1113 erunt;
1345 1062 1425 1103 sed
1443 1062 1546 1116 quia
1567 1062 1612 1102 in
1635 1060 1760 1102 nulla

259 1122 486 1165 charitate
511 1130 631 1174 sunt,
661 1126 724 1166 eis
750 1125 928 1175 dicitur,
956 1125 1100 1166 “Non
1127 1127 1232 1166 novi
1258 1140 1339 1166 vos
1365 1126 1484 1166 unde
1510 1126 1633 1176 sitis;
1666 1125 1758 1166 dis-

257 1186 408 1228 cedite
426 1187 461 1227 :''
483 1201 589 1229 nam
612 1202 638 1228 a
661 1188 860 1229 Domino
883 1202 1044 1230 omnes
1061 1195 1310 1230 noscuntur
1327 1203 1386 1230 ex
1404 1202 1573 1238 amore,
1593 1196 1640 1230 et
1664 1202 1756 1229 non

257 1263 317 1290 ex
342 1249 430 1291 fide
455 1257 680 1305 separata.
742 1251 897 1293 Simile
922 1252 1194 1306 intelligitur
1218 1266 1298 1306 per

321 1332 487 1381 Quinque
504 1340 662 1381 virgines
685 1340 824 1379 stultas,
845 1351 935 1382 quae
952 1351 1026 1372 non
1049 1342 1230 1374 habebant
1253 1342 1371 1374 oleum
1396 1342 1432 1373 in
1457 1342 1694 1382 lampadibus,
1713 1342 1758 1373 de

430 1384 557 1425 quibus
574 1384 683 1416 etiam
707 1385 844 1423 dicitur,
873 1385 967 1426 quod
991 1386 1156 1417 venerint
1184 1386 1378 1418 “dicentes
1403 1386 1571 1423 Domine,
1601 1386 1757 1417 Domine

428 1428 528 1468 aperi
545 1429 672 1467 nobis;
695 1434 733 1460 at
751 1428 833 1469 Ipse
857 1429 1054 1470 respondit,
1074 1429 1194 1461 Arnen
1218 1430 1297 1461 dico
1316 1430 1432 1467 vobis,
1453 1440 1526 1461 non
1552 1430 1638 1462 novi
1661 1429 1757 1461 vos''

429 1470 574 1512 (Matth.
591 1482 673 1505 xxv.
693 1474 812 1513 1—12);

254 1573 334 1613 per
361 1560 627 1614 “virgines”
652 1561 697 1602 in
723 1560 880 1603 Verbo
907 1561 1220 1615 significantur
1251 1562 1314 1603 illi
1343 1563 1417 1617 qui
1449 1563 1506 1603 ab
1532 1562 1754 1612 ecclesia;

253 1638 333 1677 per
353 1623 626 1678 “lampades
637 1624 656 1640 ’'
677 1625 755 1666 illa
772 1640 887 1680 quae
909 1626 1012 1667 fidei
1034 1633 1139 1667 sunt
1157 1641 1166 1677 ;
1200 1633 1247 1668 et
1270 1641 1349 1680 per
1373 1626 1594 1668 “oleum’'
1611 1628 1754 1680 signi-

253 1688 415 1730 ficatur
440 1689 609 1730 bonum
635 1691 827 1741 amoris;
860 1690 964 1731 inde
990 1704 1071 1744 per
1099 1691 1336 1745 “quinque
1362 1692 1560 1744 virgines
1587 1691 1755 1732 stultas

253 1766 369 1806 quae
391 1766 484 1793 non
506 1752 656 1794 oleum
679 1753 912 1795 habebant
935 1755 979 1795 in
1002 1753 1327 1808 lampadibus,’'
1345 1755 1658 1808 significantur
1679 1756 1753 1809 qui

252 1817 298 1857 in
320 1815 408 1857 fide
430 1823 537 1858 sunt
560 1823 606 1858 et
630 1831 721 1858 non
743 1818 788 1858 in
811 1831 978 1859 amore.
1040 1817 1195 1860 Simile
1217 1819 1357 1860 etiam
1375 1819 1653 1872 significatur
1674 1833 1755 1873 per

319 1906 452 1939 Hircos
469 1907 529 1948 qui
552 1907 599 1939 ad
622 1907 818 1946 sinistram,
839 1908 966 1949 quibus
983 1906 1116 1940 dictum
1141 1915 1207 1947 est,
1228 1909 1323 1950 quod
1346 1909 1534 1941 esuriverit
1550 1916 1585 1941 et
1602 1909 1755 1941 sitiverit

427 1957 463 1982 et
479 1961 553 1982 non
570 1951 734 1983 dederint
754 1951 809 1983 Illi
827 1953 932 1983 edere
949 1958 984 1984 et
1001 1953 1134 1991 bibere,
1155 1954 1250 1994 quod
1274 1953 1484 1993 peregrinus
1504 1954 1612 1985 fuerit
1627 1959 1662 1985 et
1679 1963 1753 1985 non

426 1995 647 2036 collegerint,
667 1996 763 2036 quod
787 1996 904 2027 nudus
928 1996 1034 2027 fuerit
1057 2003 1093 2028 et
1118 2007 1190 2028 non
1211 1997 1445 2034 amiciverint,
1465 1998 1561 2038 quod
1584 2004 1754 2038 aegrotus

425 2044 462 2071 et
478 2039 515 2070 in
531 2048 671 2071 carcere
689 2045 724 2071 et
741 2049 815 2071 non
832 2040 1055 2072 visitaverint
1071 2041 1214 2080 (Matth.
1231 2051 1314 2073 xxv.
1330 2041 1452 2081 41—43)
1469 2051 1475 2079 ;

250 2142 330 2183 per
354 2127 530 2169 “oves'’
551 2128 611 2169 ibi
637 2128 711 2182 qui
740 2128 835 2169 “ad
861 2128 1108 2170 dextram'’
1130 2129 1444 2183 significantur
1468 2131 1543 2185 qui
1569 2131 1614 2171 in
1641 2130 1751 2172 cha-

249 2192 404 2239 ritate,
431 2203 511 2243 per
535 2189 757 2231 “hircos''
778 2190 853 2244 qui
877 2190 923 2231 in
948 2190 1036 2231 fide
1061 2197 1108 2232 et
1134 2190 1260 2232 nulla
1281 2191 1511 2232 charitate
1533 2203 1636 2241 (quod
1650 2203 1682 2233 hi
1696 2212 1755 2241 per

251 2255 269 2267 ¹⁸
279 2251 410 2281 hircos”
425 2251 649 2290 significentur,
665 2251 810 2281 videatur
824 2261 855 2281 n.
870 2252 967 2289 4769:
990 2257 1021 2281 et
1035 2252 1079 2281 illi
1093 2261 1150 2290 per
1165 2255 1182 2267 ‘¹
1193 2253 1299 2287 oves‚''
1316 2262 1347 2282 n.
1362 2253 1452 2290 4169,
1468 2255 1573 2291 4809).

330 2318 454 2362 213.
492 2308 578 2348 “ft
611 2307 751 2349 sciant
784 2309 894 2361 quod
930 2309 1014 2362 qu
1050 2309 1177 2349 dilexi
1210 2308 1487 2362 tofi—Quod
1525 2310 1752 2363 significet

249 2369 533 2423 cognitionem
558 2369 659 2410 inde
682 2370 803 2423 quod
825 2370 1042 2411 Dominus
1067 2371 1113 2411 in
1137 2369 1360 2412 clzaritate
1383 2378 1601 2424 praesens
1626 2370 1690 2413 sz?
1710 2378 1754 2414 et

250 2446 334 2474 non
365 2433 411 2473 in
434 2432 533 2487 fide
562 2432 727 2486 absque
755 2433 849 2483 illa,
883 2441 1068 2475 constat
1100 2449 1160 2475 ex
1192 2434 1524 2488 significatione
1560 2437 1752 2485 “scire,’'

250 2496 372 2550 quod
399 2497 457 2537 sit
484 2497 715 2549 cognitio;
747 2502 795 2537 et
821 2511 881 2537 ex
909 2497 1241 2550 significatione
1271 2498 1538 2551 “diligere,’'
1564 2513 1667 2540 cum
1693 2500 1751 2541 de

251 2560 465 2608 Domino,
491 2559 613 2613 quod
639 2560 697 2600 sit
724 2560 846 2614 quod
872 2574 1087 2614 praesens
1114 2561 1197 2602 sit:
1231 2562 1352 2615 quod
1378 2577 1595 2616 praesens
1620 2564 1679 2604 sit
1706 2565 1750 2604 in

251 2623 478 2664 charitate
504 2629 550 2664 et
577 2636 669 2663 non
694 2623 739 2663 in
765 2622 853 2664 fide
878 2624 1049 2678 absque
1076 2623 1167 2674 illa,
1191 2631 1262 2666 est
1285 2626 1387 2679 quia
1409 2627 1559 2679 agitur
1580 2627 1636 2667 de
1662 2626 1750 2667 illis

250 2687 325 2740 qui
349 2687 395 2728 in
421 2685 508 2727 fide
531 2685 769 2726 charitatis
795 2693 900 2728 sunt
926 2686 1152 2740 (videatur
1174 2701 1320 2741 supra,
1345 2702 1387 2729 n.
1411 2688 1512 2742 203)
1532 2704 1541 2739 ;
1574 2703 1626 2730 ac
1654 2690 1750 2731 Do-

251 2750 396 2790 minus
423 2762 638 2803 praesens
663 2755 734 2790 est
760 2748 1069 2796 inaffectione
1095 2764 1174 2791 seu
1199 2765 1354 2792 amore
1380 2751 1590 2801 hominis,
1615 2754 1679 2793 ita
1705 2753 1750 2793 in

250 2812 344 2866 ejus
367 2813 549 2866 spiritus
571 2813 679 2861 vita,
700 2825 806 2853 nam
828 2826 957 2854 amor
978 2827 1056 2855 seu
1078 2812 1254 2855 affectio
1276 2815 1382 2856 facit
1402 2816 1543 2856 vitam
1567 2817 1749 2869 spiritus

250 2875 344 2928 ejus
361 2890 371 2926 ;
404 2881 739 2929 consequenter
756 2875 978 2917 Dominus
995 2890 1210 2931 praesens
1228 2884 1297 2920 est
1319 2878 1621 2927 in‘charitate,
1642 2892 1748 2920 nam

251 2938 453 2980 charitas
485 2945 556 2980 est
587 2939 686 2992 ipsa
713 2937 891 2980 affeffio
917 2953 995 2981 seu
1020 2954 1147 2981 amor
1172 2941 1415 2994 spiritualis
1447 2941 1669 2992 hominis;
1702 2948 1750 2983 et

252 3002 356 3055 quia
393 3001 615 3043 Dominus
649 3015 864 3056 praesens
901 3009 972 3060 est
1011 3003 1054 3044 in
1087 3003 1312 3045 charitate
1344 3005 1462 3058 apud
1500 3004 1746 3055 hominem,
