2060 3476
373 364 452 419 562
783 373 1117 409 APOCALYPSIS
1147 375 1448 410 EXPLICATA.

438 487 581 519 ‘'Serva
605 497 661 521 me
687 497 732 519 ex
756 498 818 520 ore
845 487 971 527 leonis,
999 494 1035 522 et
1059 498 1104 521 ex
1128 489 1294 522 cornibus
1319 493 1594 521 monocerotum
1620 487 1861 525 exaudime?

545 531 691 570 (Psalm.
705 531 790 564 xxii.
806 540 847 564 22
866 530 927 574 [B.
941 533 987 565 A.
1002 530 1095 575 21]);

369 629 447 668 per
467 619 492 635 “
506 615 685 656 leonem
697 614 717 629 ‘’
735 614 1015 671 significatur
1035 616 1196 657 falsum
1218 616 1396 657 sortiter
1417 616 1656 657 destruens
1677 628 1831 657 verum
1850 629 1860 666 ;

368 684 414 718 et
455 690 534 730 per
576 681 787 718 “cornua
827 685 1172 719 monocerotum
1190 678 1209 694 ”
1250 677 1562 731 significantur
1602 691 1708 719 vera
1747 691 1862 731 quae

369 738 632 797 praevalent
659 745 819 781 contra
845 738 969 780 falsa.
1031 738 1169 792 Apud
1196 739 1403 787 eundem,

495 825 623 857 “Sicut
641 825 880 856 monocerotis
898 834 1008 856 cornu
1026 834 1144 855 meum
1156 824 1175 836 '⁹
1191 823 1335 863 (Psalm.
1352 824 1430 856 xcii.
1448 833 1485 855 11
1505 822 1555 863 [B
1582 824 1626 856 A.
1644 821 1734 865 10]);

370 896 523 938 “sicut
546 898 851 938 monocerotis
874 897 1043 938 cornu’'
1063 896 1290 950 significat
1311 910 1466 939 verum
1490 898 1638 952 quoad
1661 897 1859 952 plenitu-

367 957 518 998 dinem
544 964 591 999 et
615 959 884 1011 potentiam.
946 958 998 998 In
1023 957 1310 1011 Apocalypsi,

435 1048 457 1061 ‘¹
471 1046 514 1078 Et
531 1053 652 1078 sextus
669 1047 817 1087 angelus
835 1047 978 1085 clanxit‚
995 1053 1030 1079 et
1047 1047 1166 1079 audivi
1183 1057 1307 1079 vocem
1326 1057 1369 1079 ex
1386 1054 1538 1090 quatuor
1554 1048 1721 1080 cornibus
1738 1048 1860 1080 altaris

538 1091 646 1128 aurei,
667 1091 761 1132 quod
777 1097 832 1122 est
849 1091 884 1122 in
902 1089 1096 1131 conspeetu
1115 1090 1210 1123 Dei''
1227 1091 1286 1132 (ix,
1305 1091 1377 1131 13):

365 1172 509 1213 altare
532 1172 721 1222 suffitus,
740 1173 860 1227 quod
883 1174 1021 1214 etiarn
1043 1173 1293 1215 vocabatur
1313 1174 1496 1216 “altare
1518 1173 1741 1224 aureum,''
1761 1180 1859 1216 erat

364 1236 802 1288 repraesentativum
825 1235 1067 1276 auditionis
1094 1242 1140 1277 et
1166 1237 1440 1290 receptionis
1466 1237 1667 1277 omnium
1694 1236 1856 1286 cultus,

365 1310 478 1350 quae
495 1311 555 1338 ex
573 1311 725 1338 amore
748 1304 794 1339 et
813 1297 1037 1339 charitate
1059 1312 1085 1339 a
1107 1298 1319 1348 Domino,
1339 1299 1403 1340 ita
1420 1299 1858 1352 repraesentativum

364 1357 522 1398 talium
560 1358 708 1399 cultus
745 1372 859 1412 quae
896 1358 1132 1400 elevantur
1167 1373 1194 1400 a
1231 1359 1430 1400 Domino
1449 1373 1458 1410 ;
1497 1372 1665 1400 cornua
1701 1358 1873 1400 altaris

363 1420 769 1474 repraesentabant
787 1434 894 1462 vera
911 1421 1205 1475 procedentia
1222 1435 1280 1462 ex
1295 1421 1416 1462 bono
1434 1422 1599 1462 amoris
1616 1435 1626 1472 ;
1654 1421 1759 1462 inde
1777 1434 1857 1475 pa-

364 1487 448 1530 tet,
465 1494 542 1522 cur
555 1482 710 1522 audita
728 1488 798 1523 est
814 1495 906 1522 vox
923 1496 982 1523 ex
997 1488 1189 1536 quatuor
1202 1482 1410 1523 cornibus
1428 1482 1598 1531 altaris,
1614 1495 1720 1523 vera
1737 1482 1857 1523 enim

363 1548 467 1582 sunt
486 1555 564 1595 per
578 1556 692 1596 quae
710 1542 877 1583 bonum
897 1543 992 1596 agit
1012 1549 1058 1584 et
1082 1542 1290 1597 loquitur.
1355 1542 1581 1596 Quoniam
1604 1542 1765 1584 altaria
1785 1557 1856 1584 re-

363 1605 718 1657 praesentabant
734 1604 906 1646 cultum
922 1605 1104 1646 Domini
1122 1619 1182 1646 ex
1199 1605 1321 1646 bono
1339 1606 1518 1655 amoris,
1532 1611 1578 1646 et
1596 1605 1742 1646 omnis
1760 1604 1855 1646 cul-

363 1674 435 1707 tus
453 1667 526 1720 qui
544 1681 647 1708 vere
666 1667 813 1708 cultus
833 1666 882 1708 fit
902 1681 960 1708 ex
975 1667 1095 1708 bono
1113 1668 1278 1708 amoris
1292 1681 1371 1721 per
1384 1681 1504 1717 vera,
1521 1667 1623 1708 ideo
1637 1667 1855 1708 altaribus

362 1735 491 1770 erant
514 1742 694 1770 cornua.
755 1728 890 1782 Quod
912 1729 1045 1770 altari
1068 1729 1257 1780 suffitus,
1283 1735 1466 1771 constat
1488 1729 1607 1784 apud
1632 1729 1819 1770 Mosen:

429 1818 550 1851 Facies
568 1825 718 1860 quatuor
734 1829 869 1851 cornua
885 1829 991 1860 super
1007 1819 1109 1859 altari
1125 1820 1274 1858 suffitus,
1294 1830 1338 1851 ex
1362 1820 1422 1851 illo
1439 1825 1553 1858 erunt,
1573 1825 1608 1851 et
1625 1818 1778 1851 obduces
1795 1818 1860 1852 illav

535 1873 622 1894 auro
638 1862 762 1903 (Exod.
777 1873 859 1895 xxx,
875 1871 905 1901 2,
920 1872 950 1902 3,
968 1872 1027 1901 10;
1052 1873 1127 1904 cap.
1141 1864 1274 1896 xxxvii.
1290 1871 1342 1903 25,
1357 1863 1412 1904 26)
1427 1873 1434 1902 ;

361 1953 407 1988 et
433 1947 553 2000 quod
580 1946 711 1988 altari
737 1945 1008 1995 holocausti,
1036 1945 1142 1988 alibi
1169 1946 1298 2000 apud.
1315 1946 1525 1995 eundem,

429 2025 450 2037 ‘⁴
464 2022 586 2054 Facies
599 2032 732 2055 cornua
745 2032 851 2063 super
864 2028 1015 2064 quatuor
1027 2022 1167 2063 angulis
1178 2021 1197 2034 ’'
1208 2022 1328 2054 altaris
1341 2022 1551 2060 holocausti,
1569 2022 1592 2036 “
1601 2031 1646 2054 ex
1658 2021 1736 2062 ipso
1749 2026 1854 2063 erunt

448 2085 454 2107 ἱ
534 2076 667 2098 cornua
684 2066 761 2107 ejus
773 2066 790 2078 '’
808 2067 933 2106 (Exod.
947 2066 1054 2098 xxvii.
1070 2074 1088 2097 2
1103 2075 1110 2105 ;
1137 2077 1212 2108 cap.
1226 2066 1371 2098 xxxviii.
1387 2065 1419 2106 2)
1433 2076 1439 2097 :

359 2149 480 2203 quod
506 2163 674 2190 cornua
699 2163 758 2190 ex
790 2150 888 2202 ipso
914 2148 1047 2189 altari
1079 2155 1247 2198 essent,
1276 2148 1560 2201 significabat
1587 2148 1706 2201 quod
1731 2161 1852 2197 vera,

359 2225 474 2265 quae
504 2225 673 2252 cornua
704 2211 1124 2264 repraesentabant,
1159 2211 1409 2264 procedent
1442 2225 1501 2252 ex
1537 2210 1658 2251 bono
1689 2210 1854 2251 amoris

360 2274 480 2328 quod
511 2275 656 2327 ipsum
688 2273 832 2314 altare
863 2273 1252 2326 repraesentabat,
1281 2286 1415 2314 omne
1446 2274 1565 2313 enim
1597 2286 1752 2313 verum
1783 2278 1854 2314 est

360 2350 420 2377 ex
441 2336 589 2387 bono;
622 2336 742 2390 quod
765 2342 918 2377 essent
938 2342 1129 2389 quatuor
1151 2342 1196 2376 et
1219 2337 1263 2376 in
1286 2335 1474 2388 singulis
1497 2335 1689 2388 angulis,
1714 2336 1854 2388 signi·

360 2398 524 2439 ficabat
551 2399 670 2452 quod
703 2405 856 2439 essent
889 2412 969 2452 pro
995 2404 1187 2452 quatuor
1218 2397 1364 2452 plagis
1396 2399 1440 2438 in
1469 2398 1611 2446 caelo,
1639 2411 1718 2451 per
1742 2411 1853 2451 quas

360 2459 670 2513 significantur
695 2460 848 2500 omnia
872 2460 965 2500 veri
997 2473 1055 2499 ex
1087 2459 1222 2500 bono.
1284 2458 1511 2511 Quoniam
1539 2472 1697 2505 omnes
1723 2458 1853 2512 expi-

359 2521 536 2561 ationes
551 2526 596 2561 et
611 2519 944 2573 purificationes
959 2519 1070 2560 fiunt
1086 2534 1164 2573 per
1174 2533 1280 2560 vera
1294 2534 1353 2560 ex
1368 2520 1503 2569 bono,
1517 2520 1620 2560 ideo
1634 2519 1853 2573 expiaba-

360 2590 431 2624 tur
456 2596 588 2636 super
614 2583 823 2623 cornibus
850 2582 1076 2632 altarium,

424 2673 537 2715 Super
553 2674 719 2704 cornibus
736 2673 858 2704 altaris
875 2673 1067 2704 suffimenti
1083 2671 1207 2711 (Exod.
1222 2682 1303 2704 xxx.
1321 2680 1382 2711 10;
1406 2671 1516 2704 Levit.
1531 2671 1577 2704 iv.
1593 2671 1646 2712 7);

425 2717 470 2749 Et
497 2726 604 2757 super
626 2717 793 2748 cornibus
821 2716 943 2748 altaris
968 2716 1166 2748 holocausti
1190 2715 1313 2755 (Levit.
1328 2716 1374 2748 iv.
1389 2723 1442 2754 25,
1457 2724 1510 2754 30,
1524 2723 1588 2755 34;
1612 2725 1688 2755 cap.
1701 2715 1774 2748 viii.
1791 2722 1828 2754 15
1845 2724 1853 2753 ;

531 2770 607 2800 cap.
622 2760 668 2792 ix.
682 2770 703 2800 9
718 2769 725 2798 ;
749 2770 826 2800 cap.
840 2760 911 2792 xvi.
929 2760 993 2799 18).

359 2836 422 2878 Et
448 2837 551 2890 quia
576 2836 722 2877 omnis
749 2836 913 2876 Divina
939 2834 1086 2876 tutela
1111 2841 1182 2876 est
1207 2849 1286 2889 per
1310 2848 1416 2876 vera
1442 2849 1500 2875 ex
1526 2834 1662 2883 bono,

379 2928 384 2933 ·
424 2919 511 2952 Ideo
536 2919 643 2951 etiam
669 2919 728 2959 qui
754 2918 913 2950 fecerunt
937 2918 1042 2955 mala,
1069 2923 1104 2950 et
1129 2918 1323 2949 timuerunt
1348 2923 1512 2955 mortem,
1538 2917 1867 2958 apprehenderunt>

531 2972 666 2994 cornua
681 2962 812 2998 altaris.
833 2968 868 2993 et
884 2962 1015 2993 servati
1032 2967 1115 2993 sunt
1131 2961 1161 3000 (1
1180 2962 1261 3002 Reg.
1275 2961 1297 2993 i.
1314 2968 1365 2999 50,
1381 2968 1432 2999 51,
1449 2960 1501 3001 53)
1515 2970 1522 2999 ς

423 3006 492 3039 Sed
506 3007 564 3048 qui
578 3006 746 3038 meditato
760 3012 794 3037 et
807 3016 850 3037 ex
862 3005 1046 3037 voluntate
1059 3005 1190 3036 malum
1205 3004 1374 3043 fecerunt,
1392 3014 1464 3035 non
1479 3004 1610 3036 servati
1624 3009 1707 3036 sunt
1717 3002 1748 3044 (1
1764 3004 1847 3046 Reg.

532 3051 566 3082 ii.
584 3049 714 3090 28-31).
