2060 3476
333 356 354 399 5
362 355 412 399 52
742 356 1075 390 APOCALYPSIS
1106 358 1406 392 EXPLICATA.

329 474 376 510 et
402 469 534 512 bona.
596 469 736 525 Apud
759 470 977 522 Marcum,

395 559 438 592 ln
455 561 766 593 consummatione
782 561 913 594 saeculi
930 563 953 577 ‘⁸
963 562 1078 594 tradet
1094 561 1204 594 frater
1218 562 1365 594 fratrem
1382 563 1418 594 in
1436 568 1600 600 mortem,
1617 568 1718 603 pater
1732 562 1816 594 libe-

502 613 573 642 ros,
590 611 807 646 consurgent
823 605 924 637 liberi
940 612 1065 637 contra
1081 612 1259 646 parentes,
1273 613 1309 638 et
1324 606 1488 638 occident
1503 605 1596 638 eos¹’
1613 605 1699 647 (xiii.
1714 605 1789 646 12);

329 687 662 728 consummatio
683 687 851 728 saeculi
868 694 940 729 est
956 687 1164 729 ultimum
1183 695 1362 742 tempus
1384 688 1617 738 ecclesiae,
1637 689 1817 743 quando

328 748 441 790 salsa
455 749 692 791 destruent
707 764 826 799 vera,
840 756 886 792 et
902 750 1022 791 mala
1036 751 1272 792 destruent
1288 751 1408 792 bona
1425 765 1434 802 ;
1461 765 1540 805 per
1557 755 1582 772 “
1595 751 1818 800 fratrem,”

332 812 579 865 “patrem’'
605 819 651 854 et
680 813 922 862 “liberos‚”
950 827 1039 854 non
1071 813 1390 867 intelliguntur
1420 814 1480 855 ibi
1511 814 1662 864 frater,
1689 820 1819 868 pater

329 882 376 916 et
400 875 539 925 liberi,
567 876 647 917 sed
673 876 833 917 falsum
860 883 906 917 et
933 889 1087 917 verum
1113 890 1165 918 ac
1197 876 1365 918 bonum
1392 883 1438 918 et
1470 877 1666 928 malum;
1698 877 1819 931 quod

332 938 506 980 “frater
532 939 683 980 tradet
709 939 893 980 fratrem
920 940 963 980 in
991 945 1186 980 mortem
1198 939 1218 954 ’¹
1244 938 1470 993 significat
1503 940 1624 994 quod
1656 939 1817 981 falsum

330 1002 534 1043 destruet
561 1002 743 1051 bonum,
768 1003 811 1043 in
838 1003 987 1056 specie
1014 1002 1111 1043 sola
1133 1002 1244 1044 fides
1266 1003 1552 1052 charitatem,
1578 1017 1682 1044 nam
1707 1002 1819 1045 fides

329 1065 373 1105 in
400 1064 555 1106 Verbo
587 1066 749 1106 dicitur
778 1065 983 1106 “frater'’
1009 1065 1272 1116 charitatis;
1315 1067 1436 1120 quod
1465 1071 1634 1120 “pater
1666 1066 1818 1108 tradet

330 1127 494 1168 liberos
516 1129 560 1169 in
583 1135 779 1169 mortem
792 1128 811 1143 '’
828 1127 1054 1182 significat
1076 1129 1197 1182 quod
1219 1129 1388 1171 bonum
1406 1129 1626 1171 ecclesiae
1650 1130 1818 1183 peritu-

330 1204 425 1231 rum
444 1204 522 1244 per
539 1191 651 1232 salsa
668 1191 773 1232 mali
795 1190 843 1244 (“
856 1198 985 1245 pater
996 1191 1015 1206 ’'
1030 1198 1101 1232 est
1120 1191 1288 1233 bonum
1306 1191 1539 1241 ecclesiae,
1556 1198 1602 1233 et
1624 1196 1649 1213 ‘⁶
1663 1192 1788 1233 liberi
1799 1191 1819 1206 ”

330 1260 435 1295 sunt
461 1254 574 1295 falsa
595 1254 750 1308 mali);
783 1255 903 1310 quod
930 1259 1244 1308 “consurgent
1273 1254 1398 1296 liberi
1425 1262 1585 1296 contra
1607 1261 1820 1309 parentes

330 1324 377 1358 et
403 1318 614 1359 occident
641 1318 743 1359 illos
756 1318 775 1333 '’
801 1317 1026 1371 significat
1058 1319 1179 1372 quod
1210 1318 1322 1359 salsa
1351 1318 1456 1359 mali
1488 1319 1819 1372 impugnabunt
1881 1330 1891 1341 ·

330 1381 450 1422 bona
475 1387 522 1422 et
548 1395 654 1422 vera
678 1381 912 1430 ecclesiae,
940 1387 986 1422 et
1013 1381 1250 1423 destruent
1277 1381 1367 1422 illa.
1429 1381 1568 1435 Apud
1593 1381 1771 1431 Lucam,

398 1469 519 1502 Homo
537 1471 595 1512 qui
613 1471 787 1511 plantavit
803 1470 945 1502 vineam
967 1470 1098 1502 “misit
1114 1480 1255 1502 servum
1281 1477 1319 1502 ut
1342 1471 1386 1502 de
1410 1468 1527 1502 fructu
1544 1470 1670 1502 vineae
1694 1471 1821 1502 darent

505 1514 566 1552 illi,
594 1515 657 1546 sed
681 1515 799 1546 coloni
823 1520 1075 1555 percusserunt
1099 1524 1179 1546 eum
1204 1521 1239 1546 et
1263 1514 1459 1546 emiserunt
1482 1524 1633 1546 vacuum
1649 1523 1656 1550 ς
1687 1514 1822 1546 addidit

505 1559 645 1590 mittere
661 1558 782 1596 alium,
802 1564 837 1590 et
860 1558 953 1590 hunc
977 1558 1084 1590 etiam
1110 1558 1363 1598 percutientes.
1378 1583 1385 1590 .
1399 1582 1406 1590 .
1421 1558 1632 1590 .emiserunt
1648 1567 1798 1589 vacuum
1813 1567 1821 1595 ς

505 1602 639 1633 addidit
654 1602 794 1633 mittere
807 1602 962 1639 tertium,
979 1608 1014 1633 et
1023 1602 1118 1633 hunc
1132 1601 1362 1633 vulnerantes
1376 1601 1567 1641 ejecerunt.
1585 1601 1685 1633 Tunc
1700 1601 1823 1633 Domi-

505 1655 572 1677 nus
585 1646 711 1677 vineae
724 1646 823 1683 dixit,
841 1645 934 1686 Quid
951 1645 1101 1678 faciam?
1124 1645 1262 1676 mittam
1278 1645 1403 1677 Filium
1419 1655 1537 1677 meum
1551 1643 1732 1677 dilectum.
1764 1669 1772 1677 .
1787 1669 1794 1677 .
1807 1669 1816 1677 .

504 1689 573 1721 Sed
586 1690 762 1727 dixerunt,
779 1689 847 1720 Hic
860 1696 913 1721 est
924 1690 1027 1720 heres
1042 1699 1049 1726 ;
1066 1689 1196 1726 venite,
1210 1689 1432 1720 occcidamus
1447 1688 1568 1729 Ipsum
1582 1698 1606 1727 ;.
1620 1713 1628 1721 .
1642 1713 1650 1721 .
1664 1694 1715 1721 ,et
1727 1687 1823 1729 ejici-

505 1739 606 1765 entes
623 1733 744 1774 Ipsum
757 1739 857 1764 extra
870 1733 1012 1764 vineam
1027 1732 1231 1764 occiderunt
1243 1731 1261 1744 ’'
1278 1732 1350 1773 (xx.
1369 1733 1495 1770 10-16;
1519 1733 1634 1764 Marc.
1649 1732 1708 1764 xii.
1726 1731 1821 1773 2-9):

331 1820 443 1862 haec
467 1821 523 1862 de
550 1821 742 1863 ecclesia
764 1821 882 1875 apud
907 1820 1104 1874 Judaeos
1126 1821 1337 1862 instituta
1359 1818 1480 1861 dicta
1505 1826 1637 1872 sunt;
1669 1833 1721 1861 ac
1745 1833 1823 1874 per

331 1884 409 1925 illa
426 1884 694 1926 describitur
713 1885 940 1938 perversio
962 1890 1008 1927 et
1030 1883 1283 1925 falsificatio
1305 1883 1450 1924 omnis
1467 1884 1574 1932 veri,
1593 1883 1713 1937 quod
1735 1882 1822 1924 illis

332 1962 391 1988 ex
412 1947 580 1996 Verbo,
601 1961 679 2001 per
701 1947 970 1988 traditiones
993 1952 1039 1988 et
1066 1960 1145 2000 per
1166 1946 1495 2000 applicationes
1517 1946 1574 1987 ad
1600 1959 1661 1987 se.
1721 1944 1822 1987 Sina

332 2010 438 2064 gula
456 2011 513 2051 ibi
537 2023 718 2051 sensum
738 2009 1017 2064 spiritualem
1037 2010 1409 2058 continent,nam
1432 2007 1640 2063 quicquid
1664 2008 1822 2050 Domi-

334 2088 415 2114 nus
454 2074 631 2115 locutus
667 2080 753 2122 est,
787 2072 1081 2126 spiritualiter
1117 2073 1254 2113 etiam
1292 2071 1470 2113 locutus
1506 2078 1592 2120 est,
1625 2072 1728 2126 quia
1763 2085 1823 2112 ex

334 2137 512 2178 Divino.
575 2137 657 2178 Per
681 2137 898 2177 “vineam
910 2136 929 2151 ''
952 2148 1086 2190 quam
1113 2135 1251 2176 homo
1277 2135 1516 2189 plantavit,
1545 2133 1825 2188 significatur

333 2200 524 2242 ecclesia
547 2213 660 2254 quae
682 2200 726 2240 in
748 2199 864 2239 veris
883 2213 891 2249 ;
925 2212 1003 2252 per
1028 2197 1252 2239 “servos”
1269 2211 1380 2252 quos
1404 2204 1474 2238 ter
1495 2198 1631 2246 misit,
1655 2196 1824 2238 intelli-

333 2264 453 2316 gitur
470 2262 673 2303 Verbum
696 2275 774 2315 per
792 2261 952 2305 Mosen
971 2267 1017 2302 et
1035 2261 1283 2315 prophetas
1305 2259 1392 2301 illis
1415 2260 1572 2301 datum
1590 2273 1599 2310 ;
1633 2266 1700 2301 ter
1715 2259 1825 2301 dici-

333 2334 418 2375 tur,
446 2326 550 2380 quia
584 2324 739 2366 “tria‘’
770 2323 1028 2378 significant
1060 2323 1243 2377 plenum
1276 2329 1322 2364 et
1354 2322 1660 2376 completum;
1703 2322 1825 2377 quod

336 2389 676 2444 “percusserint
699 2402 791 2437 eos,
810 2387 1161 2435 vulneraverint,
1181 2393 1228 2428 et
1251 2387 1481 2428 emiserint
1504 2399 1670 2427 vacuos
1693 2393 1826 2427 extra

333 2452 550 2501 vineam,'’
569 2451 793 2505 significat
819 2451 939 2505 quod
965 2449 1299 2492 falsificaverint
1326 2456 1372 2491 et
1399 2450 1698 2503 perverterint
1721 2463 1826 2491 vera

334 2530 448 2570 quae
479 2515 537 2556 ibi
567 2514 838 2568 (“emittere
865 2527 1031 2555 vacuos
1057 2519 1190 2554 extra
1216 2514 1393 2553 vineam
1405 2512 1424 2527 ’²
1451 2511 1675 2565 significat
1706 2512 1826 2566 quod

334 2579 668 2633 deprivaverint
700 2578 902 2618 Verbum
934 2578 1023 2617 suis
1055 2577 1184 2617 bonis
1221 2582 1268 2632 et
1299 2574 1463 2629 veris):
1511 2589 1590 2629 per
1624 2574 1825 2616 “Filium

335 2640 580 2683 dile&um'’
625 2640 895 2694 intelligitur
937 2640 1157 2680 Dominus
1193 2639 1341 2692 quoad
1384 2638 1596 2679 Divinum
1637 2637 1824 2686 Verum,

334 2706 407 2759 qui
433 2705 537 2745 inde
563 2705 701 2745 etiam
724 2710 912 2744 vocatur
941 2702 1182 2743 “Verbum
1199 2701 1233 2752 ;''
1265 2701 1385 2755 quod
1410 2700 1660 2753 “ejecerint
1688 2699 1825 2742 Illum

337 2775 471 2809 extra
520 2768 698 2808 vineam
735 2773 782 2807 et
819 2766 1067 2807 occiderint
1087 2764 1106 2780 '’
1138 2763 1363 2817 significat
1400 2763 1520 2817 quod
1557 2776 1648 2803 non
1689 2763 1826 2804 modo

336 2832 504 2885 Ipsum,
537 2830 617 2871 sed
653 2830 791 2870 etiam
828 2842 962 2870 omne
1001 2828 1213 2868 Divinum
1245 2826 1417 2867 Verum
1454 2825 1575 2879 quod
1610 2825 1668 2866 ab
1704 2825 1824 2879 Ipso.

335 2904 505 2942 (Videatur
519 2903 614 2932 etiam
629 2910 734 2939 supra,
749 2910 780 2931 n.
795 2892 876 2942 83.)
933 2888 1074 2943 Apud
1098 2887 1348 2936 Danielem,

403 2982 425 2995 ⁸⁴
437 2980 524 3012 Post
540 2980 758 3020 septimanas
776 2978 963 3019 sexaginta
979 2977 1067 3009 duas
1085 2975 1266 3008 excidetur
1283 2973 1449 3012 Messias,
1469 2974 1532 3006 sed
1549 2983 1623 3005 non
1640 2972 1714 3009 Sibi
1725 2971 1744 2985 '⁹
1761 2972 1820 3013 (ix.

509 3024 564 3064 26)
579 3033 586 3063 ;
