2060 3476
642 366 748 400 cAP.
770 366 830 408 v.,
854 365 993 399 vERs.
1015 364 1163 410 9.—-N.
1188 354 1352 410 326[b].
1666 353 1747 412 589

322 481 462 516 “Dices
478 482 514 514 in
528 482 584 514 die
593 482 665 520 illo,
680 481 888 514 Confitebor
903 480 1073 523 Jehovae,
1084 505 1092 512 .
1107 504 1115 512 .
1128 504 1135 512 .
1150 479 1265 512 .Deus
1282 478 1406 511 salutis
1423 487 1535 515 meae,
1555 477 1744 514 confidam,

429 537 501 558 non
519 527 663 564 timebo,
683 526 766 566 quia
781 526 889 557 robur
905 534 1035 562 meum,
1055 529 1090 555 et
1109 524 1284 555 canticum
1301 522 1369 564 Jah
1385 521 1559 563 Jehovah,
1579 521 1645 552 fuit
1661 521 1747 552 mihi

428 570 464 601 in
482 570 652 602 salutem:
679 575 762 600 tunc
777 568 947 600 haurietis
964 577 1075 608 aquas
1092 577 1136 598 ex
1151 567 1312 598 fontibus
1330 566 1454 597 salutis
1469 575 1476 602 ;
1500 571 1536 596 et
1559 564 1685 596 dicetis
1709 565 1745 595 in

427 614 484 646 die
508 613 580 651 illo,
602 613 831 645 Confitemini
854 612 1025 654 Jehovae,
1045 611 1209 642 invocate
1233 619 1365 641 nomen
1385 609 1502 649 Ipsius
1506 633 1598 646 .....
1606 614 1747 639 cantate

427 657 586 699 Jehovae
590 681 682 695 .....
690 656 850 687 exclama
868 661 903 687 ct
921 655 1042 695 jubila.
1064 654 1255 686 habitatrix
1279 653 1412 691 Zionis,
1433 652 1515 694 quia
1533 662 1686 692 magnus
1711 652 1747 683 in

428 701 547 732 medio
563 700 614 732 tui
632 698 783 732 Sanctus
802 699 945 731 Israelis
956 698 974 710 '⁷
991 697 1064 739 (xii.
1084 698 1180 738 1—6);

255 789 521 831 describitur
537 789 601 829 ita
617 788 837 830 confessio
855 801 913 828 ex
935 787 1100 840 gaudio
1123 786 1269 827 cordis
1295 791 1479 839 propter
1500 784 1747 826 adventum

255 852 452 901 Domini,
471 857 518 892 et
537 851 746 892 Divinam
765 851 908 905 Ipsius
927 850 1179 904 potentiam
1198 848 1401 889 salvandi
1416 861 1558 901 genus
1589 847 1747 888 huma-

255 927 387 956 num:
411 914 531 968 quod
549 914 771 955 confessio
789 914 860 963 sit,
877 919 1019 967 patet,
1037 925 1141 953 nam
1157 912 1299 966 primo
1314 911 1489 959 dicitur,
1507 914 1532 930 “
1547 910 1747 951 Confite-

253 977 337 1019 bor
370 977 610 1031 Jehovae,''
658 983 704 1018 et
746 990 922 1030 quoque
968 976 1086 1024 dein,
1127 974 1454 1016 “Confitemini
1500 973 1699 1026 Jehovae
1716 972 1749 1024 ;''

255 1041 478 1082 confessio
503 1040 624 1094 quod
650 1040 871 1080 Dominus
897 1053 956 1080 ex
984 1039 1148 1080 Divina
1173 1038 1381 1092 potentia
1406 1036 1659 1078 salvaturus
1691 1036 1749 1077 sit

254 1117 396 1157 genus
418 1102 965 1152 humanum,·describitur
987 1116 1066 1156 per
1090 1101 1217 1150 haec,
1243 1101 1404 1141 “Deus
1427 1100 1584 1141 salutis
1607 1113 1748 1148 meae,

254 1166 493 1215 confidam,
513 1179 603 1206 non
621 1165 806 1214 timebo,
826 1166 927 1219 quia
944 1166 1077 1206 robur
1095 1177 1257 1213 meum,
1275 1196 1283 1204 .
1299 1196 1307 1204 .
1324 1195 1333 1205 .
1347 1163 1427 1204 suit
1446 1163 1553 1203 mihi
1570 1163 1613 1203 in
1631 1162 1749 1202 salu-

255 1235 349 1270 tem
365 1242 374 1270 :
396 1235 502 1270 tunc
518 1229 730 1269 haurietis
744 1242 882 1282 aquas
896 1242 954 1269 ex
969 1228 1166 1269 fontibus
1181 1226 1337 1268 salutis
1353 1259 1361 1267 .
1379 1259 1386 1266 .
1403 1259 1412 1267 .
1426 1227 1470 1266 in
1486 1226 1556 1266 die
1570 1225 1647 1266 illo
1663 1258 1671 1266 .
1687 1257 1695 1266 .
1713 1258 1720 1266 .
1740 1239 1749 1275 ;

255 1304 447 1345 magnus
478 1292 522 1332 in
554 1292 703 1332 medio
734 1292 798 1332 tui
835 1289 1025 1332 Sanctus
1058 1290 1235 1331 Israelis
1254 1289 1289 1330 :”
1327 1290 1408 1330 “in
1439 1289 1510 1330 die
1541 1288 1649 1330 illo''
1681 1295 1750 1329 est

255 1355 434 1409 quando
453 1355 672 1396 Dominus
686 1361 900 1395 venturus
918 1369 927 1406 ;
954 1358 978 1374 “
991 1352 1182 1395 Sanctus
1198 1352 1375 1394 Israelis
1387 1352 1406 1367 ’'
1420 1358 1489 1393 est
1504 1352 1724 1393 Dominus
1740 1365 1748 1392 :

255 1418 468 1471 gaudium
499 1417 770 1471 inde,·quod
802 1424 872 1459 est
903 1417 1116 1470 gaudium
1149 1416 1456 1464 confessionis,
1484 1415 1752 1455 describitur

255 1495 334 1535 per
349 1484 374 1502 “
387 1481 586 1522 Cantate
602 1480 813 1533 Jehovae,
830 1480 1040 1521 exclama
1057 1486 1103 1521 et
1116 1479 1268 1532 jubila,
1283 1479 1531 1519 habitatrix
1551 1478 1701 1518 Zionis
1719 1476 1752 1527 ;''

258 1544 544 1586 “habitatrix
556 1544 575 1560 ’⁹
614 1550 660 1585 et
700 1543 826 1585 “filia
862 1543 1044 1585 Zionis'’
1081 1549 1150 1584 est
1192 1541 1385 1584 ecclesia
1420 1542 1493 1582 ubi
1531 1541 1752 1582 Dominus

257 1607 442 1649 colitur:
488 1608 750 1648 “canticum
789 1607 904 1661 Jah'’
943 1608 1003 1648 ibi
1043 1605 1267 1660 significat
1310 1605 1664 1646 celebrationem
1704 1610 1751 1645 et

257 1670 631 1724 glorificationem
658 1671 852 1711 Domini.
912 1670 1051 1724 Apud
1077 1670 1285 1718 eundem,

326 1765 512 1798 “Cantate
528 1765 687 1807 Jehovae
705 1766 881 1797 canticum
899 1775 1046 1801 novum.
1067 1764 1208 1796 laudem
1235 1763 1364 1804 Ipsius,
1384 1762 1591 1794 extremitas
1616 1768 1753 1798 terrae;

438 1834 445 1842 .
460 1834 468 1842 .
482 1834 489 1841 .
504 1834 511 1841 .
519 1809 693 1841 extollant
704 1819 829 1841 vocem
840 1810 1020 1840 desertum
1031 1814 1066 1840 et
1077 1809 1182 1839 urbes
1194 1807 1272 1848 ejus
1276 1832 1369 1845 .....
1377 1812 1523 1838 cantent
1533 1806 1752 1837 habitatores

433 1859 565 1894 petrae,
585 1863 604 1885 e
622 1853 736 1894 capite
753 1853 930 1884 montium
947 1853 1102 1884 clament
1113 1851 1130 1864 ''
1148 1851 1233 1892 (xlii.
1253 1859 1303 1888 10,
1321 1848 1409 1891 [¹111)
1425 1860 1432 1888 ;

258 1943 406 1996 agitur
437 1943 574 1984 etiam
606 1914 665 1983 issi
697 1942 752 1983 de
784 1942 985 1982 adventu
1018 1940 1213 1989 Domini,
1247 1953 1298 1980 ac
1336 1939 1392 1980 de
1429 1938 1754 1980 instauratione

259 2006 478 2047 ecclesiae
500 2006 618 2059 apud
650 2005 751 2047 illos
783 2006 855 2059 qui
878 2011 1012 2046 extra
1038 2003 1277 2045 ecclesiam
1309 2003 1501 2051 fuerunt,
1528 2015 1606 2042 seu
1637 2000 1755 2055 apud

258 2069 360 2111 illos
391 2070 464 2110 ubi
496 2082 588 2110 non
621 2068 823 2110 Verbum
855 2068 950 2117 fuit,
983 2073 1029 2109 et
1067 2067 1288 2108 Dominus
1321 2079 1412 2106 non
1443 2066 1562 2118 prius
1594 2071 1752 2105 notus:

261 2136 484 2174 “cantare
529 2132 756 2173 canticum
802 2130 1008 2180 novum‚”
1053 2129 1278 2184 significat
1323 2128 1650 2170 consessionem
1695 2141 1755 2175 ex

259 2195 425 2249 gaudio
448 2196 620 2247 cordis;
655 2199 876 2236 “cantare
899 2194 1093 2242 laudem,
1118 2193 1388 2234 extremitas
1410 2191 1594 2241 terrae‚”
1617 2192 1755 2244 signi-

260 2258 365 2300 ficat
388 2258 715 2300 confessionem
746 2258 924 2299 illorum
951 2258 1024 2311 qui
1046 2257 1209 2298 remoti
1241 2255 1298 2296 ab
1321 2254 1512 2296 ecclesia
1541 2252 1755 2308 ('“extre-

260 2323 394 2364 mitas
426 2322 602 2363 terrae'’
633 2328 703 2363 est
734 2322 807 2362 ubi
847 2321 891 2362 id
929 2320 1049 2375 quod
1086 2319 1304 2361 ecclesiae
1340 2325 1410 2359 est
1442 2318 1606 2359 desinit
1643 2331 1755 2366 esse,

263 2385 448 2427 “terra'’
474 2391 544 2426 est
576 2384 815 2439 ecclesia);
850 2384 1117 2425 “desertum
1145 2389 1191 2423 et
1224 2382 1354 2422 urbes
1381 2380 1503 2434 ejus’'
1529 2395 1642 2434 quae
1674 2394 1756 2421 ex·

261 2447 428 2490 tollent
453 2461 628 2497 vocem,
654 2447 876 2501 significat
902 2446 1004 2487 illos
1037 2446 1155 2499 apud
1187 2459 1299 2499 quos
1331 2458 1423 2485 non
1455 2444 1622 2484 bonum
1654 2443 1756 2496 quia

262 2526 353 2553 non
379 2524 548 2560 verum,
577 2511 697 2564 quod
724 2517 878 2551 tamen
905 2510 1190 2559 desiderant;
1225 2508 1544 2548 “habitatores
1571 2513 1726 2560 petrae
1739 2506 1758 2521 '’

262 2574 517 2629 significant
548 2574 716 2615 bonum
748 2573 852 2614 fidei
883 2573 994 2622 illis;
1040 2576 1212 2624 “caput
1245 2572 1467 2611 montium
1483 2570 1502 2585 ‘’
1534 2569 1758 2623 significat

261 2639 430 2680 bonum
451 2638 615 2678 amoris
637 2636 748 2687 illis;
784 2634 1036 2677 “cantare’'
1054 2641 1100 2675 et
1121 2640 1145 2654 ‘⁶
1160 2633 1386 2675 clamare'’
1409 2632 1632 2687 significat
1655 2633 1758 2673 inde

262 2701 590 2743 consessionem
616 2714 675 2741 ex
699 2699 864 2753 gaudio
886 2699 1021 2739 animi
1044 2704 1090 2739 et
1114 2698 1275 2738 cordis.
1337 2696 1475 2750 Apud
1498 2697 1706 2744 eundem,

331 2796 619 2829 “Consolabitur
634 2795 797 2837 Jehovah
815 2795 975 2831 Zionem,
996 2793 1242 2826 consolabitur
1266 2803 1393 2825 omnes
1411 2793 1596 2824 vastitates
1614 2792 1703 2833 ejus,
1724 2797 1760 2823 et

436 2846 547 2881 ponet
569 2840 750 2871 desertum
774 2839 852 2880 ejus
877 2840 967 2871 sicut
993 2838 1104 2876 Eden,
1132 2837 1364 2869 solitudinem
1389 2837 1466 2878 ejus
1495 2837 1585 2868 sicut
1616 2836 1759 2867 hortum

435 2883 605 2926 Jehovae.
633 2883 768 2915 laetitia
791 2889 826 2915 et
853 2883 1021 2923 gaudium
1050 2880 1256 2918 invenietur
1283 2881 1319 2913 in
1344 2891 1397 2919 ea,
1425 2880 1605 2912 confessio
1630 2886 1665 2911 et
1689 2889 1760 2911 vox

436 2926 591 2960 cantus''
608 2927 656 2968 (li.
674 2935 692 2967 3
707 2936 714 2966 ;
739 2937 815 2967 cap.
832 2927 881 2959 lii.
899 2927 929 2965 8,
945 2926 979 2968 9)
994 2935 1001 2964 ;

261 3017 399 3058 etiam
425 3015 619 3058 haecde
645 3015 845 3058 adventu
872 3015 1071 3067 Domini,
1097 3021 1144 3060 et
1171 3013 1228 3056 de
1257 3013 1585 3064 instauratione
1612 3011 1758 3055 eccle·
