<?xml version="1.0" encoding="UTF-8"?>
<!DOCTYPE html PUBLIC "-//W3C//DTD XHTML 1.0 Transitional//EN"
    "http://www.w3.org/TR/xhtml1/DTD/xhtml1-transitional.dtd">
<html xmlns="http://www.w3.org/1999/xhtml" xml:lang="en" lang="en">
 <head>
  <title>
</title>
<meta http-equiv="Content-Type" content="text/html;charset=utf-8" />
  <meta name='ocr-system' content='tesseract 3.04.00' />
  <meta name='ocr-capabilities' content='ocr_page ocr_carea ocr_par ocr_line ocrx_word'/>
</head>
<body>
  <div class='ocr_page' id='page_1' title='image "apocalypsisexpli01sweduoft_0597.png"; bbox 0 0 2060 3476; ppageno 0'>
   <div class='ocr_carea' id='block_1_1' title="bbox 676 367 1771 424">
    <p class='ocr_par' dir='ltr' id='par_1_1' title="bbox 676 367 1771 424">
     <span class='ocr_line' id='line_1_1' title="bbox 676 367 1771 424; baseline -0.004 -11"><span class='ocrx_word' id='word_1_1' title='bbox 676 379 782 414; x_wconf 84' lang='lat' dir='ltr'>CAP.</span> <span class='ocrx_word' id='word_1_2' title='bbox 805 379 866 422; x_wconf 89' lang='lat' dir='ltr'><strong>v.,</strong></span> <span class='ocrx_word' id='word_1_3' title='bbox 889 379 1028 412; x_wconf 77' lang='lat' dir='ltr'>VERS.</span> <span class='ocrx_word' id='word_1_4' title='bbox 1052 378 1201 424; x_wconf 83' lang='grc' dir='ltr'><strong>9.-Ν,</strong></span> <span class='ocrx_word' id='word_1_5' title='bbox 1227 367 1385 424; x_wconf 86' lang='lat' dir='ltr'><strong>326[c].</strong></span> <span class='ocrx_word' id='word_1_6' title='bbox 1697 379 1771 423; x_wconf 79' lang='lat'><strong>591</strong></span> 
     </span>
    </p>
   </div>
   <div class='ocr_carea' id='block_1_2' title="bbox 279 490 1777 989">
    <p class='ocr_par' dir='ltr' id='par_1_2' title="bbox 279 490 1777 989">
     <span class='ocr_line' id='line_1_2' title="bbox 280 490 1777 549; baseline -0.004 -13"><span class='ocrx_word' id='word_1_7' title='bbox 280 508 434 536; x_wconf 89' lang='lat' dir='ltr'><strong>amore</strong></span> <span class='ocrx_word' id='word_1_8' title='bbox 473 493 718 549; x_wconf 86' lang='lat' dir='ltr'><strong>spirituali;</strong></span> <span class='ocrx_word' id='word_1_9' title='bbox 773 491 913 547; x_wconf 92' lang='lat' dir='ltr'><strong>(quod</strong></span> <span class='ocrx_word' id='word_1_10' title='bbox 955 491 1127 545; x_wconf 87' lang='lat' dir='ltr'><strong>“justi’&#39;</strong></span> <span class='ocrx_word' id='word_1_11' title='bbox 1167 491 1374 532; x_wconf 84' lang='lat' dir='ltr'><strong>dicantur</strong></span> <span class='ocrx_word' id='word_1_12' title='bbox 1418 490 1492 544; x_wconf 91' lang='lat' dir='ltr'><strong>qui</strong></span> <span class='ocrx_word' id='word_1_13' title='bbox 1534 490 1579 530; x_wconf 92' lang='lat' dir='ltr'><strong>in</strong></span> <span class='ocrx_word' id='word_1_14' title='bbox 1623 502 1777 530; x_wconf 89' lang='lat' dir='ltr'><strong>amore</strong></span> 
     </span>
     <span class='ocr_line' id='line_1_3' title="bbox 280 551 1777 609; baseline -0.005 -9"><span class='ocrx_word' id='word_1_15' title='bbox 280 557 466 600; x_wconf 86' lang='lat' dir='ltr'><strong>caelesti</strong></span> <span class='ocrx_word' id='word_1_16' title='bbox 487 563 606 606; x_wconf 88' lang='lat' dir='ltr'><strong>sunt,</strong></span> <span class='ocrx_word' id='word_1_17' title='bbox 633 556 841 597; x_wconf 87' lang='lat' dir='ltr'><strong>videatur</strong></span> <span class='ocrx_word' id='word_1_18' title='bbox 865 568 1013 609; x_wconf 87' lang='lat' dir='ltr'><strong>supra,</strong></span> <span class='ocrx_word' id='word_1_19' title='bbox 1040 567 1082 595; x_wconf 90' lang='lat' dir='ltr'><strong>n.</strong></span> <span class='ocrx_word' id='word_1_20' title='bbox 1110 553 1282 608; x_wconf 86' lang='lat' dir='ltr'><strong>204[a]‚</strong></span> <span class='ocrx_word' id='word_1_21' title='bbox 1308 560 1355 594; x_wconf 89' lang='lat' dir='ltr'><strong>et</strong></span> <span class='ocrx_word' id='word_1_22' title='bbox 1386 553 1507 607; x_wconf 91' lang='lat' dir='ltr'><strong>quod</strong></span> <span class='ocrx_word' id='word_1_23' title='bbox 1535 551 1777 594; x_wconf 81' lang='lat' dir='ltr'><strong>“cithara”</strong></span> 
     </span>
     <span class='ocr_line' id='line_1_4' title="bbox 280 614 1775 673; baseline -0.006 -10"><span class='ocrx_word' id='word_1_24' title='bbox 280 627 327 663; x_wconf 88' lang='lat' dir='ltr'><strong>et</strong></span> <span class='ocrx_word' id='word_1_25' title='bbox 360 618 628 671; x_wconf 67' lang='lat' dir='ltr'><strong>“namium”</strong></span> <span class='ocrx_word' id='word_1_26' title='bbox 658 618 974 673; x_wconf 73' lang='lat' dir='ltr'><strong>praedicentur</strong></span> <span class='ocrx_word' id='word_1_27' title='bbox 1005 617 1061 659; x_wconf 93' lang='lat' dir='ltr'><strong>de</strong></span> <span class='ocrx_word' id='word_1_28' title='bbox 1091 616 1179 658; x_wconf 90' lang='lat' dir='ltr'><strong>illis</strong></span> <span class='ocrx_word' id='word_1_29' title='bbox 1210 617 1285 670; x_wconf 91' lang='lat' dir='ltr'><strong>qui</strong></span> <span class='ocrx_word' id='word_1_30' title='bbox 1317 617 1360 657; x_wconf 90' lang='lat' dir='ltr'><strong>in</strong></span> <span class='ocrx_word' id='word_1_31' title='bbox 1393 616 1513 656; x_wconf 91' lang='lat' dir='ltr'><strong>bono</strong></span> <span class='ocrx_word' id='word_1_32' title='bbox 1543 614 1775 669; x_wconf 85' lang='lat' dir='ltr'>spirituali,</span> 
     </span>
     <span class='ocr_line' id='line_1_5' title="bbox 281 677 1777 737; baseline -0.005 -12"><span class='ocrx_word' id='word_1_33' title='bbox 281 685 418 725; x_wconf 89' lang='lat' dir='ltr'><strong>etiam</strong></span> <span class='ocrx_word' id='word_1_34' title='bbox 450 696 596 737; x_wconf 87' lang='lat' dir='ltr'><strong>supra,</strong></span> <span class='ocrx_word' id='word_1_35' title='bbox 630 696 672 723; x_wconf 89' lang='lat' dir='ltr'><strong>n.</strong></span> <span class='ocrx_word' id='word_1_36' title='bbox 700 679 896 735; x_wconf 86' lang='lat' dir='ltr'><strong>323[a,b]</strong></span> <span class='ocrx_word' id='word_1_37' title='bbox 917 680 948 734; x_wconf 91' lang='lat'><strong>;)</strong></span> <span class='ocrx_word' id='word_1_38' title='bbox 982 686 1028 722; x_wconf 88' lang='lat' dir='ltr'><strong>et</strong></span> <span class='ocrx_word' id='word_1_39' title='bbox 1059 680 1163 734; x_wconf 84' lang='lat' dir='ltr'><strong>quia</strong></span> <span class='ocrx_word' id='word_1_40' title='bbox 1193 680 1419 720; x_wconf 86' lang='lat' dir='ltr'><strong>canticum</strong></span> <span class='ocrx_word' id='word_1_41' title='bbox 1452 684 1524 719; x_wconf 86' lang='lat' dir='ltr'><strong>est</strong></span> <span class='ocrx_word' id='word_1_42' title='bbox 1555 677 1777 720; x_wconf 87' lang='lat' dir='ltr'><strong>consessio</strong></span> 
     </span>
     <span class='ocr_line' id='line_1_6' title="bbox 281 738 1774 800; baseline -0.005 -12"><span class='ocrx_word' id='word_1_43' title='bbox 281 761 340 788; x_wconf 90' lang='lat' dir='ltr'><strong>ex</strong></span> <span class='ocrx_word' id='word_1_44' title='bbox 373 746 539 800; x_wconf 88' lang='lat' dir='ltr'><strong>gaudio</strong></span> <span class='ocrx_word' id='word_1_45' title='bbox 565 745 753 786; x_wconf 87' lang='lat' dir='ltr'><strong>oriundo</strong></span> <span class='ocrx_word' id='word_1_46' title='bbox 784 758 843 785; x_wconf 87' lang='lat' dir='ltr'><strong>ex</strong></span> <span class='ocrx_word' id='word_1_47' title='bbox 871 743 959 784; x_wconf 93' lang='lat' dir='ltr'><strong>illis</strong></span> <span class='ocrx_word' id='word_1_48' title='bbox 991 743 1230 791; x_wconf 87' lang='lat' dir='ltr'><strong>amoribus,</strong></span> <span class='ocrx_word' id='word_1_49' title='bbox 1263 742 1366 783; x_wconf 91' lang='lat' dir='ltr'><strong>ideo</strong></span> <span class='ocrx_word' id='word_1_50' title='bbox 1398 742 1559 782; x_wconf 90' lang='lat' dir='ltr'><strong>dicitur</strong></span> <span class='ocrx_word' id='word_1_51' title='bbox 1586 738 1774 782; x_wconf 84' lang='lat' dir='ltr'><strong>“Confi-</strong></span> 
     </span>
     <span class='ocr_line' id='line_1_7' title="bbox 281 803 1776 862; baseline -0.005 -12"><span class='ocrx_word' id='word_1_52' title='bbox 281 810 439 851; x_wconf 89' lang='lat' dir='ltr'><strong>temini</strong></span> <span class='ocrx_word' id='word_1_53' title='bbox 467 809 683 862; x_wconf 80' lang='lat' dir='ltr'>jehovae,</span> <span class='ocrx_word' id='word_1_54' title='bbox 709 813 896 849; x_wconf 86' lang='lat' dir='ltr'><strong>cantate</strong></span> <span class='ocrx_word' id='word_1_55' title='bbox 928 806 1020 860; x_wconf 91' lang='lat' dir='ltr'><strong>Ipsi</strong></span> <span class='ocrx_word' id='word_1_56' title='bbox 1051 806 1277 847; x_wconf 85' lang='lat' dir='ltr'><strong>canticum</strong></span> <span class='ocrx_word' id='word_1_57' title='bbox 1303 818 1468 846; x_wconf 90' lang='lat' dir='ltr'><strong>novum</strong></span> <span class='ocrx_word' id='word_1_58' title='bbox 1488 804 1521 855; x_wconf 86' lang='lat'><strong>;’‘</strong></span> <span class='ocrx_word' id='word_1_59' title='bbox 1553 803 1776 845; x_wconf 86' lang='lat' dir='ltr'><strong>exaltatio</strong></span> 
     </span>
     <span class='ocr_line' id='line_1_8' title="bbox 279 867 1776 926; baseline -0.004 -13"><span class='ocrx_word' id='word_1_60' title='bbox 279 872 430 926; x_wconf 84' lang='lat' dir='ltr'><strong>gaudii</strong></span> <span class='ocrx_word' id='word_1_61' title='bbox 466 885 526 913; x_wconf 87' lang='lat' dir='ltr'><strong>ex</strong></span> <span class='ocrx_word' id='word_1_62' title='bbox 562 870 841 925; x_wconf 86' lang='lat' dir='ltr'><strong>plenitudine</strong></span> <span class='ocrx_word' id='word_1_63' title='bbox 881 868 1161 923; x_wconf 84' lang='lat' dir='ltr'><strong>significatur</strong></span> <span class='ocrx_word' id='word_1_64' title='bbox 1197 882 1278 922; x_wconf 88' lang='lat' dir='ltr'><strong>per</strong></span> <span class='ocrx_word' id='word_1_65' title='bbox 1316 868 1553 908; x_wconf 85' lang='lat' dir='ltr'>“Reddite</span> <span class='ocrx_word' id='word_1_66' title='bbox 1594 867 1776 920; x_wconf 87' lang='lat' dir='ltr'><strong>egregie</strong></span> 
     </span>
     <span class='ocr_line' id='line_1_9' title="bbox 279 932 1291 989; baseline -0.003 -14"><span class='ocrx_word' id='word_1_67' title='bbox 279 934 455 989; x_wconf 91' lang='lat' dir='ltr'><strong>pulsare</strong></span> <span class='ocrx_word' id='word_1_68' title='bbox 481 947 582 975; x_wconf 91' lang='lat' dir='ltr'><strong>cum</strong></span> <span class='ocrx_word' id='word_1_69' title='bbox 608 933 859 987; x_wconf 85' lang='lat' dir='ltr'><strong>clangore.”</strong></span> <span class='ocrx_word' id='word_1_70' title='bbox 918 932 1058 986; x_wconf 89' lang='lat' dir='ltr'>Apud</span> <span class='ocrx_word' id='word_1_71' title='bbox 1083 933 1291 981; x_wconf 89' lang='lat' dir='ltr'><strong>eundem,</strong></span> 
     </span>
    </p>
   </div>
   <div class='ocr_carea' id='block_1_3' title="bbox 281 1026 1777 1205">
    <p class='ocr_par' dir='ltr' id='par_1_3' title="bbox 281 1026 1777 1205">
     <span class='ocr_line' id='line_1_10' title="bbox 347 1026 1777 1070; baseline -0.004 -7"><span class='ocrx_word' id='word_1_72' title='bbox 347 1032 370 1046; x_wconf 87' lang='lat'>“</span> <span class='ocrx_word' id='word_1_73' title='bbox 382 1031 554 1063; x_wconf 84' lang='lat' dir='ltr'>Laudabo</span> <span class='ocrx_word' id='word_1_74' title='bbox 571 1041 705 1062; x_wconf 89' lang='lat' dir='ltr'><strong>nomen</strong></span> <span class='ocrx_word' id='word_1_75' title='bbox 725 1026 795 1062; x_wconf 80' lang='lat' dir='ltr'><strong>Dei&#39;</strong></span> <span class='ocrx_word' id='word_1_76' title='bbox 811 1030 965 1068; x_wconf 83' lang='lat' dir='ltr'><strong>cantico,</strong></span> <span class='ocrx_word' id='word_1_77' title='bbox 982 1032 1018 1062; x_wconf 86' lang='lat' dir='ltr'><strong>et</strong></span> <span class='ocrx_word' id='word_1_78' title='bbox 1034 1038 1208 1070; x_wconf 82' lang='lat' dir='ltr'><strong>magnum</strong></span> <span class='ocrx_word' id='word_1_79' title='bbox 1225 1028 1357 1060; x_wconf 79' lang='lat' dir='ltr'><strong>faciam</strong></span> <span class='ocrx_word' id='word_1_80' title='bbox 1372 1027 1495 1069; x_wconf 89' lang='lat' dir='ltr'><strong>Ipsum</strong></span> <span class='ocrx_word' id='word_1_81' title='bbox 1516 1027 1747 1059; x_wconf 85' lang='lat' dir='ltr'><strong>confessione</strong></span> <span class='ocrx_word' id='word_1_82' title='bbox 1758 1028 1777 1040; x_wconf 86' lang='lat'><strong>&#39;¹</strong></span> 
     </span>
     <span class='ocr_line' id='line_1_11' title="bbox 452 1071 1079 1121; baseline 0 -15"><span class='ocrx_word' id='word_1_83' title='bbox 452 1074 599 1115; x_wconf 83' lang='lat' dir='ltr'><strong>(Psalm.</strong></span> <span class='ocrx_word' id='word_1_84' title='bbox 616 1074 702 1107; x_wconf 86' lang='lat' dir='ltr'>lxix.</span> <span class='ocrx_word' id='word_1_85' title='bbox 718 1082 758 1113; x_wconf 87' lang='lat'><strong>31</strong></span> <span class='ocrx_word' id='word_1_86' title='bbox 776 1072 837 1116; x_wconf 91' lang='lat' dir='ltr'><strong>[B.</strong></span> <span class='ocrx_word' id='word_1_87' title='bbox 851 1075 898 1106; x_wconf 88' lang='lat' dir='ltr'><strong>A.</strong></span> <span class='ocrx_word' id='word_1_88' title='bbox 916 1071 1012 1115; x_wconf 86' lang='lat'>30]):</span> <span class='ocrx_word' id='word_1_89' title='bbox 1068 1112 1079 1121; x_wconf 66' lang='lat'><strong>,</strong></span> 
     </span>
     <span class='ocr_line' id='line_1_12' title="bbox 281 1150 634 1205; baseline -0.003 -13"><span class='ocrx_word' id='word_1_90' title='bbox 281 1150 399 1205; x_wconf 86' lang='lat' dir='ltr'><strong>apud</strong></span> <span class='ocrx_word' id='word_1_91' title='bbox 426 1150 634 1199; x_wconf 91' lang='lat' dir='ltr'><strong>eundem,</strong></span> 
     </span>
    </p>
   </div>
   <div class='ocr_carea' id='block_1_4' title="bbox 347 1222 1777 1310">
    <p class='ocr_par' dir='ltr' id='par_1_4' title="bbox 347 1222 1777 1310">
     <span class='ocr_line' id='line_1_13' title="bbox 347 1222 1777 1268; baseline -0.003 -10"><span class='ocrx_word' id='word_1_92' title='bbox 347 1227 370 1241; x_wconf 80' lang='lat'><strong>‘¹</strong></span> <span class='ocrx_word' id='word_1_93' title='bbox 381 1226 535 1268; x_wconf 77' lang='lat' dir='ltr'>Quando</span> <span class='ocrx_word' id='word_1_94' title='bbox 553 1226 653 1258; x_wconf 90' lang='lat' dir='ltr'><strong>ivero</strong></span> <span class='ocrx_word' id='word_1_95' title='bbox 667 1236 749 1258; x_wconf 91' lang='lat' dir='ltr'><strong>cum</strong></span> <span class='ocrx_word' id='word_1_96' title='bbox 767 1226 838 1257; x_wconf 90' lang='lat' dir='ltr'><strong>illis</strong></span> <span class='ocrx_word' id='word_1_97' title='bbox 854 1226 900 1258; x_wconf 91' lang='lat' dir='ltr'><strong>ad</strong></span> <span class='ocrx_word' id='word_1_98' title='bbox 919 1225 1078 1257; x_wconf 87' lang='lat' dir='ltr'><strong>Domum</strong></span> <span class='ocrx_word' id='word_1_99' title='bbox 1097 1224 1176 1263; x_wconf 90' lang='lat' dir='ltr'><strong>Dei,</strong></span> <span class='ocrx_word' id='word_1_100' title='bbox 1196 1234 1278 1256; x_wconf 88' lang='lat' dir='ltr'><strong>cum</strong></span> <span class='ocrx_word' id='word_1_101' title='bbox 1295 1233 1384 1255; x_wconf 92' lang='lat' dir='ltr'><strong>voce</strong></span> <span class='ocrx_word' id='word_1_102' title='bbox 1402 1228 1529 1255; x_wconf 89' lang='lat' dir='ltr'><strong>cantus</strong></span> <span class='ocrx_word' id='word_1_103' title='bbox 1547 1228 1582 1255; x_wconf 91' lang='lat' dir='ltr'><strong>et</strong></span> <span class='ocrx_word' id='word_1_104' title='bbox 1599 1222 1777 1254; x_wconf 83' lang='lat' dir='ltr'><strong>confessi-</strong></span> 
     </span>
     <span class='ocr_line' id='line_1_14' title="bbox 453 1265 1515 1310; baseline -0.003 -8"><span class='ocrx_word' id='word_1_105' title='bbox 453 1271 548 1309; x_wconf 88' lang='lat' dir='ltr'>onis,</span> <span class='ocrx_word' id='word_1_106' title='bbox 567 1270 800 1302; x_wconf 89' lang='lat' dir='ltr'><strong>multitudine</strong></span> <span class='ocrx_word' id='word_1_107' title='bbox 817 1269 971 1303; x_wconf 79' lang='lat' dir='ltr'><strong>feriante</strong></span> <span class='ocrx_word' id='word_1_108' title='bbox 981 1268 1000 1281; x_wconf 83' lang='lat'><strong>&#39;’</strong></span> <span class='ocrx_word' id='word_1_109' title='bbox 1017 1268 1162 1309; x_wconf 88' lang='lat' dir='ltr'><strong>(Psalm.</strong></span> <span class='ocrx_word' id='word_1_110' title='bbox 1178 1268 1255 1301; x_wconf 84' lang='lat' dir='ltr'>xlii.</span> <span class='ocrx_word' id='word_1_111' title='bbox 1271 1275 1288 1307; x_wconf 88' lang='lat'><strong>5</strong></span> <span class='ocrx_word' id='word_1_112' title='bbox 1308 1266 1368 1310; x_wconf 90' lang='lat' dir='ltr'><strong>[B.</strong></span> <span class='ocrx_word' id='word_1_113' title='bbox 1379 1268 1426 1300; x_wconf 84' lang='lat' dir='ltr'><strong>A.</strong></span> <span class='ocrx_word' id='word_1_114' title='bbox 1442 1265 1515 1309; x_wconf 89' lang='lat'>4]);</span> 
     </span>
    </p>
   </div>
   <div class='ocr_carea' id='block_1_5' title="bbox 278 1347 637 1401">
    <p class='ocr_par' dir='ltr' id='par_1_5' title="bbox 278 1347 637 1401">
     <span class='ocr_line' id='line_1_15' title="bbox 278 1347 637 1401; baseline -0.003 -13"><span class='ocrx_word' id='word_1_115' title='bbox 278 1347 402 1401; x_wconf 89' lang='lat' dir='ltr'><strong>apud</strong></span> <span class='ocrx_word' id='word_1_116' title='bbox 428 1347 637 1396; x_wconf 90' lang='lat' dir='ltr'><strong>eundem,</strong></span> 
     </span>
    </p>
   </div>
   <div class='ocr_carea' id='block_1_6' title="bbox 347 1420 1775 1508">
    <p class='ocr_par' dir='ltr' id='par_1_6' title="bbox 347 1420 1775 1508">
     <span class='ocr_line' id='line_1_16' title="bbox 347 1420 1775 1465; baseline -0.002 -10"><span class='ocrx_word' id='word_1_117' title='bbox 347 1424 369 1438; x_wconf 82' lang='lat'><strong>‘⁴</strong></span> <span class='ocrx_word' id='word_1_118' title='bbox 380 1422 613 1455; x_wconf 86' lang='lat' dir='ltr'><strong>Confitemini</strong></span> <span class='ocrx_word' id='word_1_119' title='bbox 625 1422 797 1465; x_wconf 89' lang='lat' dir='ltr'><strong>Jehovae,</strong></span> <span class='ocrx_word' id='word_1_120' title='bbox 814 1423 983 1454; x_wconf 89' lang='lat' dir='ltr'><strong>invocate</strong></span> <span class='ocrx_word' id='word_1_121' title='bbox 999 1432 1134 1454; x_wconf 90' lang='lat' dir='ltr'><strong>nomen</strong></span> <span class='ocrx_word' id='word_1_122' title='bbox 1153 1421 1300 1463; x_wconf 75' lang='lat' dir='ltr'><strong>Ipsius„</strong></span> <span class='ocrx_word' id='word_1_123' title='bbox 1310 1446 1318 1454; x_wconf 93' lang='lat'><em>.</em></span> <span class='ocrx_word' id='word_1_124' title='bbox 1332 1446 1341 1454; x_wconf 87' lang='lat'><strong>.</strong></span> <span class='ocrx_word' id='word_1_125' title='bbox 1354 1426 1515 1454; x_wconf 78' lang='lat' dir='ltr'><strong>,cantate</strong></span> <span class='ocrx_word' id='word_1_126' title='bbox 1529 1420 1616 1462; x_wconf 89' lang='lat' dir='ltr'><strong>Ipsi,</strong></span> <span class='ocrx_word' id='word_1_127' title='bbox 1632 1420 1775 1461; x_wconf 86' lang='lat' dir='ltr'><strong>psallite</strong></span> 
     </span>
     <span class='ocr_line' id='line_1_17' title="bbox 456 1464 1252 1508; baseline -0.003 -9"><span class='ocrx_word' id='word_1_128' title='bbox 456 1467 530 1508; x_wconf 90' lang='lat' dir='ltr'><strong>Ipsi</strong></span> <span class='ocrx_word' id='word_1_129' title='bbox 543 1466 562 1478; x_wconf 83' lang='lat'><strong>’¹</strong></span> <span class='ocrx_word' id='word_1_130' title='bbox 579 1466 725 1507; x_wconf 86' lang='lat' dir='ltr'><strong>(Psalm.</strong></span> <span class='ocrx_word' id='word_1_131' title='bbox 742 1476 796 1499; x_wconf 88' lang='lat' dir='ltr'><strong>cv.</strong></span> <span class='ocrx_word' id='word_1_132' title='bbox 816 1475 844 1504; x_wconf 88' lang='lat'><strong>1,</strong></span> <span class='ocrx_word' id='word_1_133' title='bbox 861 1475 879 1498; x_wconf 91' lang='lat'>2</span> <span class='ocrx_word' id='word_1_134' title='bbox 893 1476 901 1505; x_wconf 83' lang='lat'>;</span> <span class='ocrx_word' id='word_1_135' title='bbox 925 1466 1060 1498; x_wconf 85' lang='lat' dir='ltr'><strong>Psalm.</strong></span> <span class='ocrx_word' id='word_1_136' title='bbox 1076 1465 1182 1498; x_wconf 82' lang='lat' dir='ltr'><strong>cxlix.</strong></span> <span class='ocrx_word' id='word_1_137' title='bbox 1201 1464 1252 1506; x_wconf 90' lang='lat'><strong>1);</strong></span> 
     </span>
    </p>
   </div>
   <div class='ocr_carea' id='block_1_7' title="bbox 280 1543 637 1597">
    <p class='ocr_par' dir='ltr' id='par_1_7' title="bbox 280 1543 637 1597">
     <span class='ocr_line' id='line_1_18' title="bbox 280 1543 637 1597; baseline -0.003 -13"><span class='ocrx_word' id='word_1_138' title='bbox 280 1543 401 1597; x_wconf 88' lang='lat' dir='ltr'><strong>apud</strong></span> <span class='ocrx_word' id='word_1_139' title='bbox 427 1543 637 1592; x_wconf 90' lang='lat' dir='ltr'><strong>eundem,</strong></span> 
     </span>
    </p>
   </div>
   <div class='ocr_carea' id='block_1_8' title="bbox 346 1618 1774 1706">
    <p class='ocr_par' dir='ltr' id='par_1_8' title="bbox 346 1618 1774 1706">
     <span class='ocr_line' id='line_1_19' title="bbox 346 1618 1774 1662; baseline -0.001 -10"><span class='ocrx_word' id='word_1_140' title='bbox 346 1622 369 1636; x_wconf 79' lang='lat'><strong>‘⁴</strong></span> <span class='ocrx_word' id='word_1_141' title='bbox 379 1620 591 1653; x_wconf 89' lang='lat' dir='ltr'><strong>Confitebor</strong></span> <span class='ocrx_word' id='word_1_142' title='bbox 606 1620 767 1662; x_wconf 88' lang='lat' dir='ltr'><strong>Jehovae</strong></span> <span class='ocrx_word' id='word_1_143' title='bbox 783 1620 886 1661; x_wconf 87' lang='lat' dir='ltr'><strong>juxta</strong></span> <span class='ocrx_word' id='word_1_144' title='bbox 898 1620 1076 1661; x_wconf 87' lang='lat' dir='ltr'><strong>justitiam</strong></span> <span class='ocrx_word' id='word_1_145' title='bbox 1091 1619 1222 1661; x_wconf 86' lang='lat' dir='ltr'><strong>Ipsius,</strong></span> <span class='ocrx_word' id='word_1_146' title='bbox 1238 1624 1275 1652; x_wconf 88' lang='lat' dir='ltr'><strong>et</strong></span> <span class='ocrx_word' id='word_1_147' title='bbox 1287 1619 1444 1652; x_wconf 84' lang='lat' dir='ltr'><strong>cantabo</strong></span> <span class='ocrx_word' id='word_1_148' title='bbox 1458 1628 1593 1651; x_wconf 88' lang='lat' dir='ltr'><strong>nomen</strong></span> <span class='ocrx_word' id='word_1_149' title='bbox 1611 1618 1774 1661; x_wconf 75' lang='lat' dir='ltr'><strong>jehovae</strong></span> 
     </span>
     <span class='ocr_line' id='line_1_20' title="bbox 452 1661 1200 1706; baseline -0.001 -10"><span class='ocrx_word' id='word_1_150' title='bbox 452 1663 650 1696; x_wconf 85' lang='lat' dir='ltr'><strong>altissimi”</strong></span> <span class='ocrx_word' id='word_1_151' title='bbox 667 1664 812 1704; x_wconf 88' lang='lat' dir='ltr'><strong>(Psalm.</strong></span> <span class='ocrx_word' id='word_1_152' title='bbox 829 1664 891 1696; x_wconf 87' lang='lat' dir='ltr'><strong>vii.</strong></span> <span class='ocrx_word' id='word_1_153' title='bbox 910 1665 949 1695; x_wconf 88' lang='lat'><strong>18</strong></span> <span class='ocrx_word' id='word_1_154' title='bbox 969 1662 1029 1706; x_wconf 87' lang='lat' dir='ltr'><strong>[B.</strong></span> <span class='ocrx_word' id='word_1_155' title='bbox 1043 1665 1089 1696; x_wconf 91' lang='lat' dir='ltr'><strong>A.</strong></span> <span class='ocrx_word' id='word_1_156' title='bbox 1108 1661 1200 1705; x_wconf 88' lang='lat'>17]);</span> 
     </span>
    </p>
   </div>
   <div class='ocr_carea' id='block_1_9' title="bbox 278 1740 633 1795">
    <p class='ocr_par' dir='ltr' id='par_1_9' title="bbox 278 1740 633 1795">
     <span class='ocr_line' id='line_1_21' title="bbox 278 1740 633 1795; baseline 0.003 -14"><span class='ocrx_word' id='word_1_157' title='bbox 278 1740 397 1795; x_wconf 90' lang='lat' dir='ltr'><strong>apud</strong></span> <span class='ocrx_word' id='word_1_158' title='bbox 423 1740 633 1789; x_wconf 89' lang='lat' dir='ltr'><strong>eundem,</strong></span> 
     </span>
    </p>
   </div>
   <div class='ocr_carea' id='block_1_10' title="bbox 342 1814 1780 1946">
    <p class='ocr_par' dir='ltr' id='par_1_10' title="bbox 342 1814 1780 1946">
     <span class='ocr_line' id='line_1_22' title="bbox 342 1814 1780 1859; baseline -0.001 -10"><span class='ocrx_word' id='word_1_159' title='bbox 342 1817 548 1849; x_wconf 85' lang='lat' dir='ltr'><strong>“Paratum</strong></span> <span class='ocrx_word' id='word_1_160' title='bbox 568 1823 624 1849; x_wconf 91' lang='lat' dir='ltr'><strong>est</strong></span> <span class='ocrx_word' id='word_1_161' title='bbox 643 1827 706 1849; x_wconf 91' lang='lat' dir='ltr'><strong>cor</strong></span> <span class='ocrx_word' id='word_1_162' title='bbox 722 1827 855 1856; x_wconf 89' lang='lat' dir='ltr'><strong>meum,</strong></span> <span class='ocrx_word' id='word_1_163' title='bbox 878 1814 1024 1859; x_wconf 85' lang='lat' dir='ltr'><strong>[Deus,]</strong></span> <span class='ocrx_word' id='word_1_164' title='bbox 1044 1818 1200 1849; x_wconf 83' lang='lat' dir='ltr'>cantabo</span> <span class='ocrx_word' id='word_1_165' title='bbox 1221 1822 1257 1848; x_wconf 91' lang='lat' dir='ltr'><strong>et</strong></span> <span class='ocrx_word' id='word_1_166' title='bbox 1275 1817 1450 1858; x_wconf 80' lang='lat' dir='ltr'><strong>psallam:</strong></span> <span class='ocrx_word' id='word_1_167' title='bbox 1475 1817 1591 1848; x_wconf 85' lang='lat' dir='ltr'><strong>excita</strong></span> <span class='ocrx_word' id='word_1_168' title='bbox 1608 1821 1644 1848; x_wconf 90' lang='lat' dir='ltr'><strong>te</strong></span> <span class='ocrx_word' id='word_1_169' title='bbox 1663 1816 1780 1857; x_wconf 88' lang='lat' dir='ltr'><strong>gloria</strong></span> 
     </span>
     <span class='ocr_line' id='line_1_23' title="bbox 452 1860 1774 1900; baseline -0.002 -7"><span class='ocrx_word' id='word_1_170' title='bbox 452 1871 543 1900; x_wconf 85' lang='lat' dir='ltr'><strong>mea,</strong></span> <span class='ocrx_word' id='word_1_171' title='bbox 559 1862 677 1893; x_wconf 84' lang='lat' dir='ltr'><strong>excita</strong></span> <span class='ocrx_word' id='word_1_172' title='bbox 692 1867 728 1893; x_wconf 91' lang='lat' dir='ltr'><strong>te</strong></span> <span class='ocrx_word' id='word_1_173' title='bbox 745 1861 883 1893; x_wconf 87' lang='lat' dir='ltr'><strong>cithara</strong></span> <span class='ocrx_word' id='word_1_174' title='bbox 896 1867 932 1893; x_wconf 88' lang='lat' dir='ltr'><strong>et</strong></span> <span class='ocrx_word' id='word_1_175' title='bbox 945 1861 1138 1898; x_wconf 71' lang='lat' dir='ltr'><strong>nablium5.</strong></span> <span class='ocrx_word' id='word_1_176' title='bbox 1154 1885 1162 1893; x_wconf 86' lang='lat'>.</span> <span class='ocrx_word' id='word_1_177' title='bbox 1175 1886 1182 1893; x_wconf 90' lang='lat'>.</span> <span class='ocrx_word' id='word_1_178' title='bbox 1197 1860 1413 1893; x_wconf 77' lang='lat' dir='ltr'><strong>,confitebor</strong></span> <span class='ocrx_word' id='word_1_179' title='bbox 1426 1860 1509 1892; x_wconf 90' lang='lat' dir='ltr'><strong>Tibi</strong></span> <span class='ocrx_word' id='word_1_180' title='bbox 1526 1860 1622 1892; x_wconf 91' lang='lat' dir='ltr'><strong>inter</strong></span> <span class='ocrx_word' id='word_1_181' title='bbox 1633 1866 1774 1900; x_wconf 85' lang='lat' dir='ltr'><strong>gentes,</strong></span> 
     </span>
     <span class='ocr_line' id='line_1_24' title="bbox 453 1901 1776 1946; baseline 0 -10"><span class='ocrx_word' id='word_1_182' title='bbox 453 1904 622 1943; x_wconf 89' lang='lat' dir='ltr'><strong>Domine,</strong></span> <span class='ocrx_word' id='word_1_183' title='bbox 635 1905 788 1945; x_wconf 90' lang='lat' dir='ltr'><strong>psallam</strong></span> <span class='ocrx_word' id='word_1_184' title='bbox 798 1904 881 1936; x_wconf 89' lang='lat' dir='ltr'><strong>Tibi</strong></span> <span class='ocrx_word' id='word_1_185' title='bbox 893 1905 988 1936; x_wconf 92' lang='lat' dir='ltr'><strong>inter</strong></span> <span class='ocrx_word' id='word_1_186' title='bbox 999 1905 1153 1945; x_wconf 91' lang='lat' dir='ltr'><strong>populos</strong></span> <span class='ocrx_word' id='word_1_187' title='bbox 1163 1903 1182 1916; x_wconf 85' lang='lat'><strong>’&#39;</strong></span> <span class='ocrx_word' id='word_1_188' title='bbox 1193 1903 1338 1945; x_wconf 86' lang='lat' dir='ltr'><strong>(Psalm.</strong></span> <span class='ocrx_word' id='word_1_189' title='bbox 1350 1904 1425 1937; x_wconf 91' lang='lat' dir='ltr'><strong>lvii.</strong></span> <span class='ocrx_word' id='word_1_190' title='bbox 1439 1905 1526 1935; x_wconf 87' lang='lat'>8-10</span> <span class='ocrx_word' id='word_1_191' title='bbox 1536 1902 1596 1946; x_wconf 89' lang='lat' dir='ltr'><strong>[B.</strong></span> <span class='ocrx_word' id='word_1_192' title='bbox 1607 1905 1639 1935; x_wconf 87' lang='lat' dir='ltr'><em>A</em></span> <span class='ocrx_word' id='word_1_193' title='bbox 1647 1901 1757 1945; x_wconf 90' lang='lat'>.7-9])</span> <span class='ocrx_word' id='word_1_194' title='bbox 1769 1915 1776 1936; x_wconf 90' lang='lat'>:</span> 
     </span>
    </p>
   </div>
   <div class='ocr_carea' id='block_1_11' title="bbox 277 1998 1779 2664">
    <p class='ocr_par' dir='ltr' id='par_1_11' title="bbox 277 1998 1779 2231">
     <span class='ocr_line' id='line_1_25' title="bbox 277 1998 1779 2054; baseline -0.001 -14"><span class='ocrx_word' id='word_1_195' title='bbox 277 2000 380 2054; x_wconf 91' lang='lat' dir='ltr'><strong>quia</strong></span> <span class='ocrx_word' id='word_1_196' title='bbox 402 2003 624 2041; x_wconf 87' lang='lat' dir='ltr'><strong>“cantare</strong></span> <span class='ocrx_word' id='word_1_197' title='bbox 647 2000 874 2041; x_wconf 88' lang='lat' dir='ltr'><strong>canticum</strong></span> <span class='ocrx_word' id='word_1_198' title='bbox 887 1999 907 2014; x_wconf 91' lang='lat'><strong>&#39;&#39;</strong></span> <span class='ocrx_word' id='word_1_199' title='bbox 928 1998 1154 2052; x_wconf 86' lang='lat' dir='ltr'><strong>significat</strong></span> <span class='ocrx_word' id='word_1_200' title='bbox 1176 1999 1505 2040; x_wconf 88' lang='lat' dir='ltr'><strong>confessionem</strong></span> <span class='ocrx_word' id='word_1_201' title='bbox 1529 2012 1590 2039; x_wconf 89' lang='lat' dir='ltr'><strong>ex</strong></span> <span class='ocrx_word' id='word_1_202' title='bbox 1611 1998 1779 2052; x_wconf 85' lang='lat' dir='ltr'><strong>gaudio</strong></span> 
     </span>
     <span class='ocr_line' id='line_1_26' title="bbox 278 2061 1778 2115; baseline -0.001 -11"><span class='ocrx_word' id='word_1_203' title='bbox 278 2064 438 2112; x_wconf 86' lang='lat' dir='ltr'><strong>cordis,</strong></span> <span class='ocrx_word' id='word_1_204' title='bbox 472 2063 575 2104; x_wconf 93' lang='lat' dir='ltr'><strong>ideo</strong></span> <span class='ocrx_word' id='word_1_205' title='bbox 605 2063 650 2103; x_wconf 89' lang='lat' dir='ltr'><strong>in</strong></span> <span class='ocrx_word' id='word_1_206' title='bbox 675 2063 762 2103; x_wconf 87' lang='lat' dir='ltr'><strong>illis</strong></span> <span class='ocrx_word' id='word_1_207' title='bbox 794 2062 905 2103; x_wconf 89' lang='lat' dir='ltr'><strong>locis</strong></span> <span class='ocrx_word' id='word_1_208' title='bbox 939 2063 1103 2103; x_wconf 89' lang='lat' dir='ltr'><strong>dicitur</strong></span> <span class='ocrx_word' id='word_1_209' title='bbox 1134 2068 1389 2115; x_wconf 88' lang='lat' dir='ltr'><strong>utrumque,</strong></span> <span class='ocrx_word' id='word_1_210' title='bbox 1425 2061 1667 2102; x_wconf 89' lang='lat' dir='ltr'><strong>“confiteri</strong></span> <span class='ocrx_word' id='word_1_211' title='bbox 1680 2061 1699 2077; x_wconf 93' lang='lat'>”</span> <span class='ocrx_word' id='word_1_212' title='bbox 1730 2067 1778 2102; x_wconf 90' lang='lat' dir='ltr'><strong>et</strong></span> 
     </span>
     <span class='ocr_line' id='line_1_27' title="bbox 280 2124 1778 2175; baseline -0.001 -8"><span class='ocrx_word' id='word_1_213' title='bbox 280 2125 541 2175; x_wconf 84' lang='lat' dir='ltr'><strong>“cantare,”</strong></span> <span class='ocrx_word' id='word_1_214' title='bbox 579 2129 605 2146; x_wconf 84' lang='lat'><strong>⁴‘</strong></span> <span class='ocrx_word' id='word_1_215' title='bbox 621 2125 873 2166; x_wconf 86' lang='lat' dir='ltr'><strong>confessio”</strong></span> <span class='ocrx_word' id='word_1_216' title='bbox 909 2132 955 2167; x_wconf 91' lang='lat' dir='ltr'><strong>et</strong></span> <span class='ocrx_word' id='word_1_217' title='bbox 995 2129 1020 2145; x_wconf 91' lang='lat'>“</span> <span class='ocrx_word' id='word_1_218' title='bbox 1036 2124 1301 2173; x_wconf 89' lang='lat' dir='ltr'><strong>canticum‚’&#39;</strong></span> <span class='ocrx_word' id='word_1_219' title='bbox 1334 2128 1359 2145; x_wconf 93' lang='lat'>“</span> <span class='ocrx_word' id='word_1_220' title='bbox 1374 2138 1468 2165; x_wconf 89' lang='lat' dir='ltr'><strong>vox</strong></span> <span class='ocrx_word' id='word_1_221' title='bbox 1504 2124 1700 2175; x_wconf 59' lang='lat' dir='ltr'><strong>cantusf&#39;</strong></span> <span class='ocrx_word' id='word_1_222' title='bbox 1730 2131 1778 2165; x_wconf 84' lang='lat' dir='ltr'><strong>et</strong></span> 
     </span>
     <span class='ocr_line' id='line_1_28' title="bbox 283 2189 650 2231; baseline -0.003 0"><span class='ocrx_word' id='word_1_223' title='bbox 283 2195 307 2210; x_wconf 92' lang='lat'>“</span> <span class='ocrx_word' id='word_1_224' title='bbox 321 2189 650 2231; x_wconf 87' lang='lat' dir='ltr'><strong>consessionis.”</strong></span> 
     </span>
    </p>

    <p class='ocr_par' dir='ltr' id='par_1_12' title="bbox 277 2256 1777 2499">
     <span class='ocr_line' id='line_1_29' title="bbox 362 2256 1777 2313; baseline -0.002 -14"><span class='ocrx_word' id='word_1_225' title='bbox 362 2257 442 2313; x_wconf 79' lang='lat' dir='ltr'><strong>[c.]</strong></span> <span class='ocrx_word' id='word_1_226' title='bbox 485 2257 578 2300; x_wconf 89' lang='lat' dir='ltr'><strong>Ubi</strong></span> <span class='ocrx_word' id='word_1_227' title='bbox 602 2259 754 2311; x_wconf 85' lang='lat' dir='ltr'><strong>agitur</strong></span> <span class='ocrx_word' id='word_1_228' title='bbox 775 2258 832 2299; x_wconf 92' lang='lat' dir='ltr'><strong>de</strong></span> <span class='ocrx_word' id='word_1_229' title='bbox 859 2258 1063 2298; x_wconf 85' lang='lat' dir='ltr'><strong>adventu</strong></span> <span class='ocrx_word' id='word_1_230' title='bbox 1086 2256 1288 2306; x_wconf 90' lang='lat' dir='ltr'><strong>Domini,</strong></span> <span class='ocrx_word' id='word_1_231' title='bbox 1311 2256 1478 2297; x_wconf 85' lang='lat' dir='ltr'><strong>dicitur</strong></span> <span class='ocrx_word' id='word_1_232' title='bbox 1501 2256 1777 2297; x_wconf 86' lang='lat' dir='ltr'><strong>“canticum</strong></span> 
     </span>
     <span class='ocr_line' id='line_1_30' title="bbox 278 2317 1774 2373; baseline -0.001 -13"><span class='ocrx_word' id='word_1_233' title='bbox 278 2318 484 2368; x_wconf 89' lang='lat' dir='ltr'><strong>novum,&#39;&#39;</strong></span> <span class='ocrx_word' id='word_1_234' title='bbox 504 2325 551 2360; x_wconf 88' lang='lat' dir='ltr'><strong>et</strong></span> <span class='ocrx_word' id='word_1_235' title='bbox 572 2319 694 2373; x_wconf 92' lang='lat' dir='ltr'><strong>quod</strong></span> <span class='ocrx_word' id='word_1_236' title='bbox 714 2319 1003 2372; x_wconf 88' lang='lat' dir='ltr'><strong>“gauderent</strong></span> <span class='ocrx_word' id='word_1_237' title='bbox 1016 2318 1034 2333; x_wconf 92' lang='lat'><strong>‘&#39;</strong></span> <span class='ocrx_word' id='word_1_238' title='bbox 1052 2325 1099 2359; x_wconf 91' lang='lat' dir='ltr'><strong>et</strong></span> <span class='ocrx_word' id='word_1_239' title='bbox 1124 2317 1454 2359; x_wconf 85' lang='lat' dir='ltr'><strong>“exultarent&#39;’</strong></span> <span class='ocrx_word' id='word_1_240' title='bbox 1476 2324 1610 2367; x_wconf 88' lang='lat' dir='ltr'><strong>terra,</strong></span> <span class='ocrx_word' id='word_1_241' title='bbox 1635 2331 1774 2367; x_wconf 87' lang='lat' dir='ltr'><strong>mare,</strong></span> 
     </span>
     <span class='ocr_line' id='line_1_31' title="bbox 277 2381 1777 2436; baseline -0.001 -13"><span class='ocrx_word' id='word_1_242' title='bbox 277 2396 399 2436; x_wconf 87' lang='lat' dir='ltr'><strong>ager,</strong></span> <span class='ocrx_word' id='word_1_243' title='bbox 437 2381 564 2431; x_wconf 89' lang='lat' dir='ltr'><strong>silva,</strong></span> <span class='ocrx_word' id='word_1_244' title='bbox 602 2382 797 2430; x_wconf 87' lang='lat' dir='ltr'><strong>arbores,</strong></span> <span class='ocrx_word' id='word_1_245' title='bbox 840 2382 1054 2430; x_wconf 89' lang='lat' dir='ltr'><strong>Libanus,</strong></span> <span class='ocrx_word' id='word_1_246' title='bbox 1093 2381 1338 2430; x_wconf 87' lang='lat' dir='ltr'><strong>desertum,</strong></span> <span class='ocrx_word' id='word_1_247' title='bbox 1377 2387 1423 2422; x_wconf 85' lang='lat' dir='ltr'><strong>et</strong></span> <span class='ocrx_word' id='word_1_248' title='bbox 1463 2381 1604 2434; x_wconf 88' lang='lat' dir='ltr'><strong>plura,</strong></span> <span class='ocrx_word' id='word_1_249' title='bbox 1643 2387 1691 2422; x_wconf 88' lang='lat' dir='ltr'><strong>ut</strong></span> <span class='ocrx_word' id='word_1_250' title='bbox 1733 2382 1777 2421; x_wconf 89' lang='lat' dir='ltr'><strong>in</strong></span> 
     </span>
     <span class='ocr_line' id='line_1_32' title="bbox 277 2444 1292 2499; baseline -0.001 -14"><span class='ocrx_word' id='word_1_251' title='bbox 277 2445 568 2499; x_wconf 86' lang='lat' dir='ltr'><strong>sequentibus</strong></span> <span class='ocrx_word' id='word_1_252' title='bbox 593 2445 662 2485; x_wconf 88' lang='lat' dir='ltr'><strong>his</strong></span> <span class='ocrx_word' id='word_1_253' title='bbox 688 2444 799 2485; x_wconf 89' lang='lat' dir='ltr'><strong>locis</strong></span> <span class='ocrx_word' id='word_1_254' title='bbox 816 2444 1027 2498; x_wconf 88' lang='lat' dir='ltr'><strong>:--Apud</strong></span> <span class='ocrx_word' id='word_1_255' title='bbox 1054 2444 1292 2493; x_wconf 85' lang='lat' dir='ltr'><strong>Davidem,</strong></span> 
     </span>
    </p>

    <p class='ocr_par' dir='ltr' id='par_1_13' title="bbox 346 2534 1779 2578">
     <span class='ocr_line' id='line_1_33' title="bbox 346 2534 1779 2578; baseline -0.002 -9"><span class='ocrx_word' id='word_1_256' title='bbox 346 2538 368 2552; x_wconf 79' lang='lat'><strong>‘⁸</strong></span> <span class='ocrx_word' id='word_1_257' title='bbox 379 2537 534 2569; x_wconf 87' lang='lat' dir='ltr'><strong>Cantate</strong></span> <span class='ocrx_word' id='word_1_258' title='bbox 546 2535 707 2578; x_wconf 90' lang='lat' dir='ltr'><strong>Jehovae</strong></span> <span class='ocrx_word' id='word_1_259' title='bbox 724 2536 906 2567; x_wconf 91' lang='lat' dir='ltr'><strong>canticum</strong></span> <span class='ocrx_word' id='word_1_260' title='bbox 924 2545 1058 2566; x_wconf 87' lang='lat' dir='ltr'><strong>novum</strong></span> <span class='ocrx_word' id='word_1_261' title='bbox 1074 2545 1098 2573; x_wconf 91' lang='lat'><strong>;.</strong></span> <span class='ocrx_word' id='word_1_262' title='bbox 1113 2560 1120 2567; x_wconf 92' lang='lat'><strong>.</strong></span> <span class='ocrx_word' id='word_1_263' title='bbox 1134 2560 1142 2567; x_wconf 90' lang='lat'>.</span> <span class='ocrx_word' id='word_1_264' title='bbox 1157 2534 1330 2575; x_wconf 82' lang='lat' dir='ltr'><strong>‚clangite</strong></span> <span class='ocrx_word' id='word_1_265' title='bbox 1343 2534 1504 2577; x_wconf 89' lang='lat' dir='ltr'><strong>Jehovae</strong></span> <span class='ocrx_word' id='word_1_266' title='bbox 1523 2535 1643 2566; x_wconf 91' lang='lat' dir='ltr'><strong>omnis</strong></span> <span class='ocrx_word' id='word_1_267' title='bbox 1660 2540 1779 2573; x_wconf 86' lang='lat' dir='ltr'><strong>terra;</strong></span> 
     </span>
    </p>

    <p class='ocr_par' dir='ltr' id='par_1_14' title="bbox 452 2578 1779 2664">
     <span class='ocr_line' id='line_1_34' title="bbox 452 2578 1779 2621; baseline -0.002 -9"><span class='ocrx_word' id='word_1_268' title='bbox 452 2585 657 2621; x_wconf 87' lang='lat' dir='ltr'><strong>personate,</strong></span> <span class='ocrx_word' id='word_1_269' title='bbox 676 2579 827 2620; x_wconf 87' lang='lat' dir='ltr'><strong>jubilate</strong></span> <span class='ocrx_word' id='word_1_270' title='bbox 843 2585 880 2611; x_wconf 91' lang='lat' dir='ltr'><strong>et</strong></span> <span class='ocrx_word' id='word_1_271' title='bbox 896 2585 1042 2611; x_wconf 82' lang='lat' dir='ltr'><strong>cantate</strong></span> <span class='ocrx_word' id='word_1_272' title='bbox 1045 2603 1139 2616; x_wconf 91' lang='grc'><strong>.....</strong></span> <span class='ocrx_word' id='word_1_273' title='bbox 1147 2579 1286 2610; x_wconf 88' lang='lat' dir='ltr'><strong>eithara</strong></span> <span class='ocrx_word' id='word_1_274' title='bbox 1302 2584 1339 2610; x_wconf 92' lang='lat' dir='ltr'><strong>et</strong></span> <span class='ocrx_word' id='word_1_275' title='bbox 1354 2589 1444 2610; x_wconf 90' lang='lat' dir='ltr'><strong>voce</strong></span> <span class='ocrx_word' id='word_1_276' title='bbox 1461 2585 1600 2616; x_wconf 85' lang='lat' dir='ltr'><strong>cantus,</strong></span> <span class='ocrx_word' id='word_1_277' title='bbox 1621 2578 1718 2610; x_wconf 89' lang='lat' dir='ltr'><strong>tubis</strong></span> <span class='ocrx_word' id='word_1_278' title='bbox 1742 2584 1779 2609; x_wconf 89' lang='lat' dir='ltr'><strong>et</strong></span> 
     </span>
     <span class='ocr_line' id='line_1_35' title="bbox 454 2622 1775 2664; baseline -0.002 -9"><span class='ocrx_word' id='word_1_279' title='bbox 454 2634 544 2656; x_wconf 88' lang='lat' dir='ltr'><strong>voce</strong></span> <span class='ocrx_word' id='word_1_280' title='bbox 557 2623 744 2661; x_wconf 87' lang='lat' dir='ltr'><strong>buccinae,</strong></span> <span class='ocrx_word' id='word_1_281' title='bbox 761 2622 916 2663; x_wconf 89' lang='lat' dir='ltr'><strong>clangite</strong></span> <span class='ocrx_word' id='word_1_282' title='bbox 931 2632 1055 2654; x_wconf 83' lang='lat' dir='ltr'><strong>coram</strong></span> <span class='ocrx_word' id='word_1_283' title='bbox 1071 2622 1170 2662; x_wconf 89' lang='lat' dir='ltr'><strong>Rege</strong></span> <span class='ocrx_word' id='word_1_284' title='bbox 1183 2622 1347 2664; x_wconf 88' lang='lat' dir='ltr'><strong>Jehovah</strong></span> <span class='ocrx_word' id='word_1_285' title='bbox 1361 2632 1368 2660; x_wconf 76' lang='grc' dir='ltr'>ς</span> <span class='ocrx_word' id='word_1_286' title='bbox 1387 2622 1548 2654; x_wconf 89' lang='lat' dir='ltr'><strong>sonitum</strong></span> <span class='ocrx_word' id='word_1_287' title='bbox 1563 2622 1646 2654; x_wconf 90' lang='lat' dir='ltr'><strong>edat</strong></span> <span class='ocrx_word' id='word_1_288' title='bbox 1663 2631 1775 2658; x_wconf 88' lang='lat' dir='ltr'><strong>mare,</strong></span> 
     </span>
    </p>
   </div>
   <div class='ocr_carea' id='block_1_12' title="bbox 450 2665 1773 2751">
    <p class='ocr_par' dir='ltr' id='par_1_15' title="bbox 450 2665 1773 2751">
     <span class='ocr_line' id='line_1_36' title="bbox 453 2665 1773 2708; baseline -0.002 -9"><span class='ocrx_word' id='word_1_289' title='bbox 453 2673 490 2700; x_wconf 92' lang='lat' dir='ltr'><strong>et</strong></span> <span class='ocrx_word' id='word_1_290' title='bbox 502 2667 689 2708; x_wconf 89' lang='lat' dir='ltr'><strong>plenitudo</strong></span> <span class='ocrx_word' id='word_1_291' title='bbox 698 2666 788 2708; x_wconf 88' lang='lat' dir='ltr'><strong>ejus,</strong></span> <span class='ocrx_word' id='word_1_292' title='bbox 803 2666 901 2698; x_wconf 92' lang='lat' dir='ltr'><strong>orbis</strong></span> <span class='ocrx_word' id='word_1_293' title='bbox 914 2672 950 2698; x_wconf 90' lang='lat' dir='ltr'><strong>et</strong></span> <span class='ocrx_word' id='word_1_294' title='bbox 962 2666 1169 2697; x_wconf 88' lang='lat' dir='ltr'><strong>habitantes</strong></span> <span class='ocrx_word' id='word_1_295' title='bbox 1181 2666 1219 2697; x_wconf 91' lang='lat' dir='ltr'><strong>in</strong></span> <span class='ocrx_word' id='word_1_296' title='bbox 1232 2676 1288 2704; x_wconf 91' lang='lat' dir='ltr'><strong>eo,</strong></span> <span class='ocrx_word' id='word_1_297' title='bbox 1302 2665 1454 2698; x_wconf 88' lang='lat' dir='ltr'><strong>flumina</strong></span> <span class='ocrx_word' id='word_1_298' title='bbox 1465 2666 1639 2707; x_wconf 89' lang='lat' dir='ltr'><strong>plaudant</strong></span> <span class='ocrx_word' id='word_1_299' title='bbox 1650 2675 1773 2703; x_wconf 89' lang='lat' dir='ltr'><strong>manu,</strong></span> 
     </span>
     <span class='ocr_line' id='line_1_37' title="bbox 450 2709 1339 2751; baseline -0.003 -8"><span class='ocrx_word' id='word_1_300' title='bbox 450 2721 525 2743; x_wconf 85' lang='lat' dir='ltr'><strong>una</strong></span> <span class='ocrx_word' id='word_1_301' title='bbox 541 2717 685 2742; x_wconf 88' lang='lat' dir='ltr'><strong>montes</strong></span> <span class='ocrx_word' id='word_1_302' title='bbox 701 2709 883 2751; x_wconf 84' lang='lat' dir='ltr'><strong>jubilent’&#39;</strong></span> <span class='ocrx_word' id='word_1_303' title='bbox 896 2710 1041 2750; x_wconf 82' lang='lat' dir='ltr'><strong>(Psalm.</strong></span> <span class='ocrx_word' id='word_1_304' title='bbox 1058 2709 1178 2742; x_wconf 88' lang='lat' dir='ltr'><strong>xcviii.</strong></span> <span class='ocrx_word' id='word_1_305' title='bbox 1195 2718 1224 2747; x_wconf 94' lang='lat'><strong>1,</strong></span> <span class='ocrx_word' id='word_1_306' title='bbox 1239 2709 1339 2750; x_wconf 84' lang='lat'><strong>4-8);</strong></span> 
     </span>
    </p>
   </div>
   <div class='ocr_carea' id='block_1_13' title="bbox 277 2777 632 2844">
    <p class='ocr_par' dir='ltr' id='par_1_16' title="bbox 277 2777 632 2844">
     <span class='ocr_line' id='line_1_38' title="bbox 277 2777 632 2844; baseline -0.006 -14"><span class='ocrx_word' id='word_1_307' title='bbox 277 2788 396 2844; x_wconf 92' lang='lat' dir='ltr'><strong>apud</strong></span> <span class='ocrx_word' id='word_1_308' title='bbox 422 2777 632 2835; x_wconf 83' lang='lat' dir='ltr'><strong>eundem,</strong></span> 
     </span>
    </p>
   </div>
   <div class='ocr_carea' id='block_1_14' title="bbox 347 2863 1776 3080">
    <p class='ocr_par' dir='ltr' id='par_1_17' title="bbox 347 2863 1776 3080">
     <span class='ocr_line' id='line_1_39' title="bbox 347 2863 1776 2908; baseline -0.002 -11"><span class='ocrx_word' id='word_1_309' title='bbox 347 2866 369 2880; x_wconf 84' lang='lat'><strong>&#39;⁴</strong></span> <span class='ocrx_word' id='word_1_310' title='bbox 380 2864 534 2898; x_wconf 84' lang='lat' dir='ltr'><strong>eantate</strong></span> <span class='ocrx_word' id='word_1_311' title='bbox 549 2864 709 2907; x_wconf 90' lang='lat' dir='ltr'><strong>Jehovae</strong></span> <span class='ocrx_word' id='word_1_312' title='bbox 726 2864 904 2896; x_wconf 89' lang='lat' dir='ltr'><strong>canticum</strong></span> <span class='ocrx_word' id='word_1_313' title='bbox 922 2873 1070 2902; x_wconf 87' lang='lat' dir='ltr'><strong>novum,</strong></span> <span class='ocrx_word' id='word_1_314' title='bbox 1090 2868 1232 2908; x_wconf 81' lang='lat' dir='ltr'><strong>cantate</strong></span> <span class='ocrx_word' id='word_1_315' title='bbox 1247 2863 1407 2905; x_wconf 89' lang='lat' dir='ltr'><strong>Jehovae</strong></span> <span class='ocrx_word' id='word_1_316' title='bbox 1425 2864 1546 2895; x_wconf 91' lang='lat' dir='ltr'><strong>omnis</strong></span> <span class='ocrx_word' id='word_1_317' title='bbox 1563 2870 1670 2901; x_wconf 89' lang='lat' dir='ltr'><strong>terra,</strong></span> <span class='ocrx_word' id='word_1_318' title='bbox 1691 2873 1776 2895; x_wconf 90' lang='lat' dir='ltr'><strong>can-</strong></span> 
     </span>
     <span class='ocr_line' id='line_1_40' title="bbox 452 2907 1774 2950; baseline -0.002 -10"><span class='ocrx_word' id='word_1_319' title='bbox 452 2914 525 2941; x_wconf 91' lang='lat' dir='ltr'><strong>tate</strong></span> <span class='ocrx_word' id='word_1_320' title='bbox 538 2908 709 2950; x_wconf 88' lang='lat' dir='ltr'><strong>Jehovae,</strong></span> <span class='ocrx_word' id='word_1_321' title='bbox 723 2908 926 2940; x_wconf 90' lang='lat' dir='ltr'><strong>benedicite</strong></span> <span class='ocrx_word' id='word_1_322' title='bbox 940 2907 1080 2939; x_wconf 88' lang='lat' dir='ltr'><strong>nomini</strong></span> <span class='ocrx_word' id='word_1_323' title='bbox 1094 2907 1225 2948; x_wconf 90' lang='lat' dir='ltr'><strong>Ipsius,</strong></span> <span class='ocrx_word' id='word_1_324' title='bbox 1239 2907 1486 2948; x_wconf 87' lang='lat' dir='ltr'><strong>evangelizate</strong></span> <span class='ocrx_word' id='word_1_325' title='bbox 1498 2907 1541 2938; x_wconf 93' lang='lat' dir='ltr'><strong>de</strong></span> <span class='ocrx_word' id='word_1_326' title='bbox 1555 2907 1613 2938; x_wconf 90' lang='lat' dir='ltr'><strong>die</strong></span> <span class='ocrx_word' id='word_1_327' title='bbox 1627 2907 1665 2938; x_wconf 92' lang='lat' dir='ltr'><strong>in</strong></span> <span class='ocrx_word' id='word_1_328' title='bbox 1677 2907 1774 2939; x_wconf 85' lang='lat' dir='ltr'><strong>diem</strong></span> 
     </span>
     <span class='ocr_line' id='line_1_41' title="bbox 452 2951 1775 2992; baseline -0.001 -8"><span class='ocrx_word' id='word_1_329' title='bbox 452 2952 605 2984; x_wconf 86' lang='lat' dir='ltr'><strong>salutem</strong></span> <span class='ocrx_word' id='word_1_330' title='bbox 619 2952 737 2992; x_wconf 86' lang='lat' dir='ltr'><strong>Ipsius</strong></span> <span class='ocrx_word' id='word_1_331' title='bbox 751 2962 774 2989; x_wconf 86' lang='lat'><strong>;.</strong></span> <span class='ocrx_word' id='word_1_332' title='bbox 789 2976 797 2984; x_wconf 86' lang='lat'><strong>.</strong></span> <span class='ocrx_word' id='word_1_333' title='bbox 810 2952 1059 2984; x_wconf 78' lang='lat' dir='ltr'><strong>,laetabuntur</strong></span> <span class='ocrx_word' id='word_1_334' title='bbox 1071 2951 1161 2982; x_wconf 89' lang='lat' dir='ltr'><strong>caeli</strong></span> <span class='ocrx_word' id='word_1_335' title='bbox 1174 2957 1211 2983; x_wconf 92' lang='lat' dir='ltr'><strong>et</strong></span> <span class='ocrx_word' id='word_1_336' title='bbox 1226 2951 1397 2991; x_wconf 90' lang='lat' dir='ltr'><strong>gaudebit</strong></span> <span class='ocrx_word' id='word_1_337' title='bbox 1407 2957 1514 2988; x_wconf 89' lang='lat' dir='ltr'><strong>terra,</strong></span> <span class='ocrx_word' id='word_1_338' title='bbox 1529 2951 1775 2983; x_wconf 89' lang='lat' dir='ltr'><strong>commovebit</strong></span> 
     </span>
     <span class='ocr_line' id='line_1_42' title="bbox 451 2994 1772 3036; baseline -0.002 -8"><span class='ocrx_word' id='word_1_339' title='bbox 451 3006 491 3028; x_wconf 91' lang='lat' dir='ltr'><strong>se</strong></span> <span class='ocrx_word' id='word_1_340' title='bbox 508 3006 607 3027; x_wconf 88' lang='lat' dir='ltr'><strong>mare</strong></span> <span class='ocrx_word' id='word_1_341' title='bbox 626 3002 662 3027; x_wconf 94' lang='lat' dir='ltr'><strong>et</strong></span> <span class='ocrx_word' id='word_1_342' title='bbox 678 2996 798 3027; x_wconf 89' lang='lat' dir='ltr'><strong>omnis</strong></span> <span class='ocrx_word' id='word_1_343' title='bbox 814 2995 1002 3036; x_wconf 89' lang='lat' dir='ltr'><strong>plenitudo</strong></span> <span class='ocrx_word' id='word_1_344' title='bbox 1019 2994 1108 3036; x_wconf 89' lang='lat' dir='ltr'><strong>ejus,</strong></span> <span class='ocrx_word' id='word_1_345' title='bbox 1128 2995 1301 3026; x_wconf 89' lang='lat' dir='ltr'><strong>exultabit</strong></span> <span class='ocrx_word' id='word_1_346' title='bbox 1322 3004 1417 3035; x_wconf 89' lang='lat' dir='ltr'><strong>ager,</strong></span> <span class='ocrx_word' id='word_1_347' title='bbox 1438 3001 1474 3026; x_wconf 88' lang='lat' dir='ltr'><strong>et</strong></span> <span class='ocrx_word' id='word_1_348' title='bbox 1493 3003 1601 3025; x_wconf 90' lang='lat' dir='ltr'><strong>omne</strong></span> <span class='ocrx_word' id='word_1_349' title='bbox 1618 2994 1714 3035; x_wconf 89' lang='lat' dir='ltr'><strong>quod</strong></span> <span class='ocrx_word' id='word_1_350' title='bbox 1735 2994 1772 3026; x_wconf 90' lang='lat' dir='ltr'><strong>in</strong></span> 
     </span>
     <span class='ocr_line' id='line_1_43' title="bbox 452 3037 1769 3080; baseline -0.002 -9"><span class='ocrx_word' id='word_1_351' title='bbox 452 3049 496 3072; x_wconf 92' lang='lat' dir='ltr'><strong>eo</strong></span> <span class='ocrx_word' id='word_1_352' title='bbox 509 3049 517 3080; x_wconf 75' lang='grc' dir='ltr'><strong><em>ς</em></strong></span> <span class='ocrx_word' id='word_1_353' title='bbox 537 3045 620 3071; x_wconf 90' lang='lat' dir='ltr'><strong>tunc</strong></span> <span class='ocrx_word' id='word_1_354' title='bbox 631 3040 827 3071; x_wconf 89' lang='lat' dir='ltr'><strong>cantabunt</strong></span> <span class='ocrx_word' id='word_1_355' title='bbox 838 3049 965 3071; x_wconf 89' lang='lat' dir='ltr'><strong>omnes</strong></span> <span class='ocrx_word' id='word_1_356' title='bbox 974 3039 1123 3070; x_wconf 88' lang='lat' dir='ltr'><strong>arbores</strong></span> <span class='ocrx_word' id='word_1_357' title='bbox 1135 3038 1247 3070; x_wconf 90' lang='lat' dir='ltr'><strong>silvae</strong></span> <span class='ocrx_word' id='word_1_358' title='bbox 1257 3037 1275 3050; x_wconf 87' lang='lat'><strong>”</strong></span> <span class='ocrx_word' id='word_1_359' title='bbox 1284 3037 1430 3079; x_wconf 83' lang='lat' dir='ltr'><strong>(Psalm.</strong></span> <span class='ocrx_word' id='word_1_360' title='bbox 1442 3037 1535 3070; x_wconf 85' lang='lat' dir='ltr'><strong>xcvi.</strong></span> <span class='ocrx_word' id='word_1_361' title='bbox 1549 3046 1577 3076; x_wconf 94' lang='lat'><strong>1,</strong></span> <span class='ocrx_word' id='word_1_362' title='bbox 1589 3045 1620 3076; x_wconf 88' lang='lat'><strong>2,</strong></span> <span class='ocrx_word' id='word_1_363' title='bbox 1635 3045 1686 3076; x_wconf 86' lang='lat'><strong>11,</strong></span> <span class='ocrx_word' id='word_1_364' title='bbox 1700 3038 1769 3078; x_wconf 82' lang='lat'>12);</span> 
     </span>
    </p>
   </div>
  </div>
 </body>
</html>
