2060 3476
357 355 444 408 498
774 363 1107 398 APOCALYPSIS
1137 363 1438 399 EXPLICATA.

427 478 449 492 ‘¹
460 476 590 509 Facere
606 476 873 518 beneplacitum
887 476 988 510 tuum
999 477 1018 491 ’¹
1029 477 1108 518 (seu
1121 476 1345 511 Voluntatem
1359 477 1624 520 tuam)',“Deus
1637 479 1698 518 mi,
1709 479 1846 512 deside-

532 521 619 559 ravi,
639 526 674 552 et
690 521 747 552 lex
764 527 827 553 tua
843 521 879 553 in
897 522 1094 554 visceribus
1112 521 1230 555 meis'’
1247 521 1392 563 (Psalm.
1407 522 1455 555 xl.
1471 532 1492 563 9
1510 520 1570 565 [B.
1583 523 1630 555 A.
1645 521 1715 565 8]);

357 597 476 651 apud
502 597 710 647 eundem,

426 673 558 705 “Doce
583 684 640 705 me
664 673 782 706 facere
804 674 1070 715 beneplacitum
1094 681 1196 707 tuum
1211 685 1234 714 ;.
1249 700 1256 707 .
1271 700 1278 708 .
1292 675 1462 716 .Spiritus
1487 680 1570 708 tuus
1597 676 1715 708 bonus
1739 675 1847 708 ducat

531 727 589 749 me
606 717 643 748 in
660 723 757 749 terra
773 716 998 750 retstitudinis
1011 718 1029 730 ''
1045 717 1191 758 (Psalm.
1206 719 1314 751 cxliii.
1332 718 1403 758 10):

357 793 475 847 apud
501 794 709 843 eundem,

425 868 668 901 “Benedicite
684 869 845 912 Jehovae
862 880 990 902 omnes
1008 871 1185 902 exercitus
1206 869 1336 911 Ipsius,
1357 871 1514 904 ministri
1533 870 1652 913 Ipsius
1672 871 1846 905 facientes

531 913 796 954 beneplacitum
817 913 963 954 Ipsius”
981 913 1124 954 (Psalm.
1141 914 1212 946 ciii.
1227 913 1302 955 21);

360 1001 385 1018 “
397 998 542 1040 facere
560 999 927 1053 bene-placitum'’
940 999 1142 1053 Jehovae
1162 1000 1259 1049 Dei,
1277 1000 1501 1054 significat
1518 1002 1667 1043 vivere
1685 1015 1844 1042 secun-

356 1061 462 1102 dum
477 1068 722 1116 praecepta
738 1063 879 1116 Ipsius
897 1077 906 1114 ;
928 1063 1016 1104 hoc
1032 1063 1367 1118 beneplacitum
1383 1078 1461 1105 seu
1475 1064 1686 1106 voluntas
1702 1064 1845 1118 Ipsius

357 1130 442 1173 est,
462 1125 565 1178 quia
587 1139 645 1166 ex
673 1125 839 1166 Divino
860 1125 1034 1167 Amore
1056 1125 1154 1167 vult
1177 1133 1224 1167 ut
1246 1140 1404 1168 omnes
1427 1127 1671 1176 salventur,
1696 1133 1742 1168 et
1768 1141 1846 1180 per

356 1187 399 1227 id
424 1187 666 1229 salvantur.
728 1188 838 1229 Vox
864 1188 1205 1242 “beneplaciti'’
1227 1190 1271 1230 in
1294 1189 1448 1243 lingua
1474 1189 1684 1231 Hebraea
1707 1190 1844 1231 etiam

357 1249 582 1304 significat
604 1251 871 1292 voluntatem
881 1266 901 1300 ,·
934 1265 1038 1292 nam
1056 1253 1263 1307 quicquid
1287 1253 1535 1294 secundum
1557 1252 1844 1294 voluntatem

356 1312 420 1363 fit,
441 1313 527 1355 hoc
550 1314 848 1368 beneplacet;
881 1328 931 1356 ac
957 1314 1144 1356 Divinus
1167 1315 1313 1357 Amor
1335 1329 1426 1357 non
1449 1315 1569 1357 aliud
1590 1315 1688 1357 vult
1709 1328 1844 1370 quam

357 1383 404 1418 ut
437 1376 583 1418 Amor
615 1391 673 1419 ex
712 1377 818 1432 Ipso
849 1378 906 1420 sit
937 1379 1055 1432 apud
1091 1378 1281 1432 angelos
1318 1385 1364 1420 et
1401 1378 1622 1428 homines,
1656 1385 1703 1420 et
1736 1385 1843 1421 tunc

356 1439 502 1481 Amor
525 1440 668 1494 Ipsius
691 1442 809 1495 apud
831 1441 933 1482 illos
956 1448 1026 1483 est
1045 1441 1225 1496 quando
1247 1448 1402 1483 amant
1425 1443 1574 1483 vivere
1597 1442 1843 1484 secundum

356 1510 600 1557 praecepta
632 1504 788 1558 Ipsius.
852 1503 985 1558 Quod
1022 1505 1108 1547 hoc
1141 1506 1199 1546 sit
1232 1518 1382 1546 amare
1415 1505 1674 1555 Dominum,
1707 1505 1844 1548 docet

357 1566 461 1620 Ipse
487 1567 605 1621 apud
632 1566 885 1615 Jolzannem

544 1655 645 1697 (Cap.
659 1656 730 1689 xiv.
748 1664 798 1696 15,
813 1665 865 1694 21,
880 1665 932 1696 23,
948 1665 1009 1696 24;
1033 1667 1110 1698 cap.
1122 1667 1182 1690 xv.
1200 1666 1249 1705 πρ,
1266 1665 1326 1696 14;
1350 1666 1426 1698 cap.
1440 1657 1511 1689 xxi.
1529 1656 1658 1698 15-17).

439 1748 529 1803 [d.]
573 1748 708 1802 Quod
743 1749 999 1791 “voluntas
1014 1750 1034 1765 ’'
1064 1749 1290 1803 significet
1321 1763 1523 1791 amorem
1554 1750 1598 1791 in
1629 1750 1844 1805 opposito

355 1824 503 1860 sensu,
533 1825 694 1866 nempe
721 1826 921 1854 amorem
948 1812 1053 1853 mali
1079 1819 1125 1854 et
1152 1825 1352 1854 amorem
1379 1811 1491 1862 falsi,
1515 1818 1699 1854 constat
1722 1811 1843 1866 apud

355 1873 623 1923 Jolzannem,

422 1965 605 2007 Quotquot
623 1965 745 2008 Jesum
766 1972 986 2006 receperunt,
1010 1966 1140 1998 “dedit
1159 1966 1211 1998 eis
1235 1971 1447 2006 potestatem
1468 1970 1506 1996 ut
1530 1965 1591 1997 filii
1618 1964 1685 1996 Dei
1708 1971 1841 2003 essent,

530 2009 755 2042 credentibus
781 2010 816 2040 in
837 2019 970 2041 nomen
997 2009 1125 2050 Ipsius,
1149 2009 1206 2051 qui
1231 2019 1304 2040 non
1324 2019 1368 2040 ex
1392 2008 1639 2049 sanguinibus,
1662 2018 1776 2049 neque
1800 2018 1844 2039 ex

530 2054 714 2085 voluntate
734 2053 862 2091 carnis,
886 2063 1001 2094 neque
1021 2063 1065 2085 ex
1083 2053 1267 2085 voluntate
1287 2052 1364 2091 viri,
1388 2052 1450 2084 sed
1470 2061 1514 2083 ex
1539 2051 1617 2083 Deo
1637 2051 1711 2083 nati
1731 2050 1843 2083 sunt’'

530 2097 566 2134 (i.
585 2105 634 2134 12,
652 2097 724 2137 13);

358 2182 581 2223 “credere
617 2183 661 2224 in
698 2182 896 2223 nomen”
929 2182 1110 2223 Domini
1148 2181 1371 2235 significat
1408 2182 1558 2223 vivere
1596 2181 1843 2222 secundum

355 2252 601 2299 praecepta
617 2244 848 2287 dmstrinae
871 2246 1028 2300 Ipsius.
1091 2245 1224 2299 Quod
1244 2250 1447 2286 “nomen
1463 2245 1482 2260 ’⁹
1499 2245 1682 2285 Domini
1704 2245 1838 2298 signi-

355 2307 461 2349 ficet
499 2309 651 2349 omnia
691 2323 769 2362 per
794 2323 907 2362 quae
945 2308 1120 2357 colitur,
1154 2309 1218 2349 ita
1255 2309 1405 2349 omnia
1442 2309 1606 2349 amoris
1643 2314 1689 2349 et
1725 2307 1841 2355 fidei,

355 2371 563 2412 videatur
586 2385 718 2424 supra
742 2370 803 2424 (n.
832 2370 996 2425 102[a]‚
1022 2370 1146 2425 135);
1183 2372 1293 2425 “qui
1320 2385 1411 2412 non
1437 2386 1496 2412 ex
1523 2370 1844 2424 sanguinibus'’

356 2433 582 2487 significat
608 2435 681 2488 qui
713 2447 803 2475 non
836 2435 879 2475 in
910 2435 1004 2475 vita
1035 2440 1195 2475 contra
1226 2434 1394 2475 bonum
1426 2441 1472 2475 et
1498 2447 1679 2484 verum;
1715 2437 1844 2474 “non

356 2511 415 2538 ex
437 2496 676 2538 voluntate
699 2497 874 2538 carnis''
896 2496 1120 2550 significat
1142 2498 1215 2551 qui
1241 2511 1331 2538 non
1358 2498 1402 2538 in
1428 2511 1581 2538 amore
1607 2497 1738 2547 mali3
1771 2498 1844 2551 qui

359 2564 384 2580 ‘⁴
396 2572 488 2600 non
514 2573 573 2600 ex
599 2560 837 2601 voluntate
863 2560 972 2600 viri”
999 2559 1223 2613 significat
1249 2561 1323 2614 qui
1354 2573 1444 2601 non
1475 2561 1519 2600 in
1548 2571 1701 2601 amore
1731 2559 1843 2600 salsi.

356 2621 469 2659 (Quod
484 2621 616 2656 “caro,''
633 2631 706 2651 curn
721 2624 762 2652 de
783 2623 922 2657 homine,
938 2623 976 2652 sit
991 2623 1057 2660 ejus
1078 2622 1243 2660 proprium
1257 2622 1480 2657 voluntarium,
1494 2622 1539 2652 ita
1559 2623 1688 2657 malum,
1704 2621 1847 2652 videatur

354 2676 386 2697 n.
405 2669 472 2705 148,
489 2675 557 2706 149,
572 2669 642 2704 780,
657 2677 726 2705 999,
742 2670 832 2705 3813,
849 2670 937 2706 8409,
955 2670 1068 2706 10283;
1092 2671 1123 2697 et
1137 2668 1225 2705 quod
1240 2667 1339 2697 ''vir'‘
1355 2668 1395 2697 sit
1414 2667 1551 2697 hominis
1571 2668 1734 2706 proprium
1756 2667 1846 2696 intel-

354 2713 502 2749 lufflaeale,
517 2714 606 2752 quod
620 2718 666 2743 est
681 2714 804 2749 falsum,
820 2723 852 2744 n.
867 2714 972 2753 4823.)
