2060 3476
649 370 756 403 CAP.
778 370 837 412 v.,
860 370 998 404 VERs.
1026 371 1195 415 13.—N.
1220 373 1298 416 342
1305 361 1385 417 [a].
1672 346 1762 416 '647

273 495 427 524 coram
461 482 616 533 oculis,
654 489 702 525 et
746 477 873 538 quod*
908 497 988 538 per
1027 483 1104 525 illa
1145 483 1460 538 intelligantur
1499 483 1761 539 spiritualia,

272 545 402 588 facile
424 552 578 600 potest
602 547 784 600 perduci
807 546 865 587 ad
888 546 1162 588 credendum
1187 547 1307 600 quod
1334 561 1412 601 per
1438 551 1611 588 “omne
1638 561 1762 588 crea-

273 614 369 650 tum
395 609 515 663 quod
541 615 611 650 est
636 609 681 650 in
707 608 836 650 caelo
861 615 908 650 et
934 610 979 650 in
1006 615 1126 650 terra
1151 616 1197 650 et
1229 611 1311 650 sub
1342 617 1476 659 terra,
1505 617 1551 651 et
1582 611 1632 651 in·
1653 611 1762 651 mari

271 685 386 725 quae
411 678 531 721 sunt,
560 678 606 713 et
632 686 747 726 quae
778 672 822 713 in
847 671 935 712 illis
961 672 1152 721 omnia,'’
1177 672 1492 726 intelligantur
1517 687 1624 714 aves
1649 687 1764 727 quae

271 735 316 775 in
358 735 487 776 caelo
517 735 691 784 volant,
724 735 900 776 bestiae
936 749 1051 789 quae
1088 749 1221 789 super
1252 741 1372 776 terra
1405 737 1683 789 gradiuntur,
1717 743 1763 777 et

272 798 418 851 pisces
448 798 523 851 qui
553 799 597 838 in
629 798 740 838 mari
771 804 903 849 sunt;
944 804 992 838 et
1024 798 1110 839 hoc
1143 812 1199 838 eo
1238 799 1383 851 magis
1419 800 1521 852 quia
1555 800 1599 839 in
1631 799 1763 839 variis

272 860 383 901 locis
419 860 524 901 alibi
566 861 610 901 in
648 860 804 901 Verbo
841 860 1002 901 similia
1038 861 1247 902 dicuntur
1283 862 1339 902 de
1379 862 1573 902 “avibus
1610 861 1763 910 caeli,”

273 922 468 963 “bestiis
494 923 681 972 terrae,”
706 929 803 964 tum
830 924 969 964 etiam
996 923 1052 964 de
1081 923 1351 965 “balaenis”
1377 930 1424 966 et
1451 924 1717 979 “piscibus’'

342 1022 406 1064 (Ut
421 1023 543 1108 Ezlfgq).
557 1023 677 1055 xxxix.
694 1031 733 1063 17
747 1033 755 1063 ;
782 1024 915 1057 Psalm.
930 1024 1064 1056 cxlviii.
1079 1031 1098 1063 7
1111 1033 1119 1063 ;
1146 1024 1238 1056 Hiob
1253 1024 1315 1057 xii.
1331 1032 1360 1064 7,
1375 1025 1393 1056 8
1408 1034 1416 1064 ;
1443 1025 1544 1067 Apoc.
1558 1025 1630 1058 xiX.
1645 1033 1683 1064 17
1696 1035 1705 1063 ς
1728 1031 1764 1057 et

442 1076 465 1098 a
480 1077 490 1098 1
517 1077 527 1098 1
554 1078 561 1099 :

269 1163 349 1205 sed
372 1177 511 1217 usque
532 1163 596 1204 illi
613 1177 803 1217 quorum
826 1177 954 1205 mens
972 1164 1252 1218 aliquantum
1270 1164 1435 1206 elevari
1458 1171 1611 1218 potest
1631 1178 1763 1218 supra

269 1240 450 1282 sensum
475 1226 669 1275 litterae,
688 1227 890 1267 interiori
913 1228 1010 1267 visu
1031 1227 1152 1268 illico
1175 1229 1425 1281 percipiunt
1444 1228 1564 1282 quod
1588 1242 1666 1281 per
1687 1227 1763 1268 illa

269 1289 586 1342 intelligantur
616 1289 767 1342 angeli
804 1296 851 1331 et
886 1290 1067 1343 spiritus
1098 1291 1173 1343 qui
1207 1291 1252 1331 in
1284 1290 1412 1331 caelo
1443 1297 1491 1332 et
1521 1291 1604 1331 sub
1635 1290 1763 1331 caelo

269 1360 387 1401 sunt,
407 1359 454 1394 et
475 1353 595 1406 quod
617 1352 680 1393 illi
702 1353 792 1395 sint
810 1354 885 1407 qui
907 1354 1048 1394 auditi
1068 1353 1264 1406 Johanni
1286 1367 1387 1395 cum
1410 1355 1455 1394 in
1478 1355 1634 1408 spiritu
1654 1354 1759 1395 fuit:

206 1430 211 1432 ·
268 1429 374 1457 nam
411 1415 590 1468 legitur,
626 1415 834 1456 “Audivi
867 1416 1088 1465 dicentes,
1123 1415 1310 1457 Sedenti
1347 1430 1479 1470 super
1511 1417 1678 1458 throno
1715 1423 1762 1458 et

268 1479 409 1532 Agno
426 1477 683 1520 benedie‘tio
704 1485 751 1520 et
773 1479 919 1520 honor
937 1485 983 1520 et
1001 1479 1146 1532 gloria
1168 1486 1214 1520 et
1236 1480 1371 1520 robur
1387 1481 1431 1520 in
1453 1480 1635 1525 saecula
1661 1494 1760 1521 sae-

268 1542 470 1583 culorum
487 1541 520 1593 ;’'
557 1556 616 1583 ex
648 1542 805 1596 quibus
832 1548 1043 1584 constare
1074 1549 1229 1596 potest
1261 1543 1380 1596 quod
1412 1543 1502 1583 sint
1535 1543 1686 1596 angeli
1717 1543 1760 1584 in

267 1605 429 1647 infimis
455 1606 569 1647 caeli
591 1606 664 1660 qui
689 1619 768 1659 per
786 1609 959 1647 “omne
982 1612 1185 1647 creatum
1207 1607 1252 1647 in
1274 1606 1361 1646 illis
1374 1605 1393 1621 ”
1418 1606 1758 1659 intelliguntur:

267 1668 354 1710 hoc
381 1669 581 1723 sequitur
607 1669 745 1710 etiam
771 1683 831 1709 ex
853 1683 922 1718 eo,
946 1669 1066 1722 quod
1093 1670 1137 1709 in
1161 1670 1362 1710 versibus
1384 1670 1458 1723 qui
1484 1669 1761 1723 praecedunt

267 1729 418 1772 aestum
435 1732 494 1772 sit
515 1731 571 1772 de
593 1731 769 1784 angelis
795 1732 1070 1785 superiorum
1095 1731 1323 1773 caelorum
1346 1739 1393 1773 et
1416 1732 1472 1773 de
1494 1732 1670 1785 angelis
1692 1733 1760 1772 in-

266 1794 474 1835 seriorum
505 1794 749 1844 caelorum,
777 1795 898 1848 quod
930 1794 993 1835 illi
1023 1796 1296 1848 agnoverint
1330 1802 1376 1836 et
1408 1794 1760 1848 glorificaverint

267 1857 513 1898 Dominum
542 1856 770 1911 (videatur
798 1872 945 1911 supra,
970 1871 1011 1898 n.
1040 1869 1118 1910 322
1141 1864 1188 1899 et
1208 1856 1360 1911 [¹³335).
1423 1857 1553 1898 Nunc
1586 1858 1761 1898 dicetur
1789 1854 1791 1856 ’

266 1921 448 1974 quinam
462 1934 541 1974 per
554 1920 656 1961 illos
674 1921 755 1960 “in
771 1920 939 1970 caelo,’'
956 1921 1136 1975 quinam
1155 1935 1234 1974 per
1251 1920 1353 1961 illos
1375 1921 1456 1961 “in
1475 1926 1595 1961 terra
1613 1926 1659 1961 et
1677 1921 1760 1960 sub

266 1983 425 2032 terra‚'’
437 1990 484 2025 et
500 1984 681 2037 quinam
694 1998 773 2037 per
786 1983 888 2024 illos
904 1987 929 2004 “
942 1984 986 2024 in
999 1985 1110 2024 mari
1121 1983 1140 1999 ’¹
1151 1983 1483 2037 intelliguntur:
1509 1997 1587 2037 per
1599 1997 1758 2025 omnes

266 2046 368 2087 illos
384 2046 699 2100 intelliguntur
716 2047 788 2100 qui
810 2048 854 2087 in
876 2047 1046 2088 ultimis
1066 2047 1180 2088 caeli
1198 2053 1316 2095 sunt,
1337 2047 1587 2100 superiores
1605 2047 1663 2087 ibi
1682 2061 1761 2100 per

265 2109 367 2150 illos
385 2110 459 2164 qui
478 2111 559 2150 “in
578 2109 746 2159 caelo‚’'
763 2110 991 2151 inferiores
1014 2110 1072 2150 ibi
1091 2099 1164 2164 qui
1185 2111 1267 2150 “in
1290 2116 1410 2151 terra
1431 2116 1478 2150 et
1502 2110 1584 2150 sub
1602 2109 1760 2161 terra‚''

265 2178 312 2214 et
344 2172 482 2213 infimi
513 2174 572 2214 ibi
600 2174 674 2227 qui
702 2174 784 2214 “in
816 2172 965 2214 mari.''
1024 2172 1139 2214 Sunt
1171 2179 1263 2214 tres
1295 2173 1422 2220 caeli,
1451 2179 1497 2214 et
1523 2173 1759 2226 quodlibet

266 2235 442 2276 caelum
468 2235 730 2277 distin&um
756 2242 826 2277 est
858 2237 903 2277 in
933 2236 1025 2277 tres
1056 2236 1249 2289 gradus;
1277 2236 1482 2289 similiter
1506 2236 1658 2289 angeli
1684 2237 1759 2289 qui

265 2298 310 2338 in
338 2298 450 2349 illis;
483 2306 759 2353 quapropter
789 2300 833 2340 in
859 2300 1017 2353 quovis
1043 2298 1172 2340 caelo
1198 2306 1302 2340 sunt
1330 2300 1595 2352 superiores,
1624 2299 1759 2339 medii

266 2367 312 2402 et
339 2361 580 2403 inferiores.
643 2362 703 2402 Hi
730 2368 822 2403 tres
845 2362 1012 2416 gradus
1035 2362 1149 2403 caeli
1171 2362 1317 2402 ultimi
1343 2361 1659 2414 intelliguntur
1680 2375 1760 2415 per

265 2422 370 2465 illos
396 2423 470 2476 qui
498 2424 581 2463 “in
611 2423 782 2472 caelo,’‘
807 2424 881 2477 qui
909 2424 991 2463 “in
1017 2423 1180 2472 terra‚”
1205 2429 1251 2463 et
1277 2423 1351 2476 qui
1379 2423 1462 2462 “in
1487 2422 1639 2462 mari.’'
1696 2434 1760 2471 (De

265 2490 331 2519 qua
345 2482 546 2511 distinetione
561 2483 721 2511 caelorum
736 2487 767 2512 et
782 2483 918 2520 cujusvis
939 2483 1027 2517 caeli.
1043 2483 1188 2512 videatur
1208 2483 1240 2511 in
1255 2483 1395 2511 Arcanis
1413 2482 1611 2516 Caelestibus,
1625 2490 1656 2510 n.
1671 2484 1761 2519 4938.

264 2536 355 2565 4939,
370 2536 460 2565 9992,
478 2534 586 2564 10005,
604 2535 710 2563 10017,
729 2528 842 2562 10068;
865 2532 896 2557 et
911 2529 952 2556 de
967 2528 1079 2556 ultimo
1094 2528 1205 2565 gradu,
1218 2536 1249 2556 n.
1262 2536 1351 2564 3293,
1364 2536 1454 2564 3294,
1467 2535 1557 2564 3793,
1569 2535 1659 2564 4570,
1672 2528 1761 2564 5118,

264 2572 355 2610 5126,
370 2579 460 2610 5497,
475 2573 565 2610 5649,
580 2573 677 2610 9216:
699 2577 731 2601 et
744 2572 777 2601 in
791 2581 888 2610 opere
903 2573 955 2602 De
972 2573 1065 2602 Caelo
1079 2575 1110 2601 et
1124 2573 1262 2611 Inferno,
1278 2581 1309 2601 n.
1326 2572 1451 2610 29-40.)

349 2629 434 2684 [b.]
477 2629 724 2671 Sciendum
753 2637 825 2671 est
855 2631 977 2684 quod
1006 2631 1051 2671 in
1082 2630 1253 2671 mundo
1283 2629 1521 2684 spirituali,
1548 2631 1623 2671 ubi
1654 2637 1759 2672 sunt

265 2692 447 2744 spiritus
478 2698 525 2733 et
557 2692 721 2745 angeli,
755 2692 912 2733 similis
942 2692 1078 2733 facies
1110 2692 1168 2733 sit
1199 2693 1399 2733 omnium
1432 2692 1576 2746 qualis
1607 2699 1677 2733 est
1714 2693 1759 2732 in

266 2755 435 2795 mundo
466 2754 661 2795 naturali
692 2755 766 2796 ubi
797 2761 902 2796 sunt
939 2754 1173 2806 homines;
1215 2755 1335 2809 quod
1372 2768 1536 2808 nempe
1573 2755 1631 2795 ibi
1669 2756 1758 2796 sint

265 2824 460 2866 montes,
488 2818 578 2859 sint
610 2818 774 2867 colles,·
795 2819 887 2860 sint
918 2824 1080 2866 terrae,
1108 2824 1155 2859 et
1187 2819 1327 2859 maria
1361 2817 1585 2871 (videatur
1611 2832 1757 2871 supra,

265 2893 306 2920 n.
341 2879 542 2934 304[a]):
585 2895 717 2934 super
748 2881 976 2922 montibus
1012 2880 1224 2922 habitant
1258 2881 1409 2934 angeli
1440 2882 1512 2934 qui
1544 2881 1587 2921 in
1621 2881 1758 2921 tertio

264 2957 343 2984 seu
364 2944 525 2984 intimo
542 2943 684 2993 caelo,
704 2957 837 2998 super
853 2943 1043 2985 collibus
1060 2944 1119 2985 ibi
1137 2945 1209 2998 qui
1227 2945 1272 2984 in
1290 2944 1489 2985 secundo
1507 2957 1586 2984 seu
1604 2943 1757 2984 medio

265 3006 407 3056 caelo,
434 3013 480 3048 et
507 3020 639 3061 super
664 3012 784 3048 terra
809 3020 861 3048 ac
888 3007 971 3048 sub
996 3013 1117 3048 terra
1142 3013 1189 3048 et
1221 3008 1264 3047 in
1293 3007 1487 3047 maribus
1517 3006 1579 3047 illi
1605 3004 1679 3060 qui
1712 3006 1756 3047 in
