2060 3476
658 361 873 403 CAP.111.,
897 362 1036 396 VERs.
1064 363 1206 396 1.—N.
1234 354 1388 410 183[c].
1477 343 1479 345 ’
1689 365 1771 409 253

278 474 443 518 Divino
480 475 637 530 Ipsius,
675 489 776 517 cum
813 482 967 518 tamen
1010 475 1228 518 Do&rina
1264 484 1449 532 recepta
1483 478 1527 518 in
1566 478 1776 529 universo¹

278 538 536 580 Christiano
558 540 666 581 orbe
687 540 837 589 docet,

348 626 460 662 Sicut
480 627 599 663 Pater
615 628 735 663 etiam
764 627 887 663 Filius
905 635 967 664 est
993 628 1203 668 increatus,
1224 629 1414 669 infinitus,
1432 636 1628 669 aeternus,
1647 629 1776 664 omni-

278 681 431 719 potens,
453 674 570 715 Deus,
592 674 807 716 Dominus;
834 686 952 711 nemo
973 676 1120 711 Eorum
1140 677 1290 722 primus
1309 684 1349 711 et
1367 677 1542 716 ultimus,
1562 687 1634 712 nec
1653 677 1775 711 maxi-

278 732 365 756 mus
391 729 460 756 aut
485 722 685 757 minimus.
736 721 920 758 Christus
945 730 1006 758 est
1034 723 1142 758 Deus
1168 731 1208 758 et
1236 723 1391 764 Homo;
1427 724 1535 759 Deus
1561 735 1609 759 ex
1636 730 1777 758 natura

277 767 417 809 Patris,
436 776 477 804 et
505 769 641 804 Homo
666 780 715 804 ex
733 777 875 805 natura
893 770 1052 806 Matris:
1076 772 1146 806 sed
1165 771 1323 806 tametsi
1343 778 1405 806 est
1432 771 1540 806 Deus
1558 778 1599 806 et
1627 770 1773 810 Homo.

275 827 407 861 usque>
418 823 551 851 tamen
571 828 651 852 non
671 824 764 852 sunt
782 817 875 858 duo,
892 818 962 852 sed
989 825 1050 852 est
1070 829 1173 854 unus
1192 818 1395 858 Christus;
1421 826 1483 853 est
1501 829 1615 859 unus,
1634 825 1675 852 at
1694 829 1773 853 non

276 863 331 897 ita
348 864 455 909 quod
487 863 676 899 Divinum
695 864 747 899 sit
766 871 965 899 mutatum
986 865 1024 899 in
1053 864 1296 905 Humanum,
1316 866 1386 900 sed
1415 865 1604 899 Divinum
1625 866 1774 911 recepit

274 910 324 944 ad
345 910 396 945 Se
417 910 667 952 Humanum;
693 918 755 947 est
773 922 933 957 prorsus
951 912 1065 952 u'nus,
1084 913 1153 947 sed
1173 924 1253 948 non
1273 913 1328 947 ita
1346 913 1455 958 quod
1474 913 1591 947 binae
1610 919 1774 947 naturae
1794 945 1796 947 .

274 957 356 992 sint
374 958 624 999 commixtae,
644 959 713 994 sed
740 966 801 994 est
826 960 943 994 unica
970 959 1155 1000 Persona,
1175 960 1268 1006 quia
1291 959 1396 995 sicut
1421 971 1565 1005 corpus
1583 967 1623 994 et
1641 959 1775 995 anima

274 1011 369 1039 sunt
395 1016 498 1040 unus
524 1006 647 1040 homo
674 1006 730 1041 ita
756 1005 865 1042 Deus
891 1014 932 1042 et
959 1006 1095 1042 Homo
1121 1014 1181 1042 est
1207 1018 1309 1042 unus
1332 1006 1526 1043 Christus.
1577 1006 1706 1052 (Haec
1724 1019 1773 1042 ex

275 1052 443 1097 Symbola
458 1053 704 1098 Athanasii.)

275 1137 499 1190 Quoniam
531 1153 647 1179 nunc
686 1139 898 1180 Divinum
935 1147 980 1181 et
1020 1140 1281 1181 Humanum
1318 1141 1500 1182 Domini
1538 1155 1627 1181 non
1667 1149 1771 1182 sunt

273 1201 375 1249 duo,
394 1202 473 1242 sed
497 1203 627 1242 unica
650 1203 858 1251 Persona,
878 1210 924 1244 et
948 1211 1051 1244 sunt
1074 1205 1199 1245 unita
1221 1205 1335 1245 sicut
1353 1205 1502 1245 anima
1524 1211 1571 1245 et
1594 1218 1769 1257 corpuS,

271 1265 372 1305 sciri
403 1272 558 1318 potest
589 1266 709 1319 quod
742 1266 954 1306 Divinum
984 1268 1104 1320 quod
1135 1275 1324 1308 vocatur
1355 1267 1546 1321 Spiritus
1579 1266 1771 1309 Sanetus

271 1335 408 1369 exeat
434 1335 480 1369 et
510 1330 728 1382 procedat
755 1343 813 1370 ex
846 1330 1010 1371 Divino
1043 1331 1186 1383 Ipsius
1218 1345 1296 1384 per
1322 1331 1596 1379 Humanum,
1624 1332 1688 1372 ita
1711 1345 1771 1372 ex

272 1390 436 1431 Divino
469 1391 696 1441 Humano,
728 1392 836 1432 nihil
868 1393 987 1433 enim
1013 1394 1251 1447 quicquam
1283 1394 1527 1447 procedere
1559 1401 1713 1447 potest
1745 1409 1772 1434 a

270 1467 457 1507 corpore
493 1455 575 1495 nisi
612 1466 746 1509 quam
784 1469 842 1496 ex
879 1457 1028 1496 anima
1066 1470 1144 1510 per
1177 1470 1352 1510 corpus,
1385 1458 1596 1510 quoniam
1636 1471 1771 1498 omne

269 1517 390 1558 vitae
422 1518 620 1571 corporis
652 1525 720 1559 est
753 1533 811 1559 ex
844 1518 936 1571 ejus
967 1520 1142 1570 anima;
1185 1526 1231 1560 et
1263 1521 1366 1573 quia
1396 1521 1511 1561 sicut
1543 1520 1676 1561 Pater
1706 1521 1771 1562 ita

273 1580 411 1621 Filius
439 1587 509 1622 est
540 1582 780 1630 increatus,
808 1582 1018 1631 infinitus,
1046 1590 1271 1632 aeternus,
1300 1585 1604 1637 omnipotens,
1632 1584 1768 1631 Deus,

270 1643 505 1693 Dominus,
528 1651 575 1685 et
598 1659 731 1686 nemo
756 1646 924 1686 Eorum
951 1647 1118 1700 primus
1145 1654 1191 1688 et
1218 1647 1415 1696 ultimus,
1439 1661 1521 1688 nec
1546 1648 1770 1688 maximus

269 1713 347 1748 aut
376 1708 597 1757 minimus,
625 1709 824 1762 sequitur
850 1710 969 1762 quod
1003 1710 1213 1757 Divinum
1248 1711 1515 1759 Procedens,
1544 1711 1663 1764 quod
1689 1725 1770 1751 vo-

269 1777 397 1811 catur
428 1770 618 1824 Spiritus
655 1770 861 1820 Sanetus,
895 1774 1112 1825 procedat
1150 1774 1207 1814 ab
1242 1774 1347 1827 Ipso
1384 1774 1549 1815 Divino
1587 1774 1771 1814 Domini

268 1847 348 1887 per
385 1833 645 1880 Humanum
684 1835 841 1888 Ipsius,
877 1842 923 1876 et
962 1849 1052 1876 non
1088 1851 1114 1876 a
1152 1837 1318 1877 Divino
1353 1837 1442 1878 alio
1480 1838 1600 1891 quod
1638 1837 1771 1878 Pater

267 1904 483 1948 vocatur;
526 1911 630 1939 nam
662 1899 797 1939 docet
835 1899 1055 1940 Dominus
1087 1900 1206 1953 quod
1245 1901 1378 1941 Pater
1416 1907 1462 1941 et
1500 1901 1602 1954 Ipse
1634 1913 1768 1940 unum

255 1962 372 2010 sint,
395 1975 447 2002 ac
475 1962 608 2002 Pater
629 1962 673 2002 in
699 1962 805 2015 Ipso
830 1969 876 2003 et
903 1962 1005 2015 Ipse
1032 1964 1076 2003 in
1104 1964 1235 2005 Patre
1261 1963 1336 2017 (de
1359 1979 1448 2018 quo
1469 1965 1676 2005 videatur
1701 1965 1768 2004 in-

267 2024 345 2073 fra,
373 2038 414 2066 n.
448 2025 566 2079 200).
627 2025 717 2067 Sed
749 2027 869 2080 quod
901 2026 1100 2080 plerique
1132 2028 1175 2068 in
1209 2027 1467 2069 Christiano
1498 2029 1606 2068 orbe
1637 2027 1769 2068 aliter

267 2089 404 2130 eorde
428 2102 510 2130 suo
534 2090 756 2142 cogitent,
783 2096 830 2131 et
861 2090 966 2131 inde
992 2091 1122 2131 aliter
1148 2092 1350 2138 credant.
1379 2093 1592 2132 dixerunt
1618 2092 1768 2145 angeli

267 2152 388 2206 quod
413 2152 498 2193 hoc
525 2153 629 2193 inde
651 2154 722 2201 sit,
747 2154 850 2206 quia
872 2154 928 2194 de
953 2153 1166 2195 Humano
1190 2154 1372 2195 Domini
1398 2162 1608 2208 separato
1635 2169 1660 2195 a
1687 2155 1767 2196 Di-

267 2215 373 2256 vino
410 2215 554 2269 Ipsius
585 2217 806 2269 cogitant,
839 2218 959 2270 quod
996 2225 1150 2259 tamen
1182 2225 1253 2259 est
1289 2226 1449 2259 contra
1487 2217 1765 2268 DocPffinam,

268 2292 381 2331 quae
412 2279 549 2320 docet
580 2280 701 2332 quod
733 2280 944 2320 Divinum
974 2287 1021 2322 et
1052 2280 1311 2322 Humanum
1347 2282 1528 2322 Domini
1560 2295 1650 2322 non
1676 2283 1766 2323 sint

268 2342 356 2382 duo
379 2342 458 2382 sed
480 2343 611 2383 unica
633 2342 842 2392 Persona,
865 2357 918 2384 ac
940 2345 1066 2385 unita
1087 2345 1202 2386 sicut
1224 2346 1373 2385 anima
1395 2351 1441 2386 et
1464 2358 1637 2398 corpus.
1698 2345 1766 2386 Ut

267 2404 353 2445 hoc
379 2405 437 2446 sit
466 2405 510 2446 in
543 2404 762 2446 Doetrina
786 2408 927 2447 totius
952 2408 1070 2448 orbis
1098 2407 1353 2456 Christiani,
1381 2409 1606 2461 provisum
1638 2416 1709 2450 est
1742 2423 1768 2450 a

268 2467 480 2517 Domino,
514 2470 616 2522 quia
654 2469 740 2510 hoc
780 2470 1023 2511 essentiale
1063 2471 1284 2512 ecclesiae
1323 2478 1408 2519 est,
1441 2478 1487 2512 et
1525 2472 1767 2513 essentiale

266 2531 425 2572 salutis
447 2532 658 2572 omnium.
720 2531 854 2584 Quod
876 2540 1028 2574 autem
1047 2534 1338 2575 distinxerint
1361 2535 1573 2575 Divinum
1596 2542 1642 2576 et
1666 2535 1764 2575 Hu-

267 2607 449 2635 manum
472 2595 655 2636 Domini
676 2596 721 2636 in
744 2596 870 2636 binas
894 2603 1090 2644 naturaS,
1111 2603 1156 2638 et
1180 2597 1378 2638 dixerint
1401 2598 1520 2651 quod
1544 2599 1763 2639 Dominus

266 2659 326 2699 sit
352 2658 475 2699 Deus
501 2672 560 2699 ex
583 2665 744 2712 natura
769 2659 927 2708 Patris,
947 2666 993 2700 et
1022 2659 1175 2701 Homo
1201 2674 1260 2701 ex
1288 2668 1447 2701 natura
1473 2663 1642 2710 matris,
1667 2669 1763 2704 erat

266 2734 326 2762 ex
365 2734 500 2762 causa
538 2722 641 2775 quia
681 2735 772 2762 non
809 2728 1031 2763 noverunt
1067 2723 1188 2776 quod
1229 2737 1330 2764 curn
1371 2724 1591 2765 Dominus
1632 2725 1763 2778 plene

266 2783 537 2837 glorificavit
570 2783 832 2825 Humanum
863 2799 992 2826 suum
1024 2787 1201 2827 exuerit
1235 2787 1478 2828 humanum
1511 2802 1570 2828 ex
1602 2795 1761 2837 matre,

266 2851 313 2886 et
337 2845 536 2886 induerit
563 2845 828 2886 Humanum
853 2860 914 2887 CX
939 2846 1075 2888 Patre
1101 2858 1293 2896 (secundum
1312 2860 1365 2888 illa
1379 2869 1462 2897 quae
1481 2860 1513 2888 in
1529 2861 1686 2889 Doc‘trina
1700 2862 1764 2889 Νο-

265 2919 324 2939 vae
335 2910 583 2948 Hierosolymae,
593 2919 624 2940 n.
636 2918 705 2948 295,
715 2915 842 2940 ostensa
850 2916 932 2941 sunt.
976 2911 1073 2948 Quod
1083 2912 1146 2942 hoc
1155 2913 1250 2942 etiam
1262 2913 1381 2942 faotum
1390 2914 1429 2943 sit
1439 2915 1471 2942 in
1482 2914 1626 2943 Concilio
1636 2919 1762 2952 propter

268 2960 388 2998 Papam
402 2961 444 2990 ab
458 2961 517 2990 111·ss
531 2961 586 2998 qui
600 2961 643 2990 ibi
658 2965 743 2995 tunc,
758 2966 794 2990 ut
807 2970 866 2999 pro
880 2961 1007 2991 Vicario
1029 2963 1131 3000 Ipsius
1145 2963 1273 3001 agnosci
1288 2969 1404 3002 posset,
1420 2965 1564 2993 videatur
1578 2965 1608 2993 in
1625 2965 1761 2995 Arcanis

269 3014 463 3053 Caelestibus,
479 3024 510 3045 n.
525 3015 631 3054 4738).
688 3003 824 3058 Quod
849 3008 875 3026 “
887 3003 1082 3059 Spirit'us
1105 3006 1190 3047 Dei
1203 3006 1222 3021 ”
1243 3008 1302 3048 sit
1330 3007 1545 3049 Divinum
1569 3008 1758 3061 Verum,
