2060 3476
367 356 474 388 CAP.
497 356 582 397 111.,
606 355 884 388 CONTENTA
906 356 1147 389 VERSUUM
1178 356 1432 399 14—22.—N.
1456 346 1551 388 226.
1642 359 1719 401 341

225 474 280 493 non
295 467 356 494 scis
371 467 447 500 quod
464 469 496 493 tu
510 467 555 494 eis
570 474 759 494 aerumnosus
774 468 804 493 et
818 467 997 494 miserabilis
1016 468 1047 494 et
1063 474 1176 500 pauper
1189 468 1220 494 et
1234 474 1339 494 caecus
1354 469 1384 494 et
1402 469 1507 494 nudus.
1543 467 1656 494 Suadeo
1672 468 1726 494 tibi
1772 473 1776 478 ’

225 511 321 531 emere
335 512 354 531 a
368 505 412 531 Me
426 512 526 531 aarum
539 506 719 537 exploratum
734 505 800 537 lane
815 507 847 531 ut
861 505 1000 536 ditescas,
1016 507 1047 532 et
1061 505 1234 532 vestimenta
1246 506 1313 532 alba
1328 507 1361 532 ut
1374 506 1515 537 induaris,
1531 513 1567 532 ne
1581 509 1727 538 appareat

225 543 318 574 pudor
333 543 476 570 nuditatis
490 545 567 574 tuae,
581 545 612 570 et
625 543 744 576 collyrio
762 543 868 576 inunge
885 544 983 570 oculos
1001 545 1068 570 tuoe
1086 545 1118 570 ut
1133 544 1241 570 videas.
1279 544 1336 576 Εαο
1350 551 1534 577 quoscunque
1549 551 1622 575 amo,
1637 551 1726 577 atquo

226 582 257 607 et
268 581 381 613 castiqo
388 589 399 612 ,·
418 582 482 608 zelo
494 588 548 614 aye
560 588 636 614 erqo,
648 582 678 608 et
692 581 843 613 resipisce.
875 581 947 608 Ecce
959 583 1007 608 eto
1020 582 1059 607 ad
1070 581 1175 608 ostrum
1189 583 1220 608 et
1231 583 1336 614 malso,-
1352 582 1381 608 si
1392 581 1458 615 quis
1471 582 1617 608 audiverit
1629 589 1725 608 vocem

225 625 326 650 meam,
346 621 378 645 et
394 619 544 652 aperuen't
561 619 677 650 ostium,
696 619 812 646 intrabo
829 619 868 646 ad
887 619 975 650 inum,
995 621 1027 646 ct
1043 620 1152 646 cenabo
1169 626 1232 646 cum
1253 620 1302 646 illo
1319 621 1350 646 et
1370 620 1419 646 ille
1437 620 1554 646 Mecum.
1595 620 1723 651 vincens,

225 656 299 683 dabo
316 657 345 683 ei
362 658 466 684 sedere
480 658 586 684 Mecum
604 657 634 684 in
651 658 755 684 throno
773 665 843 689 meo,
859 658 938 684 sicut
953 659 986 684 et
1002 658 1058 690 qu
1074 658 1137 689 vici,
1154 659 1185 684 et
1201 658 1289 684 sedeo
1306 665 1369 684 cum
1388 658 1476 684 Patre
1493 665 1556 685 meo
1573 658 1604 684 in
1622 658 1726 685 throno

225 694 330 726 ipsius.
367 695 482 722 itabens
496 702 594 722 aurem
609 696 713 722 audiat
726 696 796 729 quid
809 695 938 728 spiritus
953 696 1024 722 dicit
1038 696 1204 722 ecclesiis.'¹

252 801 303 834 14.
338 793 400 827 “ft
413 793 538 845 Angeia
554 794 728 828 Ecclesiae
750 794 1006 828 Laodicensium
1023 794 1165 833 scribel'
1181 794 1346 836 significat
1363 796 1435 826 illos
1449 796 1511 837 qui
1525 806 1563 827 zn
1578 797 1646 827 sola
1650 796 1727 838 fide

403 844 494 877 sunt,
512 839 560 870 ita
576 839 638 881 qui
652 850 690 870 zn
701 839 777 881 fide
790 844 943 881 separata
960 851 981 871 a
998 840 1161 871 charitate
1179 839 1231 883 [ιι.
1250 839 1352 882 227]:
1380 839 1492 873 “Haec
1508 839 1590 873 dsci!
1612 839 1724 877 Amen,

409 882 519 917 Testis
542 883 651 916 fidelis
676 886 712 916 ei
737 884 867 921 verus?
892 883 1057 925 significat
1080 895 1101 915 a
1125 895 1188 926 quo
1211 895 1307 915 omne
1329 895 1449 915 verum
1473 889 1504 915 et
1526 895 1621 915 omne
1635 885 1727 927 fidei

407 927 459 971 [n.
478 927 582 970 228];
608 927 831 971 “Principium
849 927 974 971 opificii
986 928 1074 966 Dei,''
1091 928 1256 970 significat
1266 928 1376 971 fidem
1392 929 1433 960 ab
1450 929 1534 971 Ipso,
1551 940 1636 971 quae
1650 930 1725 971 pri·

405 983 498 1004 mum
514 973 661 1004 ecclesiae
676 974 790 1015 quoad
801 973 1034 1015 apparentiam
1054 972 1104 1016 [n.
1123 973 1220 1016 229].

252 1048 303 1084 15.
337 1042 445 1075 “nori
458 1045 518 1076 tua
534 1043 666 1086 opera,”
679 1042 842 1084 significat
855 1043 963 1074 vitam
978 1043 1080 1080 solius
1082 1043 1174 1085 fidei
1191 1042 1241 1086 [ιι.
1256 1051 1276 1074 2
1278 1042 1359 1085 30];
1379 1042 1492 1086 “qaod
1503 1052 1567 1076 nec
1579 1042 1725 1086 frigidus

404 1086 457 1120 sss
473 1097 536 1120 nec
552 1086 712 1125 calidus,”
725 1087 889 1129 significat
904 1088 995 1129 quod
1005 1087 1058 1125 sit,
1071 1088 1152 1130 quia
1167 1088 1287 1129 absque
1303 1088 1476 1125 charitate,
1494 1088 1584 1118 inter
1598 1089 1724 1118 caelum

400 1136 431 1162 et
445 1132 621 1174 infernum
641 1132 692 1174 [n.
711 1131 813 1174 231];
841 1131 990 1164 “utinam
1016 1131 1162 1175 frigidus
1185 1141 1287 1165 esses
1303 1134 1366 1165 aut
1380 1131 1542 1169 calidus,''
1559 1131 1724 1173 significat

403 1177 493 1218 quod
496 1181 643 1218 praestet
656 1181 695 1207 ut
709 1177 807 1207 nulla
811 1176 912 1219 fides,
928 1181 991 1207 aut
1005 1181 1044 1207 ut
1057 1177 1101 1207 sit
1114 1177 1183 1207 sola
1200 1177 1349 1208 charitas
1367 1176 1418 1219 [n.
1437 1176 1533 1219 232].

253 1245 303 1277 16.
338 1245 476 1289 “linque
492 1245 572 1289 qm'a
588 1245 725 1289 tepidus
741 1246 809 1284 es‚''
821 1245 983 1287 significat
999 1247 1072 1278 illos
1086 1247 1148 1288 qui
1160 1247 1288 1278 vivunt
1301 1258 1343 1278 ex
1357 1247 1513 1278 doc‘trina
1525 1248 1564 1278 de
1578 1247 1646 1278 sola
1650 1247 1726 1289 fide

403 1295 435 1321 et
446 1291 688 1333 justificatione
714 1290 798 1334 [per
818 1290 932 1332 illam]
964 1291 1015 1333 [n.
1034 1290 1137 1333 233]‚
1128 1303 1135 1309 ·
1163 1296 1179 1308 ⁸
1190 1294 1227 1324 et
1240 1301 1303 1324 nec
1321 1290 1467 1334 friyio‘us
1482 1300 1546 1324 nec
1562 1291 1706 1327 calidus.
1709 1292 1725 1302 '¹

404 1334 569 1376 significat
591 1335 672 1377 quia
695 1336 813 1377 absque
836 1335 1008 1373 charitate,
1033 1336 1122 1366 inter
1144 1337 1271 1367 caelum
1294 1340 1325 1367 et
1346 1336 1523 1378 infernum
1543 1335 1596 1378 [n.
1615 1335 1723 1386 234];

405 1380 580 1412 “futurum
605 1382 638 1412 te
662 1389 816 1412 evomam
834 1388 875 1412 ex
899 1388 959 1412 ore
983 1380 1076 1417 meos
1078 1379 1262 1421 'significat
1276 1380 1515 1447 separationem
1532 1391 1553 1411 a
1570 1381 1724 1422 cognitio—

404 1424 503 1455 nibus
517 1435 559 1455 ex
584 1424 682 1456 Verbo
702 1424 754 1467 [ιι.
773 1423 870 1466 235].

252 1495 303 1530 17.
338 1487 455 1525 “Quod
474 1488 571 1522 dicas
594 1488 686 1532 quoo'
706 1488 804 1522 dives
827 1487 893 1521 sim
918 1491 954 1521 et
975 1489 1215 1531 locupletatus,
1233 1491 1271 1522 et
1291 1488 1419 1522 nullius
1442 1498 1530 1532 opus
1552 1488 1725 1526 habeam,”

402 1532 675 1576 significatfidem
691 1544 803 1564 eorum
819 1533 909 1575 quod
922 1534 1062 1564 credant
1074 1544 1106 1564 se
1121 1534 1159 1564 in
1175 1534 1266 1565 veris
1281 1545 1342 1565 esse
1349 1538 1437 1575 prae
1452 1534 1531 1564 aliis
1550 1533 1601 1576 [n.
1620 1533 1703 1575 236]
1716 1545 1724 1571 ;

405 1580 464 1610 “et
475 1587 541 1611 non
557 1577 630 1611 scis
646 1577 738 1621 quod
754 1580 791 1611 tu
807 1577 859 1611 sis
875 1584 1116 1615 aerumnosus
1118 1577 1135 1589 ''
1149 1576 1311 1619 significat
1327 1579 1417 1620 quod
1430 1589 1499 1609 non
1516 1579 1626 1609 sciant
1640 1579 1730 1620 quod

392 1623 490 1664 falsa
514 1633 628 1654 eorum
651 1633 726 1654 cum
749 1623 840 1654 veris
863 1623 996 1653 nullam
1020 1622 1265 1653 cohaerentiam
1289 1622 1434 1653 habeant
1459 1622 1511 1665 [n.
1533 1622 1638 1664 237];
1665 1625 1728 1655 “et

403 1666 610 1700 miserabilis
633 1669 669 1700 ei
687 1667 840 1710 pauper]
841 1666 1029 1708 'significat
1052 1667 1142 1708 quod
1161 1678 1219 1698 nec
1241 1667 1351 1698 sciant
1371 1668 1461 1709 quod
1481 1667 1550 1698 illis
1572 1677 1641 1698 non
1657 1667 1727 1697 smt

378 1749 381 1752 Α
403 1712 601 1753 cognitiones
616 1712 692 1743 veri
713 1722 772 1742 nec
787 1711 986 1753 cognitiones
1008 1711 1087 1742 boni
1111 1711 1162 1754 [ιι.
1181 1710 1283 1754 238];
1311 1714 1369 1744 “et
1383 1721 1510 1744 caecus
1527 1714 1563 1744 ef
1582 1711 1725 1748 nudusl'

401 1755 566 1797 significat
581 1757 671 1798 quod
682 1756 753 1787 sint
766 1756 884 1797 absque
900 1756 1070 1787 intellectu
1085 1756 1171 1794 veri,
1187 1761 1218 1786 et
1231 1756 1349 1798 absque
1372 1756 1542 1787 intellectu
1558 1760 1589 1787 et
1602 1757 1722 1787 volun-

401 1805 468 1832 tate
483 1801 562 1831 boni
578 1800 626 1844 [n.
645 1808 721 1841 239,
738 1799 836 1842 240].

250 1864 300 1898 18.
334 1864 490 1898 “Suadeo
514 1864 600 1903 tibi,''
615 1864 777 1906 significat
793 1865 938 1896 medium
956 1865 1204 1906 reformationis
1220 1866 1356 1896 illorum
1373 1865 1435 1907 qui
1457 1865 1494 1896 in
1511 1865 1668 1896 doctrina
1685 1866 1725 1895 de

400 1911 468 1942 sola
481 1910 556 1952 fide
575 1909 626 1953 [n.
645 1909 747 1952 241];
775 1914 910 1942 “emere
926 1918 948 1942 a
972 1908 1025 1942 Me
1048 1918 1171 1942 aurum
1196 1909 1409 1952 exploratum
1433 1908 1510 1952 iyne
1535 1911 1574 1941 ut
1594 1908 1726 1942 ditatus

401 1953 481 1992 81⁸ss
494 1953 657 1995 significat
670 1959 710 1985 ut
719 1965 740 1985 a
753 1954 902 1985 Domino
916 1958 1108 1995 comparent
1117 1954 1181 1985 sibi
1189 1955 1382 1995 genuinum
1400 1954 1521 1985 bonum
1535 1958 1574 1984 ut
1586 1954 1726 1994 recipere

392 1999 524 2041 possint
534 2010 616 2030 vera
620 1999 713 2041 fidei
730 1998 781 2041 [n.
796 1997 898 2040 242];
926 2000 984 2031 “et
997 1997 1199 2031 vestImenta
1212 1998 1291 2031 alba
1308 2001 1347 2031 ut
1361 1997 1546 2036 induaris,''
1558 1997 1724 2039 signifieat

399 2048 431 2075 et
446 2043 599 2085 genuina
616 2054 696 2074 vera
712 2048 744 2074 et
765 2043 844 2074 inde
867 2043 1125 2084 intelligentiam
1146 2042 1196 2085 [n.
1215 2042 1297 2085 243]
1308 2054 1318 2081 ;
1345 2047 1408 2076 “ne
1423 2045 1594 2085 appareat
1611 2042 1725 2085 pudor

400 2086 568 2121 nuditatis
592 2087 701 2125 tuae,”
718 2086 883 2128 significat
900 2097 942 2118 ne
955 2088 1069 2129 spurci
1090 2098 1218 2118 amores
1238 2087 1290 2130 [n.
1308 2086 1412 2129 244];
1439 2089 1497 2120 “et
1511 2086 1651 2129 collyrio
1670 2086 1723 2119 in-

403 2142 492 2175 vnye
508 2133 626 2165 oculos
653 2131 768 2175 [tuos]
798 2134 838 2165 ut
855 2131 982 2169 videas,
984 2132 1000 2143 ”
1016 2131 1179 2173 significat
1195 2136 1234 2162 ut
1247 2132 1463 2173 aliquantum
1480 2132 1656 2173 aperiatur
1671 2132 1722 2162 in·
1772 2152 1777 2156 -

401 2178 548 2208 tellectus
567 2176 618 2221 [ιι.
636 2185 679 2216 24
681 2176 734 2219 5]

249 2250 299 2283 ¹9·
333 2241 428 2285 “Ego
458 2251 679 2285 quoscunque
709 2251 797 2279 amo,
829 2250 938 2284 arguo
971 2243 1007 2274 ef
1035 2240 1196 2284 casti90,”
1222 2240 1388 2282 significat
1418 2241 1614 2272 tentationes
1643 2246 1725 2272 tunc

404 2286 455 2329 [n.
474 2285 576 2328 246];
603 2286 700 2318 “zelo
722 2295 788 2329 aye
812 2287 967 2329 9190,οΐ
988 2285 1166 2328 resipisce,
1168 2284 1366 2327 ”signifieat
1382 2290 1422 2316 ut
1434 2286 1479 2316 sit
1494 2286 1561 2317 illis
1577 2285 1725 2316 charitas

405 2331 456 2373 [n
475 2330 571 2373 247]

246 2404 300 2428 20.
334 2395 441 2429 “Ecce
456 2390 511 2429 8ῗο
534 2395 581 2428 ad
603 2395 727 2429 ostium
752 2397 789 2428 et
806 2395 936 2438 pulsos
953 2394 1115 2436 significat
1123 2395 1351 2436 praesentiam
1369 2395 1518 2426 Domini
1524 2399 1722 2436 perpetuam

404 2440 455 2483 [n.
473 2439 575 2482 248];
602 2439 657 2473 “si
670 2439 748 2483 quis
770 2439 944 2473 audiverit
969 2449 1082 2472 vocem
1107 2439 1246 2476 meam,'¹
1264 2438 1428 2480 significat
1444 2439 1506 2481 qui
1520 2440 1664 2470 attendit
1678 2441 1726 2470 ad

392 2489 567 2526 praecepta
583 2484 730 2516 Domini
747 2484 797 2527 [n.
816 2483 899 2526 249]
912 2495 922 2522 3
949 2486 1006 2516 “et
1020 2483 1199 2526 aperuerit
1220 2483 1373 2521 ostium,''
1390 2483 1556 2525 signifieat
1573 2484 1722 2525 receptio-

400 2539 476 2559 nem
491 2529 585 2560 corde
598 2539 654 2559 seu
670 2529 779 2560 vitam
800 2528 851 2571 [n.
869 2528 974 2570 250];
1000 2527 1155 2560 “latrabo
1177 2528 1226 2560 ad
1246 2527 1368 2565 illum,''
1385 2527 1550 2569 significat
1567 2530 1721 2571 conjunc-

399 2574 521 2604 tionem
551 2572 601 2615 [n.
629 2572 732 2615 251];
768 2572 862 2615 “[et]
893 2572 1019 2605 cenabo
1044 2582 1121 2605 cum
1147 2571 1205 2604 illo
1230 2574 1267 2605 et
1289 2572 1346 2605 ille
1372 2572 1532 2610 Mecum,''
1558 2572 1722 2614 significat

401 2617 730 2648 communicationem
748 2627 822 2648 cum
839 2618 884 2648 eis
890 2617 1097 2659 felicitatum
1115 2617 1199 2647 caeli
1216 2617 1266 2660 [n.
1286 2625 1305 2647 2
1309 2616 1383 2659 52].

246 2696 298 2719 21.
332 2686 506 2725 “Vincens,
520 2687 612 2721 dabo
628 2687 664 2720 ei
684 2687 809 2721 sedere
832 2686 962 2720 Mecum
985 2686 1020 2720 in
1037 2687 1157 2720 ihi-ono
1173 2687 1276 2724 meo,¹'
1292 2686 1457 2728 significat
1473 2688 1535 2729 qui
1547 2693 1629 2719 tunc
1643 2694 1721 2730 per·

402 2737 517 2763 manet
527 2732 685 2774 adfinem
700 2732 801 2770 vitae,
812 2733 902 2773 quod
910 2732 1108 2774 conjunctus
1119 2732 1185 2762 erit
1195 2733 1282 2763 caelo
1294 2732 1354 2762 ubi
1363 2732 1536 2763 Dominus
1552 2732 1603 2775 [n.
1617 2731 1698 2774 253]
1710 2744 1719 2770 ς

402 2775 514 2809 “sicut
529 2778 565 2809 et
579 2775 648 2819 590
663 2775 735 2813 vici,
750 2779 786 2809 et
800 2775 906 2809 sedeo
918 2786 995 2808 cum
1012 2775 1113 2809 Patre
1126 2785 1201 2808 meo
1217 2775 1251 2809 in
1265 2775 1385 2809 throno
1399 2775 1541 2818 lpsius,''
1554 2776 1719 2817 significat

400 2821 625 2862 comparative
638 2821 725 2852 sicut
745 2821 921 2852 Divinum
945 2821 1082 2852 Bonum
1099 2825 1144 2852 est
1158 2822 1294 2852 unitum
1318 2822 1452 2855 Divino
1478 2821 1557 2852 Vero
1581 2821 1617 2851 in
1635 2822 1720 2851 caelo

405 2865 456 2908 [¹1·
475 2864 572 2907 254]-

246 2938 298 2962 22.
332 2929 487 2963 “liabens
510 2939 631 2962 aurem
654 2929 775 2963 audiat
797 2929 880 2973 quid
902 2929 1049 2973 Spiritus
1073 2929 1155 2963 dicit
1177 2929 1363 2967 ecclesiis,”
1379 2929 1541 2971 significat
1558 2930 1648 2971 quod
1659 2929 1721 2970 qui

401 2975 558 3015 z'ntellzgrit
571 2976 732 3005 auscultet
745 2976 831 3016 quid
846 2975 1022 3005 Divinum
1048 2975 1167 3006 Verum
1184 2976 1362 3016 procedens
1377 2985 1397 3005 a
1424 2975 1572 3005 Domino
1587 2974 1675 3004 docet
1688 2978 1720 3004 et

399 3019 481 3050 dicit
496 3019 562 3050 illis
578 3019 639 3061 qui
653 3019 693 3049 ab
709 3019 839 3050 ecclesia
857 3019 966 3061 Ipsius
981 3024 1062 3050 sunt
1079 3019 1130 3062 [n.
1150 3028 1167 3049 2
1171 3026 1188 3060 5
1194 3019 1334 3061 5—257].
