2060 3476
304 337 363 389 64
718 344 1051 377 APOCALYPSIS
1083 345 1382 378 EXPLICATA.

305 458 429 507 ritas,
458 466 547 512 quo
579 463 786 511 tempore
822 458 1067 511 periturum
1103 464 1237 499 omne
1269 457 1482 499 Divinum
1503 457 1702 509 Verum;
1743 464 1791 500 et

304 522 406 575 quia
432 521 603 562 Verum
642 521 854 561 Divinum
893 520 1171 573 significatur
1207 534 1286 574 per
1318 521 1521 562 “Filium
1557 520 1792 570 hominis,''

302 585 405 626 ideo
441 585 617 633 dicitur,
654 583 819 624 “Tunc
857 583 1112 633 dicent...,
1146 583 1267 625 Ecce
1303 583 1374 624 hic
1406 589 1484 625 aut
1521 586 1628 625 ecce
1668 582 1790 634 illic;

303 661 385 688 ne.
406 679 414 688 .
435 679 443 688 .
462 645 776 700 investigate.’'
837 645 975 700 Apud
1001 646 1208 696 eundem,

371 749 393 762 ‘⁸
406 747 514 780 Filius
530 747 687 779 hominis
704 747 854 778 veniens
872 756 957 778 num
974 746 1133 785 inveniet
1149 747 1254 779 fidem
1272 757 1379 788 super
1396 753 1489 779 terra
1497 746 1531 780 ?”
1545 746 1655 788 (xviii.
1673 748 1690 778 8
1706 747 1727 787 ;)

301 842 387 884 hoc
410 844 495 891 est,
515 855 616 883 cum
631 841 802 882 Verum
826 841 1038 882 Divinum
1060 855 1084 883 e
1107 842 1234 883 caelo
1251 841 1538 891 revelabitur,
1558 842 1677 895 quod
1700 855 1791 883 non

302 906 536 955 credetur;
573 905 750 945 “Filius
782 904 1007 946 hominis’'
1033 906 1171 946 etiam
1197 905 1268 946 hic
1296 912 1366 946 est
1395 905 1616 946 Dominus
1642 906 1790 959 quoad

302 969 473 1009 Verum
488 968 701 1009 Divinum
718 982 727 1018 ;
755 967 978 1009 adventus
994 968 1176 1008 Domini
1194 974 1263 1008 est
1278 967 1498 1009 revelatio
1513 968 1621 1008 Veri
1641 967 1791 1009 Divini

301 1032 345 1072 in
371 1031 458 1072 fine
485 1030 703 1072 ecclesiae
731 1042 775 1080 (n.
792 1043 881 1079 3:900.
897 1042 1004 1080 4060).
1066 1031 1205 1085 Apud
1226 1026 1505 1072 Mattlu'zeum
1521 1046 1537 1072 .-

369 1129 390 1141 “
403 1127 499 1159 Sicut
515 1126 633 1167 fulgur
650 1127 721 1158 exit
737 1127 782 1158 ab
799 1127 947 1166 oriente,
966 1132 1002 1159 et
1024 1132 1172 1168 apparet
1195 1137 1307 1168 usque
1330 1127 1375 1159 ad
1399 1127 1632 1165 occidentem,
1653 1127 1701 1159 ita
1724 1127 1791 1158 erit

473 1171 647 1202 adventus
675 1171 752 1202 Filii
776 1171 942 1203 hominis.
998 1195 1114 1203 ......
1123 1171 1224 1202 Tunc
1248 1172 1433 1211 apparebit
1457 1171 1599 1211 signum
1624 1171 1702 1202 Filii
1726 1171 1790 1202 ho·

472 1215 579 1245 minis
596 1215 631 1245 in
646 1215 755 1251 caelo,
776 1220 811 1246 et
835 1220 919 1246 tune
943 1214 1115 1255 plangent
1131 1224 1257 1246 omnes
1282 1215 1394 1246 tribus
1419 1221 1545 1253 terrae,
1565 1221 1601 1246 et
1618 1215 1789 1246 videbunt

474 1258 601 1289 Filium
615 1258 768 1290 hominis
782 1259 986 1290 venientem
1000 1258 1035 1289 in
1050 1258 1203 1290 nubibus
1217 1258 1304 1290 caeli
1318 1268 1397 1289 cum
1415 1259 1577 1299 potentia
1593 1264 1627 1290 et
1644 1258 1759 1298 gloria
1771 1258 1788 1270 ”

472 1301 580 1342 (xxiv.
598 1310 649 1341 27,
667 1303 721 1342 30)
737 1311 744 1340 ;

297 1397 417 1451 quod
449 1410 527 1450 per
555 1396 840 1437 “adventurn
867 1395 1049 1437 Domini
1075 1397 1118 1437 in
1145 1396 1335 1437 nubibus
1361 1396 1506 1437 caeli’'
1531 1396 1589 1437 ibi
1617 1396 1785 1450 signifi-

297 1466 424 1500 cetur
444 1458 664 1500 revelatio
687 1459 837 1500 Divini
860 1459 969 1500 Veri
995 1460 1038 1500 in
1064 1459 1151 1500 fine
1174 1459 1406 1508 ecclesiae,
1425 1460 1632 1500 videatur
1654 1473 1786 1514 supra

299 1522 360 1576 (n.
391 1522 478 1577 36).
540 1521 678 1576 Apud
704 1522 912 1571 eundern,

363 1624 385 1637 ‘¹
399 1622 486 1654 Dico
503 1622 617 1661 vobis,
635 1622 688 1654 Ex
705 1632 798 1653 nunc
814 1622 979 1654 videbitis
998 1622 1123 1654 Filium
1141 1622 1296 1654 hominis
1313 1623 1496 1655 sedentem
1514 1633 1558 1655 ex
1574 1623 1707 1656 dextris
1724 1633 1786 1665 po-

469 1667 612 1704 tentiae,
632 1672 668 1698 et
684 1666 887 1697 venientem
905 1666 941 1697 in
959 1666 1112 1698 nubibus
1129 1666 1217 1698 caeli
1230 1666 1247 1678 ''
1265 1666 1372 1707 (xxvi.
1390 1667 1455 1707 64).

295 1759 357 1801 Et
385 1760 504 1813 apud
530 1759 694 1800 Lucam
709 1775 725 1800 .-

361 1851 383 1864 “
398 1849 450 1881 Ex
467 1850 540 1933 gio?
558 1859 651 1881 nunc
668 1849 734 1881 erit
753 1849 860 1881 Filius
884 1849 1041 1881 hominis
1066 1850 1194 1881 sedens
1218 1859 1240 1880 a
1262 1849 1395 1881 dextris
1413 1849 1551 1881 virtutis
1571 1849 1666 1881 Dei”
1682 1849 1780 1890 (xxii.

489 1903 509 1934 9
537 1903 543 1931 ;

294 1988 472 2030 “Filius
498 1988 722 2029 hominis’‘
749 1994 818 2029 est
846 1988 1066 2028 Dominus
1092 1988 1240 2042 quoad
1273 1988 1483 2028 Divinum
1518 1987 1777 2029 Humanum

291 2059 337 2093 et
369 2052 517 2106 quoad
550 2052 761 2092 Divinum
789 2051 960 2092 Verum
992 2051 1240 2104 procedens
1272 2051 1329 2091 ab
1361 2051 1492 2104 Ipso;
1529 2052 1724 2092 “sedere
1753 2066 1779 2092 a

290 2116 465 2156 dextris
497 2116 732 2168 potentiae
745 2114 763 2129 ”
795 2121 864 2155 est
894 2115 1014 2167 quod
1047 2114 1137 2168 Ipsi
1168 2115 1526 2168 omnipotentia;
1560 2115 1679 2168 quod
1711 2115 1777 2155 di-

290 2186 417 2220 catur
438 2179 558 2232 quod
583 2179 627 2219 id
654 2191 770 2219 nunc
793 2179 927 2218 visuri
949 2184 1116 2226 essent,
1136 2184 1205 2218 est
1228 2178 1347 2231 quod
1362 2178 1583 2218 *Divinum
1607 2178 1777 2218 Verum

289 2243 333 2283 in
355 2256 434 2282 sua
457 2243 787 2296 omnipotentia
812 2248 947 2290 esset,
972 2254 1071 2287 cum
1100 2241 1320 2281 Dominus
1346 2242 1390 2281 in
1417 2241 1584 2281 mundo
1606 2241 1776 2282 vicerat

288 2306 472 2354 inferna,
501 2312 546 2347 et
574 2307 724 2346 omnia
749 2306 807 2346 ibi
839 2311 885 2346 et
913 2306 957 2345 in
983 2304 1120 2345 caelis
1145 2305 1189 2344 in
1216 2304 1418 2345 ordinem
1445 2304 1699 2357 redegerat,
1728 2311 1775 2345 et

288 2369 407 2423 quod
434 2370 495 2409 sic
528 2368 690 2409 salvari
722 2375 909 2422 possent
940 2369 1014 2422 qui
1046 2368 1198 2421 Ipsum
1223 2367 1310 2408 fide
1342 2373 1388 2408 et
1420 2380 1572 2408 amore
1603 2369 1774 2421 recipe-

287 2437 388 2472 rent
418 2440 463 2478 (n.
474 2449 563 2479 9715.
607 2441 703 2478 Quod
715 2442 823 2470 sedere
835 2450 854 2470 a
865 2441 980 2470 dextris
991 2441 1029 2470 sit
1040 2441 1276 2485 omnipotentia,
1289 2441 1431 2470 videatur
1441 2448 1471 2469 n.
1485 2441 1573 2476 3387,
1585 2447 1675 2477 4592,
1687 2450 1776 2478 4933,

287 2496 376 2530 7518,
393 2495 480 2527 8281,
496 2502 586 2531 9133.
629 2494 726 2530 Quod
747 2493 849 2521 omnis
870 2493 1012 2530 potentia
1031 2493 1107 2521 boni
1129 2493 1167 2522 sit
1187 2502 1244 2531 per
1261 2501 1381 2527 verum,
1397 2502 1427 2521 n.
1443 2493 1532 2530 6344,
1549 2490 1670 2529 [116423ι
1687 2495 1776 2531 8304,

286 2550 376 2579 9327,
389 2550 478 2578 9410,
491 2541 580 2578 9639,
593 2541 681 2577 9643.
719 2540 816 2577 Quod
830 2540 898 2577 ipsa
911 2541 1053 2577 potentia
1066 2541 1181 2569 Divina
1189 2541 1228 2570 sit
1238 2550 1295 2578 per
1307 2538 1456 2569 Divinum
1470 2541 1590 2570 Verum
1602 2542 1777 2578 procedens

285 2598 305 2617 a
327 2588 444 2617 Divino
468 2587 622 2616 Humano
646 2587 784 2621 Domini,
801 2596 831 2616 n.
847 2587 935 2623 6948.
979 2587 1076 2623 Quod
1091 2587 1249 2622 “nubes‚''
1265 2587 1297 2616 in
1312 2587 1426 2624 quibus
1443 2588 1538 2616 Filius
1551 2588 1687 2616 hominis
1702 2597 1776 2617 ven-

285 2639 382 2669 turus,
398 2635 436 2663 sit
450 2635 593 2662 Verbum
614 2634 646 2662 in
667 2634 776 2668 littera,
793 2635 881 2670 quod
896 2638 942 2662 est
964 2634 1114 2663 Divinum
1128 2635 1249 2663 Verum
1270 2635 1302 2663 in
1323 2635 1434 2663 ultimo
1450 2635 1576 2668 ordinis,
1591 2635 1718 2672 praefat.
1734 2636 1775 2664 ad

285 2691 354 2720 cap.
377 2682 459 2711 xviii.
480 2682 585 2711 Genes.
602 2690 632 2711 n.
648 2681 737 2718 4060,
753 2690 842 2717 4391,
858 2688 947 2717 5922,
963 2681 1052 2718 6343,
1067 2682 1156 2718 6752,
1173 2683 1260 2719 8443,
1277 2684 1371 2718 8781:
1401 2687 1431 2711 et
1453 2683 1541 2719 quod
1563 2683 1714 2720 '‘gloria''
1737 2683 1774 2712 sit

284 2730 387 2767 ipsum
405 2729 555 2758 Divinum
566 2729 697 2762 Verum,
713 2729 806 2765 quale
821 2733 867 2757 est
881 2729 913 2756 in
928 2737 1022 2757 sensu
1030 2729 1128 2757 Verbi
1144 2729 1276 2763 interno,
1289 2738 1319 2758 n.
1333 2731 1422 2766 4809,
1434 2737 1523 2766 5922,
1534 2728 1656 2766 [2]8267,
1668 2731 1774 2767 9429).

284 2776 359 2817 Ex
385 2776 454 2817 his
480 2789 596 2816 nunc
624 2781 833 2816 constare
859 2782 1027 2829 potest,
1052 2776 1156 2829 quid
1183 2776 1460 2830 significatur
1485 2791 1563 2830 per
1588 2777 1699 2818 haec
1727 2777 1769 2821 in

218 2829 222 2833 ’
283 2839 323 2879 A
326 2838 569 2892 pocahtpsz,

351 2935 464 2967 “Vidi
481 2945 559 2967 cum
578 2945 657 2967 ecce
674 2936 786 2967 nubes
804 2936 904 2975 alba;
929 2941 964 2967 et
980 2945 1086 2976 super
1102 2937 1195 2967 nube
1211 2936 1341 2968 sedens
1358 2937 1484 2968 similis
1499 2936 1588 2968 Filio
1600 2936 1766 2970 hominis.

455 2979 592 3011 habens
609 2989 715 3020 super
730 2980 843 3020 capite
860 2989 925 3011 suo
942 2989 1111 3011 coronam
1129 2990 1272 3011 auream
1284 2980 1302 2991 ''
1318 2980 1402 3020 (xiv.
1426 2980 1498 3020 14);
