2060 3476
699 365 806 399 cAP.
827 365 916 406 111.‚
939 364 1078 397 VERs.
1102 364 1250 408 7.—N.
1275 365 1368 408 205.
1699 366 1783 408 299

286 482 512 524 charitate
535 494 643 535 erga
663 480 949 536 proximum;
982 478 1028 520 hi
1053 479 1156 534 quia
1178 479 1222 520 in
1244 478 1470 520 charitate
1493 491 1601 532 erga
1624 479 1780 532 proxi-

286 557 409 584 mum
434 550 556 592 sunt,
583 543 795 584 dicuntur
819 545 844 563 “
857 539 1042 582 Santstiff’
1090 551 1203 590 (Quod
1217 551 1283 580 duo
1298 560 1423 580 amores
1437 551 1498 580 sint
1513 551 1567 587 qui
1582 550 1700 580 faciunt
1712 560 1783 579 eae-

284 602 362 638 lum,
378 612 494 641 nempe
515 611 607 632 amor
626 601 659 631 in
680 601 858 631 Dominum
879 604 911 629 et
931 608 1022 629 amor
1035 608 1110 637 erga
1126 600 1307 638 proximum
1323 608 1379 628 seu
1394 599 1538 633 charitas,
1553 603 1585 628 et
1599 599 1687 636 quod
1708 599 1783 629 inde

285 648 363 677 caeli
378 647 516 677 distindti
529 648 592 677 sint
604 647 638 676 in
658 647 724 676 duo
738 654 846 683 regna,
861 654 978 683 nempe
998 645 1031 673 in
1044 654 1179 682 reg-num
1201 645 1335 674 caeleste
1356 650 1387 673 et
1408 644 1441 673 in
1462 653 1596 682 regumn
1611 644 1782 682 spirituale,

285 693 429 722 videatur
442 693 475 721 in
490 701 586 731 opere
601 692 652 721 De
670 692 760 721 Caelo
774 694 806 720 et
817 691 957 730 Inferna,
972 699 1004 720 n.
1022 698 1120 727 13-19
1135 694 1167 719 et
1180 699 1212 719 n.
1229 689 1354 727 20-28.)

364 758 497 803 205.
539 747 736 788 “uabens
785 747 940 788 clavem
981 745 1391 799 Bavidi3.''—Quod
1438 745 1663 799 significet
1710 744 1784 786 cui

283 811 479 863 potentia
503 816 571 851 est
586 816 675 863 per
695 808 912 850 Divinum
947 807 1122 857 Verum,
1150 814 1334 849 constat
1361 822 1421 848 ex
1447 803 1781 862 significatione

287 873 508 923 “clavis,”
547 873 667 928 quod
707 873 765 914 sit
806 873 1014 926 potentia
1053 871 1283 925 aperiendi
1323 878 1369 912 et
1411 871 1666 919 claudendi,
1708 870 1780 911 hic

286 937 462 979 caelum
504 943 550 979 et
592 936 839 987 infernum;
883 948 988 976 nam
1025 935 1240 989 sequitur,
1277 935 1521 988 “aperiens
1562 941 1609 975 et
1646 947 1782 975 nemo

284 999 471 1049 claudit,
499 1014 551 1041 ac
578 999 794 1041 claudens
821 1005 868 1040 et
900 1000 1035 1038 ner‘no
1061 998 1206 1051 aperit
1223 996 1258 1048 ;'’
1289 997 1394 1038 inde
1426 1011 1505 1051 per
1533 996 1780 1038 “clavem’‘

284 1063 356 1104 hic
378 1062 650 1116 intelligitur
671 1063 879 1116 potentia
900 1061 1106 1109 salvandi
1132 1059 1201 1115 (ut
1224 1074 1371 1114 supra,
1391 1074 1432 1101 n.
1458 1060 1547 1115 86),
1567 1062 1780 1115 quoniam

284 1127 456 1180 aperire
487 1126 663 1170 caelum
695 1132 742 1166 et
780 1124 991 1166 claudere
1027 1124 1248 1165 infernum
1280 1130 1350 1165 est
1387 1123 1589 1164 salvare:
1637 1130 1683 1164 et
1721 1138 1781 1164 ex

284 1190 704 1244 repraesentatione
737 1188 940 1237 Davidis,
974 1188 1094 1241 quod
1127 1188 1185 1228 sit
1219 1187 1440 1228 Dominus
1472 1187 1621 1240 quoad
1655 1187 1782 1227 Divi-

284 1266 391 1294 num
418 1252 602 1294 Verum.
665 1250 800 1305 Quod
826 1252 871 1292 in
894 1251 1050 1292 Verbo
1076 1264 1154 1304 per
1179 1249 1474 1306 “Davidem’'
1495 1249 1782 1303 intelligatur

285 1316 521 1364 Dominus,
564 1321 633 1356 est
675 1315 777 1369 quia
825 1328 904 1368 per
947 1327 1079 1367 reges
1125 1314 1169 1354 in
1210 1313 1366 1354 Verbo
1411 1320 1781 1366 repraesentatus

284 1385 355 1420 est
383 1379 604 1420 Dominus
630 1378 779 1432 quoad
807 1378 1021 1418 Divinum
1044 1377 1230 1426 Verum,
1256 1383 1302 1417 et
1329 1390 1408 1430 per
1433 1376 1695 1417 sacerdotes
1722 1377 1781 1417 ibi

285 1443 508 1483 Dominus
539 1442 688 1496 quoad
721 1441 934 1482 Divinum
961 1440 1151 1488 Bonum,
1180 1446 1227 1481 et
1259 1453 1337 1493 per
1368 1453 1523 1492 regem
1557 1439 1780 1481 Davidem

284 1506 516 1560 imprimis,
539 1506 642 1559 quia
668 1506 704 1545 is
731 1504 923 1545 multam
946 1516 1100 1544 curam
1119 1497 1182 1544 'de
1207 1503 1339 1544 rebus
1362 1502 1583 1543 ecclesiae
1605 1503 1780 1552 habuit,

285 1573 333 1608 et
358 1581 538 1621 quoque
561 1566 774 1608 Psalmos
796 1567 993 1619 scripsit.
1052 1576 1166 1615 (Quod
1179 1585 1237 1614 per
1252 1572 1269 1584 ‘¹
1284 1575 1402 1613 reges’'
1419 1575 1452 1604 in
1466 1576 1575 1605 Verbo
1589 1576 1784 1614 significetur

286 1631 438 1660 Divinum
457 1632 588 1666 Verum,
604 1635 635 1660 et
652 1640 710 1669 per
725 1627 960 1660 ‘'sacerdotes''
979 1630 1131 1659 Divinum
1152 1630 1290 1663 Bonum,
1310 1629 1454 1658 videatur
1472 1638 1577 1666 supra.
1597 1638 1628 1659 n.
1652 1629 1698 1670 31
1716 1639 1722 1665 ;
1751 1634 1783 1659 et

283 1679 448 1713 praeterea
460 1684 518 1713 per
532 1675 640 1704 omnia
654 1674 786 1703 nomina
800 1683 1007 1712 personarum
1022 1678 1053 1703 et
1067 1674 1212 1702 locorum
1227 1673 1260 1701 in
1274 1673 1383 1702 Verbo
1398 1673 1615 1710 significantur
1628 1682 1678 1702 res
1694 1674 1783 1711 spiri-

284 1725 395 1760 tuales.
415 1734 498 1763 quae
516 1730 590 1754 sunt
608 1733 658 1754 res
676 1725 828 1754 ecclesiae
847 1729 878 1753 et
897 1724 985 1758 caeli,
1006 1733 1037 1753 n.
1059 1724 1119 1765 19,
1139 1722 1201 1765 50,
1221 1722 1379 1761 102[a]).
1439 1711 1576 1764 Quod
1602 1712 1783 1753 dicatur

288 1776 499 1817 “habens
526 1775 702 1817 clavem
729 1774 956 1824 Davidis,‘’
982 1781 1053 1815 est
1085 1775 1188 1828 quia
1213 1788 1292 1827 per
1319 1774 1557 1823 Davidem,
1586 1781 1635 1815 ut
1662 1788 1780 1815 nunc

284 1838 455 1881 dietum
490 1845 576 1888 est,
609 1844 978 1893 repraesentatus
1014 1845 1085 1879 est
1123 1838 1344 1878 Dominus
1375 1838 1524 1891 quoad
1567 1838 1781 1878 Divinum

284 1902 471 1952 Verum,
495 1909 542 1944 et
565 1903 711 1943 omnis
734 1903 942 1956 potentia
964 1902 1008 1942 in
1031 1901 1167 1942 caelis
1194 1907 1240 1942 et
1263 1901 1308 1941 in
1334 1902 1464 1941 terris
1487 1906 1557 1941 est
1582 1901 1782 1942 Domino

284 1981 344 2008 ex
368 1966 535 2007 Divino
558 1965 687 2007 Bono
710 1979 788 2019 per
811 1965 1024 2006 Divinum
1042 1965 1240 2006 Verum:
1269 1965 1314 2005 in
1331 1977 1499 2017 genere
1517 1965 1636 2005 enim
1660 1965 1782 2005 bono

283 2030 453 2084 absque
475 2043 584 2070 vero
608 2042 699 2070 non
721 2035 791 2069 est
814 2028 964 2083 aliqua
982 2029 1204 2082 potentia,
1224 2041 1306 2068 nec
1325 2041 1432 2068 vero
1454 2027 1624 2081 absque
1643 2028 1780 2076 bono,

284 2106 390 2134 nam
416 2093 584 2133 bonurn
611 2093 707 2145 agit
735 2106 814 2146 per
838 2086 1020 2142 verum3
1053 2091 1157 2132 inde
1184 2097 1269 2139 est,
1298 2090 1419 2144 quod
1451 2090 1665 2131 Divinum
1692 2090 1782 2131 Bo-

285 2168 391 2197 num
428 2161 475 2196 et
514 2155 727 2196 Divinum
766 2154 937 2195 Verum
975 2155 1101 2195 unita
1138 2154 1389 2208 procedant
1427 2167 1453 2193 a
1487 2153 1700 2202 Domino,
1735 2160 1782 2194 et

284 2226 504 2274 quantum
530 2218 607 2260 illa
633 2217 907 2271 conjunctim
933 2219 1209 2272 recipiuntur
1234 2218 1292 2258 ab
1317 2216 1507 2270 angelis,
1533 2223 1713 2259 tantum
1738 2216 1783 2257 hi

285 2283 521 2336 potentiae
540 2283 644 2323 sint.
695 2280 807 2323 Inde
822 2295 939 2322 nunc
955 2288 1025 2322 est
1041 2281 1161 2335 quod
1176 2281 1352 2321 dicatur
1368 2280 1539 2321 “clavis
1558 2280 1784 2320 Davidis.”

286 2350 399 2388 (Quod
420 2349 524 2378 omnis
543 2349 685 2387 potentia
707 2349 746 2377 sit
766 2349 846 2377 veris
861 2357 900 2377 ex
921 2348 1019 2382 bono,
1042 2348 1187 2376 videatur
1207 2347 1239 2375 in
1261 2356 1357 2384 opere
1379 2347 1431 2375 De
1449 2347 1539 2376 Caelo
1554 2350 1585 2375 et
1598 2347 1737 2385 lnferno.
1753 2355 1785 2375 n.

285 2401 436 2436 228-233,
451 2398 507 2428 ubi
522 2399 631 2436 agitur
641 2399 691 2427 De
711 2398 858 2427 Potentia
870 2398 1070 2435 Angelorum
1090 2397 1188 2431 Caeli,
1205 2402 1235 2426 et
1254 2406 1385 2434 quoque
1399 2405 1430 2426 n.
1447 2404 1506 2434 539
1520 2396 1588 2435 ibi.)
1647 2385 1783 2438 Quod

285 2464 364 2504 per
399 2449 695 2490 “Davidem''
731 2450 776 2490 in
811 2449 968 2490 Verbo
1008 2448 1293 2501 intelligatur
1327 2447 1562 2495 Dominus,
1599 2453 1784 2488 constat

286 2513 524 2554 manifeste
545 2527 605 2554 ex
627 2512 895 2567 quibusdam
922 2512 1033 2553 locis
1055 2512 1128 2552 ubi
1155 2513 1415 2552 nominatur
1437 2511 1556 2565 apud
1584 2510 1784 2565 Prophe-

285 2583 358 2618 tas
375 2576 514 2618 z—Ut
540 2576 659 2630 apud
684 2575 971 2625 Ezechielem,

356 2681 379 2694 ⁴‘
391 2679 504 2711 Erunt
522 2679 613 2710 Mihi
630 2679 666 2710 in
684 2679 866 2720 populum,
885 2685 922 2711 et
939 2679 1016 2719 Ego
1033 2689 1095 2710 ero
1112 2679 1182 2710 illis
1199 2679 1235 2709 in
1255 2678 1383 2716 Deum,
1399 2685 1435 2710 et
1451 2689 1576 2710 servus
1594 2688 1695 2710 meus
1715 2678 1785 2709 Da-

459 2723 520 2755 vid
539 2723 615 2754 Rex
631 2733 738 2764 super
754 2733 829 2761 eos,
845 2728 884 2754 ut
897 2723 1024 2754 Pastor
1036 2732 1129 2754 unus
1146 2723 1192 2754 sit
1205 2723 1373 2754 omnibus
1387 2723 1457 2754 illis
1470 2734 1477 2755 ε
1488 2747 1495 2754 .
1510 2747 1518 2755 .
1532 2747 1539 2754 .
1554 2723 1782 2754 ‚habitabunt

460 2776 567 2807 super
585 2772 692 2799 terra.
705 2791 714 2799 .
727 2791 735 2798 .
750 2766 816 2798 ‚illi
839 2774 875 2798 et
891 2767 952 2798 filii
969 2766 1110 2799 illorum
1128 2772 1163 2798 et
1187 2766 1249 2798 filii
1273 2766 1426 2797 filiorum
1451 2767 1592 2798 illorum
1610 2776 1722 2807 usque
1747 2766 1783 2796 in

459 2816 644 2842 aeternum
659 2820 667 2848 ;
683 2815 719 2842 et
731 2809 848 2842 David
858 2820 983 2842 servus
993 2820 1094 2842 meus
1105 2810 1271 2851 princeps
1285 2810 1355 2842 illis
1366 2810 1403 2841 in
1415 2809 1624 2842 aeternum”
1635 2809 1782 2850 (xxxvii.

461 2855 583 2894 23-25)
597 2863 606 2893 ;

286 2946 406 3001 apud
430 2946 694 2995 Hosckeam,

355 3031 378 3045 ⁸⁴
390 3029 629 3062 Revertentur
645 3029 707 3061 filii
728 3029 881 3068 Israelis,
901 3036 937 3062 et
953 3036 1124 3072 quaerent
1140 3030 1317 3073 Jehovam
1345 3030 1460 3062 Deum
1478 3039 1594 3067 suum,
1615 3034 1650 3061 et
1675 3027 1786 3060 Davi·
