2060 3476
676 357 783 390 CAP.
808 357 874 398 11.,
898 356 1036 388 VERs.
1068 357 1237 388 12.—N.
1268 346 1432 402 131[a].
1723 347 1798 402 165

303 483 410 510 num
426 469 599 511 Verum
621 469 852 520 (videatur
863 482 1013 522 supra,
1028 482 1070 509 n.
1082 467 1175 522 63).
1215 479 1329 516 (Quod
1342 480 1502 508 Dominus
1514 480 1601 509 solus
1612 480 1644 509 in
1657 481 1803 510 tentatio-

300 532 394 566 nibus
408 536 539 569 pugnet,
555 536 586 560 et
599 531 677 560 nihil
690 531 799 565 homo¹
815 531 960 559 videatur
974 530 1007 558 in
1022 531 1183 559 Destrina
1196 531 1308 559 Novae
1322 531 1571 568 Hierosolymae,
1587 540 1618 560 n.
1636 532 1801 569 195-200.)

302 578 438 632 Quod
461 593 540 633 per
563 578 894 632 “romphaeam
907 578 927 593 '’
949 591 1028 619 seu
1053 582 1078 598 “
1091 577 1294 631 gladium
1306 577 1326 593 ”
1348 578 1627 631 significetur
1648 592 1802 632 pugna

300 643 394 683 veri
431 648 591 683 contra
629 642 805 690 salsum,
843 647 890 683 et
930 641 1030 682 falsi
1067 647 1228 682 contra
1263 655 1433 690 verum,
1472 647 1543 682 est
1580 643 1684 695 quia
1723 655 1802 695 per

304 706 495 747 “bella”
525 707 570 746 in
602 705 758 747 Verbo
789 704 1101 758 significantur
1136 704 1258 745 bella
1294 704 1557 758 spiritualia,
1591 718 1642 745 ac
1680 705 1802 745 bella

302 769 551 823 spiritualia
588 776 692 810 sunt
724 781 932 809 verorum
964 774 1125 809 contra
1160 767 1274 808 salsa
1305 781 1357 808 ac
1394 767 1608 808 falsorum
1640 775 1802 809 contra

302 847 434 883 vera;
467 839 514 874 et
537 834 640 887 quia
660 832 848 873 “bella”
870 833 914 872 in
933 831 1089 872 Verbo
1111 831 1222 872 talia
1244 831 1516 885 significant,
1536 832 1639 872 ideo
1661 833 1801 873 etiam

303 898 456 939 omnia
476 909 600 937 arma
621 895 742 945 belli,
763 897 878 936 sicut
898 895 1154 948 “gladius,”
1172 894 1384 943 “hasta‚''
1401 895 1608 944 “arcus‚”
1629 894 1800 944 “tela‚’'

305 963 330 978 ‘⁶
346 958 556 1012 clipeus,”
578 966 624 1000 et
656 959 797 1012 plura,
817 958 1076 1012 significant
1098 958 1248 1012 aliqua
1270 958 1484 1011 specialia
1506 972 1686 1012 pugnae
1709 960 1799 1012 spi-

303 1022 475 1063 ritualis
493 1037 502 1072 ;
536 1026 560 1042 ‘⁴
573 1022 751 1075 gladius
763 1022 783 1037 ''
797 1023 1027 1075 imprimis,
1044 1023 1147 1075 quia
1164 1023 1209 1062 in
1226 1021 1357 1062 bellis
1375 1028 1604 1075 pugnatur
1620 1021 1798 1075 gladiis.

303 1085 416 1122 (Quod
431 1089 447 1099 ‘¹
458 1085 567 1114 bella¹¹
583 1085 760 1122 significent
774 1094 898 1123 pugnas
913 1085 1098 1122 spirituales,
1110 1085 1255 1114 videatur
1269 1094 1300 1114 n.
1318 1085 1405 1122 1659.
1423 1085 1510 1122 1664,
1527 1087 1616 1122 8295,
1635 1092 1747 1122 10455;
1771 1090 1803 1114 et

301 1133 390 1169 quod
410 1132 484 1161 inde
505 1132 630 1170 singula
649 1141 738 1161 arma
758 1133 832 1162 belli
853 1132 1031 1170 significent
1051 1132 1172 1169 aliquid
1192 1141 1320 1170 pugnae
1341 1132 1518 1170 spiritualis,
1540 1141 1571 1162 n.
1592 1134 1680 1169 1788,
1696 1134 1800 1171 2686.)

304 1173 710 1233 Quod“‘gladius’'
732 1181 776 1220 in
799 1179 955 1221 Verbo
982 1179 1205 1233 significet
1228 1193 1383 1220 verum
1409 1193 1618 1234 pugnans
1640 1188 1801 1222 contra

301 1243 477 1292 falsum,
516 1257 567 1284 ac
601 1240 796 1284 fflfalsum
834 1250 996 1284 contra
1032 1256 1202 1291 verum,
1241 1257 1293 1284 ac
1331 1243 1435 1284 inde
1472 1244 1800 1297 dispersionem

301 1306 530 1354 salsorum,
549 1314 596 1347 et
619 1321 796 1360 quoque
819 1308 1126 1348 tentationem
1149 1306 1442 1360 spiritualem,
1461 1314 1673 1349 constare
1695 1315 1799 1361 pot-

301 1376 372 1412 est
403 1383 430 1410 a
461 1370 663 1424 plurimis
695 1369 806 1411 locis
837 1370 912 1419 ibi,
939 1383 1128 1424 quorum
1159 1369 1309 1424 aliqua
1340 1369 1411 1411 hic
1444 1370 1800 1412 confirmationis

301 1447 437 1474 causa
462 1434 507 1474 in
533 1433 739 1474 medium·
756 1433 912 1474 afferre
938 1433 1044 1474 volo
1061 1433 1199 1475 :—Ut
1225 1433 1345 1487 apud
1370 1433 1665 1484 Matthaeum,

307 1510 310 1514 ⁴
365 1522 470 1564 Jesus
486 1523 576 1607 ᾱίἰῑὶῐ
599 1523 644 1555 Se
662 1532 735 1554 non
753 1523 896 1555 venisse
911 1523 1053 1554 mittere
1071 1516 1195 1563 pacem
1213 1533 1320 1564 super
1333 1529 1477 1561 terram,
1494 1523 1557 1555 sed
1573 1524 1732 1564 gladium
1750 1524 1797 1563 (x.

478 1575 520 1606 34
546 1576 554 1605 ;

301 1663 380 1703 per
414 1649 685 1703 “gladium”
716 1650 775 1690 ibi
806 1650 1079 1704 intelligitur
1114 1651 1387 1691 tentationis
1423 1665 1576 1705 pugna
1595 1665 1605 1703 ;
1648 1665 1797 1702 causa,

301 1712 423 1766 quod
447 1713 512 1753 ita
537 1711 707 1753 dictum
733 1714 806 1762 sit,
835 1719 947 1762 erat,
975 1714 1079 1767 quia
1100 1713 1308 1754 homines
1334 1728 1389 1755 eo
1412 1721 1620 1768 tempore
1646 1716 1691 1756 in
1716 1715 1799 1756 fal-

301 1778 362 1817 sis
387 1782 532 1824 erant‚
561 1782 608 1817 et
642 1776 863 1817 Dominus
890 1777 1070 1818 detexit
1097 1791 1204 1818 vera
1234 1778 1463 1826 interiora,
1491 1784 1538 1819 et
1570 1778 1683 1819 falsa
1708 1792 1799 1819 non

301 1841 384 1880 nisi
421 1853 556 1893 quam
594 1854 674 1893 per
704 1853 880 1894 pugnas
911 1854 970 1881 ex
1002 1840 1071 1881 his
1103 1841 1219 1881 veris
1251 1847 1443 1894 possunt
1475 1841 1586 1895 ejici.
1659 1842 1798 1896 Apud

304 1902 480 1952 Lucam,

364 1992 470 2034 Jesus
479 1992 568 2035 dixit
577 1992 771 2033 discipulis,
787 1994 811 2008 “
823 1992 926 2024 Nunc
935 1993 995 2034 qui
1008 1993 1115 2025 habet
1129 2003 1336 2025 crumenam
1350 1984 1463 2032 tollat,
1479 1995 1644 2026 similiter
1653 2005 1774 2036 peram
1791 2005 1799 2035 ;

473 2036 533 2078 qui
545 2046 631 2068 vero
644 2046 717 2068 non
734 2037 853 2075 habet,
870 2038 1003 2069 vendat
1015 2038 1232 2069 vestimenta
1244 2048 1320 2076 sua,
1336 2044 1372 2070 et
1388 2046 1484 2070 emat
1496 2039 1654 2080 gladium
1666 2039 1684 2051 ''
1698 2039 1796 2080 (xxii.

475 2079 596 2120 35-38)
609 2090 617 2118 ;

299 2177 378 2218 per
417 2167 442 2184 “
455 2177 716 2205 crumenam
727 2163 747 2179 '’
793 2170 839 2206 et
888 2169 913 2185 “
926 2178 1080 2218 peram
1093 2165 1112 2180 ”
1158 2165 1471 2220 significantur
1510 2169 1798 2221 cognitiones

299 2226 570 2280 spirituales,
584 2228 648 2267 ita
661 2241 768 2268 vera
784 2241 794 2278 ;
822 2241 901 2280 per
915 2232 940 2248 ‘⁴
952 2228 1254 2270 vestimenta”
1266 2229 1579 2283 significantur
1590 2232 1769 2285 propria
1787 2246 1796 2283 ;

299 2297 346 2332 et
373 2304 452 2344 per
480 2293 506 2310 “
518 2290 721 2343 gladium
732 2290 752 2306 ”
778 2305 944 2345 pugna.
1006 2291 1146 2346 Apud
1173 2292 1437 2343 Jeremiam,

369 2381 392 2394 ⁸⁶
405 2379 531 2411 Gladie
548 2386 672 2411 contra
689 2379 890 2412 Chaldaeos
895 2406 987 2419 .....
996 2388 1031 2413 et
1055 2388 1181 2413 contra
1203 2382 1424 2415 habitatores
1442 2383 1598 2422 Babelis,
1615 2391 1651 2416 et
1675 2391 1801 2417 contra

473 2424 653 2464 principes
670 2423 748 2464 ejus
765 2430 801 2456 et
817 2432 943 2456 contra
959 2426 1142 2465 sapientes
1156 2426 1234 2466 ejus
1249 2436 1256 2463 ;
1281 2427 1400 2466 gladie
1413 2433 1539 2459 contra
1551 2429 1744 2461 mendaces
1760 2435 1800 2461 ut

473 2467 685 2499 stultescant
699 2477 707 2504 ;
723 2468 842 2508 gladie
855 2475 980 2500 contra
992 2469 1104 2501 fortes
1118 2469 1196 2510 ejus
1210 2476 1248 2502 ut
1261 2477 1539 2503 consternentur
1552 2481 1559 2510 ;
1583 2472 1701 2512 gladie
1714 2483 1800 2505 con-

474 2517 531 2542 tra
545 2521 656 2552 equos
680 2511 769 2552 ejus.
789 2518 825 2543 et
848 2519 974 2544 contra
989 2523 1112 2544 currus
1129 2513 1207 2554 ejus
1222 2523 1246 2552 ;.
1260 2539 1268 2546 .
1282 2538 1289 2546 .
1304 2539 1312 2546 .
1319 2515 1437 2555 gladie
1461 2522 1588 2547 contra
1610 2517 1799 2548 thesauros

474 2554 553 2595 ejus
584 2560 623 2586 ut
654 2555 888 2595 diripiantur;
924 2556 1066 2588 siccitas
1098 2567 1206 2597 super
1236 2567 1347 2599 aquas
1380 2558 1458 2599 ejus
1490 2565 1529 2591 ut
1557 2560 1799 2592 exarescant”

475 2598 511 2638 (1-
530 2598 673 2638 35-38);

299 2700 378 2740 per
413 2685 653 2739 “gladium
665 2684 685 2701 ’²
717 2686 776 2727 ibi
809 2685 1090 2739 significatur
1121 2687 1340 2741 dispersio
1372 2695 1418 2729 et
1444 2690 1646 2731 vastatio
1676 2691 1796 2741 veri;

300 2763 379 2803 per
416 2748 620 2803 singulos
657 2748 760 2789 illos
800 2750 919 2803 apud
960 2764 1073 2804 quos
1111 2752 1211 2800 erit,
1250 2758 1299 2792 ut
1341 2766 1420 2805 per
1460 2751 1797 2802 “Chaldaeos,”

302 2812 626 2853 “habitatores
685 2811 906 2861 Babelis,''
958 2814 1223 2867 “principes
1276 2821 1322 2856 et
1376 2816 1607 2869 sapientes
1664 2816 1797 2868 ejus,”

301 2875 628 2923 ⁴·‘mendaces,”
673 2875 890 2924 “fortes,”
935 2877 1154 2930 “equos,''
1198 2878 1429 2927 “currus,”
1477 2877 1796 2926 “thesauros,”

299 2932 610 2992 significantur
632 2938 696 2979 illi
718 2945 795 2979 aut
818 2938 895 2979 illa
917 2953 1031 2993 quae
1053 2940 1381 2991 vastabuntur;
1412 2947 1460 2982 ut
1484 2955 1563 2994 per
1583 2945 1608 2961 “
1624 2940 1796 2994 equos'’

299 3000 640 3050 intellectualia,
665 3015 744 3055 per
768 3005 958 3042 “currus
971 3002 990 3017 ’'
1013 3001 1294 3053 doctrinalia,
1318 3010 1364 3044 et
1388 3017 1466 3057 per
1487 3003 1764 3044 “thesauros
1776 3002 1796 3019 ’'
