2060 3476
328 358 418 422 652·
743 371 1073 405 APOCALYPSIS
1105 371 1403 405 EXPLICATA.

328 499 418 526 non
435 485 554 526 enim
576 484 808 538 patiuntur
825 490 873 525 ut
897 497 1024 525 mens
1046 496 1199 524 eorum
1221 497 1245 525 e
1267 483 1364 524 luce
1385 481 1578 523 naturali
1598 482 1643 523 in
1665 481 1811 524 lucem

328 547 606 601 spiritualem
623 546 850 598 elevetur;
877 547 961 587 hoc
980 542 1100 587 enim
1116 559 1300 598 aegrum
1322 545 1409 586 illis
1431 551 1516 594 est,
1536 559 1674 599 usque
1696 544 1811 587 adeo

327 616 375 651 ut
396 610 475 651 vix
498 610 751 650 sustineant
774 609 893 663 quod
915 608 1034 649 aliud
1058 608 1339 661 intelligatur
1361 620 1495 661 quam
1517 607 1636 661 quod
1658 606 1813 647 littera

325 673 371 713 in
394 686 473 713 suo
491 685 624 713 sensu
642 670 797 720 dic'tat,
817 677 864 713 et
886 670 1105 712 naturalis
1122 669 1259 711 homo
1277 671 1411 724 capit.
1473 669 1578 710 Non
1594 674 1698 710 sunt
1720 669 1812 709 dis·

326 734 494 775 similes
526 734 613 775 illis
643 734 799 793 avibus
825 748 938 788 quae
969 734 1014 774 in
1045 733 1244 774 obscuris
1265 733 1421 773 vident
1454 738 1500 773 et
1532 737 1737 780 cantant,
1765 737 1811 774 et

327 797 384 838 ad
416 796 561 838 lucem
588 797 674 838 diei
700 795 873 838 nictant
900 795 1040 837 oculis
1069 801 1115 836 et
1147 808 1302 849 parum
1326 795 1509 836 vident:
1543 794 1649 835 boni
1675 807 1734 835 ex
1759 794 1811 835 iis

327 866 432 900 sunt
463 859 550 900 illis
582 859 763 908 similes,
791 865 837 900 et
869 872 1045 912 quoque
1076 858 1270 912 piscibus
1300 857 1588 907 volantibus;
1626 861 1674 897 at
1705 855 1812 899 mali

327 921 444 962 illius
461 923 637 976 generis
656 927 759 963 sunt
778 921 946 962 similes
964 919 1137 962 noctuis
1155 926 1201 962 et
1217 920 1483 968 bubonibus,
1500 933 1614 973 quae
1632 932 1812 972 prorsus

326 983 500 1037 fugiunt
527 983 672 1025 lucem
695 984 795 1033 diei,
819 990 865 1024 et
893 989 998 1024 sunt
1024 982 1190 1024 similes
1215 983 1409 1036 piscibus
1431 983 1504 1036 qui
1531 995 1621 1022 non
1647 980 1812 1022 elevari

326 1053 515 1101 possunt
538 1047 582 1087 in
604 1059 753 1088 aerem
771 1047 875 1100 quin
894 1046 1223 1087 exanimentur.
1285 1044 1431 1086 Causa
1448 1051 1532 1093 est,
1552 1044 1672 1098 quod
1693 1043 1812 1097 apud

326 1110 469 1150 bonos
495 1109 612 1150 illius
638 1110 816 1162 generis
838 1109 1040 1150 internus
1062 1106 1302 1161 spiritualis
1329 1107 1466 1148 homo
1488 1106 1812 1160 aliquantisper

327 1172 513 1226 recipiat
536 1171 752 1212 influxum
775 1170 1053 1225 spiritualem
1079 1184 1103 1211 e
1129 1169 1270 1219 caelo,
1297 1175 1342 1210 et
1367 1169 1473 1210 inde
1494 1168 1688 1222 aliquam
1711 1182 1812 1222 per—

327 1236 584 1289 ceptionem
616 1235 735 1288 quod
766 1235 830 1275 ita
861 1234 934 1283 sit,
964 1234 1149 1274 tametsi
1181 1245 1271 1274 non
1302 1232 1486 1282 vident;
1519 1231 1638 1285 apud
1669 1230 1813 1272 malos

326 1305 478 1339 autem
496 1297 612 1338 illius
630 1298 807 1351 generis
825 1298 1027 1338 internus
1045 1295 1287 1350 spiritualis
1309 1295 1446 1335 homo
1464 1308 1644 1348 prorsus
1661 1293 1812 1335 occlu-

326 1375 399 1402 sus
430 1367 525 1402 est:
565 1367 634 1402 est
667 1361 785 1402 enirn
817 1360 955 1401 cuivis
987 1359 1125 1400 homo
1156 1359 1359 1400 internus
1391 1364 1437 1399 et
1469 1363 1701 1406 externus,
1735 1370 1813 1397 seu

326 1424 566 1479 spiritualis
589 1430 635 1465 et
658 1423 901 1474 naturalis;
934 1423 1137 1464 internus
1160 1435 1237 1463 seu
1259 1420 1502 1474 spiritualis
1529 1420 1666 1461 homo
1687 1420 1812 1461 videt

325 1502 384 1529 ex
408 1488 505 1529 luce
528 1486 654 1536 caeli,
677 1493 724 1528 at
747 1492 965 1528 externus
987 1499 1064 1526 seu
1086 1484 1304 1526 naturalis
1326 1484 1464 1525 homo
1485 1483 1610 1525 videt
1632 1497 1692 1524 ex
1714 1482 1813 1524 luce

327 1551 492 1592 mundi.

403 1629 536 1672 343.
574 1617 776 1658 “Sedenti
805 1630 930 1669 supet·
960 1616 1102 1657 throno
1133 1619 1177 1656 et
1205 1614 1550 1669 Ayno.''—Quod
1587 1613 1812 1667 significet

328 1678 599 1733 [Dominum]
619 1679 767 1732 quoad
777 1678 990 1719 Divinum
1003 1678 1172 1719 Bonum
1187 1684 1229 1718 et
1244 1676 1392 1730 quoad
1402 1675 1616 1716 Divinum
1641 1675 1810 1724 Verum,

325 1749 506 1784 constat
534 1757 593 1783 ex
625 1742 711 1783 illis
738 1756 850 1795 quae
877 1755 1009 1794 supra
1038 1739 1100 1794 (n.
1128 1739 1229 1794 297)
1258 1738 1378 1780 dicta
1403 1745 1450 1780 et
1481 1744 1666 1780 ostensa
1691 1744 1811 1786 sunt,

326 1819 486 1860 nempe
501 1806 620 1859 quod
635 1819 713 1859 per
729 1810 753 1825 “
767 1804 1004 1846 thronum”
1019 1803 1295 1857 significetur
1310 1802 1498 1850 caelum,
1515 1815 1593 1854 per
1610 1800 1812 1842 “Seden-

324 1876 418 1910 tem
458 1882 589 1922 super
629 1868 795 1909 throno
810 1867 829 1883 ’'
870 1868 1082 1908 Divinum
1125 1866 1300 1907 Bonum
1336 1865 1600 1919 procedenS,
1643 1870 1689 1905 et
1734 1878 1813 1918 per

326 1931 586 1985 “Agnum'’
613 1931 824 1972 Divinum
857 1930 1027 1972 Verum
1059 1930 1322 1984 procedens,
1351 1935 1588 1982 utrumque
1619 1927 1811 1981 implens

323 1994 473 2036 caelos
487 2001 533 2036 et
551 1994 717 2035 faciens
733 1994 847 2035 illos.
893 1993 1118 2046 Quoniam
1138 1993 1349 2033 Divinum
1370 1991 1543 2032 Bonum
1561 1990 1811 2044 procedens

322 2071 348 2098 a
385 2057 581 2098 Domino
613 2063 661 2098 ut
700 2056 804 2098 Sole
835 2057 1049 2110 recipitur
1079 2056 1136 2097 ab
1167 2055 1340 2108 angelis
1376 2055 1418 2094 in
1452 2053 1639 2094 caelesti
1668 2055 1811 2106 'regno

323 2120 481 2173 Ipsius,
498 2133 549 2160 ac
569 2120 780 2160 Divinum
797 2119 967 2160 Verum
982 2119 1039 2160 ab
1052 2118 1226 2172 angelis
1244 2119 1288 2158 in
1306 2115 1524 2171 spirituali
1538 2129 1693 2169 regno,
1709 2117 1811 2157 ideo

322 2185 530 2224 dicuntur
555 2183 657 2231 duo,
682 2195 844 2235 nempe
869 2181 1079 2222 “Sedens
1105 2194 1236 2234 super
1262 2180 1428 2222 throno
1441 2179 1460 2195 ’'
1484 2186 1530 2220 et
1556 2178 1758 2232 “Agnus
1776 2178 1811 2230 ;’'

322 2252 369 2287 at
387 2247 431 2286 in
449 2259 582 2286 sensu
599 2246 778 2285 interno
796 2258 873 2297 per
887 2250 1124 2298 utrumque
1142 2243 1411 2296 intelligitur
1426 2242 1638 2283 Divinum
1653 2254 1810 2294 proce-

322 2309 433 2350 dens
451 2322 509 2349 ex
529 2308 693 2348 Divino
714 2307 927 2348 Humano
946 2306 1141 2355 Domini,
1161 2306 1281 2359 quod
1305 2311 1374 2346 est
1399 2305 1611 2346 Divinum
1635 2303 1811 2345 Bonum

322 2372 495 2412 unitum
513 2371 678 2411 Divino
693 2369 830 2419 Vero,
847 2369 925 2410 sed
941 2369 1234 2422 distinguitur
1250 2369 1294 2409 in
1311 2369 1400 2409 duo
1417 2369 1461 2409 in
1479 2381 1612 2408 sensu
1630 2366 1810 2408 litterae

322 2440 506 2487 propter
530 2433 850 2486 receptionem.
913 2432 1124 2473 Divinum
1150 2431 1270 2485 quod
1301 2431 1409 2472 facit
1436 2430 1624 2478 caelum,
1652 2441 1704 2469 ac
1730 2428 1811 2470 dat

322 2496 495 2550 angelis
518 2502 564 2537 et
587 2495 842 2536 hominibus
864 2507 1079 2543 amorem,
1103 2493 1252 2542 fidem,
1277 2493 1546 2547 sapientiam
1569 2498 1615 2533 et
1641 2491 1809 2532 intelli-

322 2560 538 2612 gentiam,
568 2571 657 2598 non
683 2557 887 2611 procedit
914 2557 1176 2597 immediate
1201 2570 1261 2597 ex
1288 2556 1393 2609 Ipso
1420 2555 1584 2596 Divino
1610 2554 1808 2602 Domini,

323 2622 402 2662 sed
434 2635 512 2675 per
538 2621 749 2661 Divinum
777 2620 1037 2660 Humanum
1070 2619 1228 2672 Ipsius,
1256 2625 1302 2659 et
1335 2618 1420 2659 hoc
1454 2618 1665 2658 Divinum
1690 2616 1809 2670 quod

325 2684 529 2737 procedit
556 2690 625 2724 est
653 2682 842 2736 Spiritus
872 2680 1062 2723 sanstus
1092 2681 1317 2735 (videatur
1341 2695 1487 2735 supra,
1514 2694 1556 2721 n.
1588 2678 1712 2734 183);
1745 2680 1810 2720 ita

323 2746 668 2799 intelligendum
700 2751 770 2786 est
796 2745 916 2798 quod
947 2743 1153 2786 doctrina
1179 2744 1396 2785 ecclesiae
1422 2743 1571 2791 docet,
1599 2741 1719 2796 quod
1749 2755 1809 2782 ex

323 2810 456 2850 Patre
481 2808 697 2862 procedat
725 2807 878 2855 Filius,
902 2813 948 2848 et
974 2820 1052 2860 per
1075 2806 1238 2847 Filium
1264 2805 1454 2859 Spiritus
1481 2802 1686 2853 Sanctus
1711 2809 1807 2844 tum

324 2872 443 2926 quod
476 2871 687 2912 Divinum
719 2870 902 2910 Domini
927 2883 978 2910 ac
1013 2869 1273 2910 Humanum
1305 2869 1449 2922 Ipsius
1480 2881 1571 2908 non
1602 2867 1692 2908 sint
1718 2866 1808 2907 duo

323 2934 402 2976 sed
419 2935 548 2975 unica
566 2934 761 2974 Persona
778 2946 855 2973 seu
873 2946 983 2972 unus
1000 2931 1204 2974 Christus
1221 2945 1230 2972 :
1258 2931 1471 2972 Divinum
1489 2931 1607 2971 enim
1625 2929 1806 2970 Domini

324 3003 393 3039 est
420 2997 539 3051 quod
566 2996 808 3049 assumpsit
843 2995 1116 3045 Humanum,
1144 3000 1190 3037 et
1216 2994 1335 3048 quod
1366 2994 1468 3035 ideo
1497 2994 1598 3048 Ipse
1624 2992 1806 3034 vocavit
