2060 3476
697 338 805 372 CAP.
828 338 874 379 1.,
896 336 1035 369 vERS.
1056 335 1206 379 4.—N.
1230 337 1296 378 24.
1628 380 1632 384 .
1695 331 1746 376 25

258 461 444 497 aeterno
458 453 572 495 sicut
583 451 734 505 angeli
748 450 860 493 caeli
872 450 1091 503 cogitant,
1104 449 1326 503 potuisset
1338 447 1381 488 in
1396 445 1590 500 aliquam
1602 445 1749 486 ideam

258 519 351 572 ejus
372 518 537 566 venire,
561 523 607 558 et
630 517 691 557 sic
715 516 853 557 etiam
875 513 1259 568 comprehendere
1281 511 1386 566 quid
1409 517 1479 551 est
1500 509 1556 551 ab
1577 515 1752 550 aeterno

259 581 378 636 quod
393 578 668 634 significatur
682 593 761 633 per
776 578 880 632 “qui
896 577 1015 626 fuit,'’
1031 583 1127 618 tum
1142 575 1246 630 quid
1262 574 1573 629 praevidentia
1586 572 1752 613 Divina

259 645 379 699 quod
403 645 448 685 in
474 643 660 696 singulis
686 643 744 683 sit
769 641 826 683 ab
851 647 1052 689 aeterno,
1080 646 1126 681 et
1149 639 1252 693 quid
1278 637 1562 692 providentia
1588 636 1752 676 Divina

259 708 379 762 quod
401 709 445 748 in
471 706 658 760 singulis
684 706 741 746 sit
767 706 811 746 in
833 710 1094 754 aeternum;
1127 702 1314 756 proinde
1339 700 1460 754 quod
1491 698 1700 754 quicquid
1726 713 1753 739 a

262 771 458 812 Domino
489 769 694 824 procedit
724 769 783 809 sit
822 768 880 808 ab
915 773 1104 808 aeterno
1139 766 1184 805 in
1216 770 1464 812 aeternum,
1497 769 1544 804 et
1575 763 1659 803 nisi
1689 762 1754 802 ita

261 841 397 883 esset,
430 847 520 874 non
552 832 817 873 subsisteret
849 829 1024 871 caelum
1056 835 1102 870 et
1134 828 1403 868 universum.
1463 825 1554 867 Sed
1589 826 1634 866 in
1665 825 1751 866 hoc

260 910 471 939 arcanum
494 896 678 937 ulterius
699 894 922 949 progredi,
942 892 1142 934 nondum
1159 897 1292 932 vacat
1310 904 1319 941 3
1352 889 1621 939 (videatur'modo
1635 899 1754 936 aliquid

260 972 301 1001 de
321 980 361 1000 eo
381 971 414 1000 in
435 979 532 1008 opere
554 970 604 999 Dc
624 969 714 999 Caelo
734 971 766 998 et
784 968 922 1007 Inferna,
944 976 975 997 n.
1000 966 1090 1004 167;)
1123 955 1185 996 'id
1226 954 1363 995 modo
1398 952 1643 994 SCiendum-
1666 958 1751 1001 est,

260 1022 381 1077 quod
407 1021 550 1062 simile
575 1020 857 1073 intelligatur
882 1033 961 1073 per
988 1016 1279 1067 “Jelzovam'‘
1301 1016 1422 1071 quod
1447 1029 1526 1069 per
1544 1016 1656 1069 “qui
1682 1021 1753 1056 est

260 1086 334 1140 qui
355 1085 435 1126 fuit
457 1091 503 1125 et
526 1084 599 1138 qui
621 1089 834 1124 venturus
852 1082 885 1133 ;''
907 1082 1118 1136 quoniam
1138 1084 1163 1102 “
1177 1080 1285 1129 est,''
1302 1079 1423 1134 quod
1445 1085 1514 1120 est
1529 1078 1752 1127 Jelmvalc,

259 1148 449 1190 involvit
474 1147 750 1201 praecedens
771 1145 891 1207 quod
918 1152 987 1186 est
1012 1149 1037 1165 “
1053 1145 1126 1198 qui
1152 1143 1273 1193 fuit,”
1296 1149 1342 1184 et
1364 1155 1540 1196 quoque
1562 1141 1753 1182 involvit

259 1213 452 1254 futurum
479 1210 600 1264 quod
631 1215 701 1250 est
729 1209 844 1263 “qui
874 1207 1129 1256 venturus,'’
1154 1208 1219 1248 ita
1249 1205 1474 1260 significat
1499 1204 1555 1246 ab
1580 1211 1755 1245 aeterno

258 1275 305 1317 in
326 1281 562 1316 aeternum.
623 1272 759 1326 Quod
783 1276 892 1313 “est
904 1271 923 1287 ''
945 1270 1168 1324 significet
1194 1270 1251 1311 ab
1277 1276 1478 1317 aeterno,
1501 1269 1639 1309 etiam
1671 1282 1754 1309 no-

260 1345 356 1380 tum
378 1343 447 1378 est
469 1337 514 1377 in
535 1336 643 1378 orbe
665 1335 923 1377 Christiano
944 1348 1004 1375 ex
1024 1333 1211 1375 Psalmo
1232 1333 1433 1380 Davidis‚
1457 1332 1531 1372 ubi
1553 1332 1730 1380 dicitur,

328 1433 597 1466 “Annuntiabo
621 1432 665 1463 de
689 1437 836 1469 statuto,
862 1429 1025 1472 Jehovah
1048 1429 1136 1462 dixit
1159 1430 1204 1461 ad
1230 1429 1302 1468 Me,
1323 1428 1432 1461 Filius
1456 1438 1558 1460 meus
1582 1428 1648 1466 Tu,
1678 1427 1754 1468 Ego

432 1477 539 1509 hodie
554 1476 662 1517 genui
679 1475 732 1507 Te
742 1474 760 1487 ”
777 1475 826 1516 (ii.
844 1474 877 1515 7)
890 1484 898 1514 ;

260 1568 397 1608 scitur
422 1565 542 1620 quod
568 1579 622 1606 ea
647 1565 703 1606 de
730 1565 927 1606 Domino
953 1562 1203 1613 di&a‚sint‚
1228 1569 1274 1605 et
1300 1562 1420 1617 quod
1442 1576 1521 1616 per
1548 1562 1720 1603 “hodie
1735 1561 1754 1576 ’'

259 1630 542 1684 intelligatur
572 1629 629 1670 ab
659 1634 859 1670 aeterno.
920 1638 1033 1677 (Quod
1057 1638 1151 1667 etiam
1174 1636 1296 1667 '‘cras'’
1318 1637 1351 1666 in
1371 1637 1490 1671 Verbo,
1512 1636 1567 1666 ubi
1591 1636 1695 1674 agitur
1714 1637 1756 1665 de

261 1697 411 1731 Domino,
424 1696 576 1734 significet
589 1695 622 1724 in
632 1695 961 1730 aeternum‚videatur
971 1703 1002 1724 n.
1015 1694 1119 1732 3998.)
1165 1682 1299 1736 Quod
1324 1687 1349 1703 ‘⁶
1362 1684 1435 1737 qul
1457 1690 1541 1733 est,
1561 1683 1635 1736 qui
1656 1682 1752 1730 fuit,

260 1756 307 1791 et
338 1750 411 1803 qui
432 1754 647 1789 venturus
662 1747 681 1763 ’'
703 1748 841 1788 etiam
864 1746 1087 1800 significet
1113 1760 1247 1788 omne
1269 1748 1313 1787 in
1336 1747 1541 1787 omnibus
1568 1745 1681 1786 caeli
1706 1752 1753 1786 et

260 1813 493 1860 ecclesiae,
520 1818 590 1853 est
621 1811 724 1865 quia
754 1810 978 1864 significat
1009 1817 1243 1852 aeternum
1261 1825 1270 1861 ;
1313 1824 1366 1851 ac
1397 1816 1631 1850 aeternum
1662 1823 1752 1850 non

260 1877 347 1917 alia
363 1889 474 1916 voce
496 1876 540 1916 in
562 1874 690 1915 caelo
712 1874 903 1927 exprimi
924 1879 1078 1927 potest
1096 1887 1229 1927 quam
1252 1887 1331 1927 per
1348 1873 1585 1913 Divinum:
1619 1886 1755 1913 causa

260 1946 344 1989 est,
367 1940 469 1993 quia
490 1938 710 1979 infinitum
742 1939 786 1978 in
817 1938 965 1979 ideam
991 1938 1259 1991 angelicam,
1283 1943 1328 1978 et
1355 1938 1500 1978 minus
1532 1937 1677 1977 adhuc
1709 1937 1752 1976 in

260 2004 516 2051 humanam,
540 2015 631 2043 non
662 2008 816 2055 potest
848 2001 1037 2042 cadere:
1080 2015 1132 2042 ac
1164 2008 1398 2042 aeternum
1429 2007 1500 2041 est
1531 1999 1752 2041 infinitum

259 2066 448 2107 existere
463 2079 521 2106 ex
539 2064 714 2106 infinito
730 2079 854 2112 esse,·
879 2065 959 2105 sed
981 2065 1066 2106 hoc
1085 2064 1230 2105 solum
1248 2065 1369 2105 cadit
1391 2065 1435 2104 in
1452 2064 1614 2113 ideam,
1633 2063 1753 2117 quod

260 2136 507 2176 aeternum,
540 2128 660 2182 quod
691 2134 761 2169 est
794 2128 1006 2168 Divinum
1037 2128 1187 2181 quoad
1218 2128 1430 2176 existere,
1458 2127 1516 2168 sit
1548 2140 1683 2167 omne
1708 2127 1752 2167 in

260 2192 466 2233 omnibus
488 2191 601 2232 caeli
622 2197 668 2232 et
691 2190 934 2242 ecclesiae;
962 2191 1215 2232 universum
1234 2192 1353 2231 enim
1371 2190 1546 2232 caelum
1568 2203 1658 2230 non
1682 2197 1753 2231 est

261 2255 435 2305 caelum
457 2269 516 2296 ex
539 2255 718 2308 proprio
740 2254 1018 2307 angelorum,
1042 2255 1121 2295 sed
1148 2269 1206 2295 ex
1235 2254 1400 2295 Divino
1427 2253 1635 2304 Domini;
1669 2267 1751 2294 nec

261 2318 452 2359 ecclesia
477 2324 547 2359 est
578 2317 770 2359 ecclesia
800 2332 859 2358 ex
891 2318 1071 2371 proprio
1106 2318 1352 2365 hominum,
1385 2317 1465 2358 sed
1496 2330 1555 2357 ex
1588 2316 1754 2357 Divino

264 2381 470 2432 Domini;
497 2394 631 2422 omne
653 2381 772 2422 enim
790 2381 956 2421 bonurn
974 2381 1137 2422 amoris
1160 2387 1205 2422 et
1223 2394 1376 2422 verum
1395 2379 1497 2421 fidei
1518 2386 1588 2421 est
1610 2394 1636 2421 a
1658 2380 1753 2421 Do-

264 2444 398 2492 mino,
426 2457 478 2484 ac
509 2444 676 2485 bonum
709 2444 873 2484 amoris
904 2450 951 2484 et
977 2457 1132 2485 verum
1163 2443 1266 2485 fidei
1300 2444 1469 2484 faciunt
1501 2443 1675 2484 caelum
1707 2451 1754 2485 et

264 2506 529 2547 ecclesiam:
572 2506 723 2559 angeli
753 2512 800 2547 et
825 2506 1029 2547 homines
1061 2513 1166 2548 sunt
1192 2507 1329 2548 modo
1354 2507 1665 2560 receptiones;
1707 2514 1754 2547 et

263 2576 481 2623 quantum
507 2570 741 2623 recipiunt,
768 2576 948 2611 tantum
974 2570 1017 2610 in
1043 2569 1130 2610 illis
1162 2570 1337 2611 caelum
1368 2576 1415 2611 et
1447 2569 1640 2611 ecclesia
1670 2576 1754 2610 est.

264 2634 343 2671 (Sed
363 2634 442 2663 haec
456 2634 598 2671 pluribus
612 2635 764 2664 illustrata
777 2635 943 2664 videantur
957 2635 989 2664 in
1003 2644 1099 2673 opere
1114 2636 1166 2664 De
1183 2636 1274 2665 Caelo
1287 2638 1319 2664 ct
1331 2635 1470 2674 Inferna,
1485 2644 1517 2665 n.
1532 2643 1622 2672 7—12,
1637 2635 1692 2664 ubi
1707 2644 1757 2664 os-

263 2681 403 2710 tenditur
416 2681 504 2718 quod
520 2681 671 2710 Divinum
686 2682 817 2711 Domini
834 2682 926 2711 faciat
940 2682 1080 2717 caelum:
1109 2687 1140 2711 et
1161 2683 1249 2720 quod
1271 2682 1423 2711 Divinum
1437 2683 1527 2720 quod
1546 2682 1619 2711 facit
1633 2682 1756 2711 caelum

262 2728 302 2757 sit
317 2727 468 2757 Divinum
485 2728 684 2763 Humanum,
699 2729 788 2766 quod
801 2733 848 2758 αεὶ
862 2729 1014 2758 Divinum
1030 2729 1171 2758 Existere
1185 2738 1225 2758 ex
1239 2729 1356 2759 Divino
1371 2729 1459 2764 Esse,
1473 2738 1505 2759 n.
1520 2728 1646 2767 78-86.)

343 2786 435 2831 24.
473 2776 559 2816 “Et
576 2790 601 2816 a
621 2780 775 2829 septem
808 2777 1258 2837 spiritibqs.''-—Quod
1279 2777 1510 2831 significet
1532 2777 1756 2818 Divinum

264 2837 311 2878 in
339 2837 482 2887 Caelo,
506 2844 688 2879 constat
709 2852 768 2879 ex
786 2838 1114 2892 significatione
1138 2844 1162 2859 ‘⁴
1179 2839 1394 2892 septem,”
1411 2839 1530 2893 quod
1549 2839 1637 2879 sint
1660 2837 1755 2891 ple-

267 2914 388 2950 num,
416 2908 462 2943 et
493 2901 598 2942 inde
630 2915 800 2950 omneS,
827 2908 874 2943 et
905 2902 1026 2956 quod
1057 2902 1264 2943 dicantur
1295 2903 1351 2943 de
1383 2900 1550 2943 sanctis
1582 2901 1755 2942 Divinis

267 2978 382 3018 quae
418 2964 668 3018 procedunt
708 2978 734 3005 a
766 2964 963 3006 Domino
997 2964 1073 3019 (de
1104 2979 1191 3019 qua
1222 2979 1366 3019 supra,
1394 2978 1435 3005 n.
1469 2963 1575 3018 20);
1618 2969 1664 3005 et
1696 2976 1755 3004 ex
