2060 3476
313 336 370 377 26
414 380 418 384 ,
725 343 1058 376 APOCALYPSIS
1089 343 1387 377 EXPLICATA.

313 457 642 512 significatione
669 459 976 512 “spirituum,”
998 459 1117 513 quod
1138 460 1228 501 sint
1254 460 1315 501 illi
1341 474 1399 501 ex
1426 459 1585 514 quibus
1610 459 1783 501 caelum

314 535 418 562 nam
454 535 626 571 ornneS,
651 521 713 562 illi
749 528 969 563 vocantur
1008 523 1186 576 spiritus
1227 523 1326 572 Dei,
1359 523 1569 576 quoniam
1601 522 1799 578 ‘Spiritus

315 585 399 625 Dei
421 591 490 626 est
514 585 724 625 Divinum
743 585 1005 638 procedens,
1018 599 1094 626 seu
1117 586 1326 627 Divinum
1341 585 1511 627 Verum
1530 586 1701 626 unitum
1720 585 1799 625 Di-

314 649 419 688 vino
446 647 574 688 Bono
599 648 642 688 in
669 647 795 688 caelo
821 654 868 688 et
895 648 939 688 in
965 648 1156 689 ecclesia
1181 658 1236 697 (de
1249 668 1314 696 qua
1327 658 1481 698 n.9818)‚
1509 659 1560 689 ac
1588 648 1800 689 Divinum

315 710 563 764 procedens
586 724 662 751 seu
685 710 895 751 Divinum
913 710 1083 751 Verum
1105 712 1278 752 unitum
1301 712 1465 753 Divino
1489 711 1617 752 Bono
1637 711 1801 752 format

315 780 360 814 et
379 779 501 814 creat
519 772 744 826 angelum,
763 773 826 813 ita
842 773 946 814 facit
968 773 1094 814 illum
1110 774 1354 815 secundum
1371 773 1505 828 quale
1521 780 1567 815 et
1584 780 1800 827 quantum

315 837 585 894 recepthfllS
612 846 661 884 (ut
675 850 836 875 ostensum
850 845 994 876 videatur
1006 846 1038 875 in
1053 855 1149 885 opere
1163 848 1215 877 De
1232 849 1323 878 Caelo
1337 851 1368 877 et
1380 848 1517 887 Inferno,
1533 857 1564 877 n.
1579 847 1673 885 7-12)
1689 850 1698 877 :
1742 851 1800 877 ex

314 900 472 953 quibus
498 906 640 953 patet,
664 900 783 953 quod
809 913 888 953 per
915 903 1128 954 “septem
1160 900 1376 954 spiritus‚'’
1402 901 1459 942 de
1489 901 1646 954 quibus
1677 899 1803 953 plura

316 963 522 1003 dicentur
545 963 590 1003 in
616 963 918 1016 sequentibus,
943 976 1032 1004 non
1066 963 1376 1017 intelligantur
1401 970 1576 1018 septem
1608 963 1801 1016 spirituS‚

316 1025 395 1066 sed
421 1039 578 1067 omnes
603 1025 646 1066 in
673 1025 826 1076 caelo;
859 1026 973 1067 sicut
999 1039 1077 1080 per
1096 1030 1317 1080 “septem
1342 1025 1604 1067 Ecclesias''
1622 1039 1712 1067 non
1734 1027 1801 1067 in-

302 1088 582 1141 telliguntur
599 1095 773 1142 septem
796 1088 1026 1137 ecclesiae,
1045 1089 1124 1130 sed
1147 1103 1303 1131 omnes
1320 1092 1393 1143 qui
1414 1090 1457 1130 in
1474 1090 1588 1130 veris
1606 1103 1665 1130 ex
1681 1089 1803 1129 bono

318 1158 435 1198 sunt,
463 1165 540 1191 seu
566 1152 639 1204 qui
664 1151 721 1192 ab
747 1151 936 1192 ecclesia
965 1150 1040 1205 (de
1065 1165 1153 1205 qua
1177 1166 1224 1193 re
1250 1166 1395 1206 supra,
1419 1166 1460 1193 n.
1485 1151 1573 1205 20).
1634 1151 1708 1192 Ex
1734 1150 1802 1192 his

317 1212 558 1255 intelleffls
590 1219 718 1266 patet
749 1226 974 1262 arcanum,
1002 1215 1106 1268 quid
1138 1214 1404 1268 intelligitur
1434 1228 1513 1268 per
1544 1214 1802 1267 “jehovam

319 1277 464 1317 Deum
477 1276 496 1291 ’⁹
513 1277 557 1317 in
576 1276 731 1317 Verbo
749 1290 757 1327 ;
790 1277 910 1330 quod
933 1290 1097 1331 nempe
1121 1290 1199 1331 per
1217 1276 1504 1330 “Jehovam”
1525 1276 1804 1330 intelligatur

319 1340 528 1380 Divinum
552 1339 679 1387 Esse,
707 1346 753 1380 et
779 1353 858 1393 per
881 1340 1096 1381 “Deum'’
1118 1340 1328 1381 Divinum
1355 1340 1567 1380 Existere
1592 1340 1634 1380 in
1662 1339 1802 1380 caelo.

319 1401 453 1455 Quod
480 1402 690 1443 Divinum
716 1402 837 1456 quod
863 1402 1130 1456 intelligitur
1155 1417 1233 1457 per
1260 1406 1285 1424 “
1304 1403 1450 1444 Deum
1463 1402 1482 1418 ”
1508 1403 1565 1443 sit
1593 1402 1802 1443 Divinum

320 1466 534 1506 Existere
565 1466 608 1506 in
639 1465 779 1514 caelo,
814 1472 882 1506 est
920 1466 1022 1519 quia
1053 1466 1264 1507 Divinum
1296 1466 1355 1506 ibi
1391 1471 1461 1506 est
1497 1466 1540 1506 in
1581 1465 1802 1518 pluribus;

317 1529 419 1570 ideo
441 1529 484 1569 in
507 1527 659 1580 lingua
683 1527 893 1568 Hebraea
918 1528 1040 1569 Deus
1066 1535 1253 1570 vocatur
1272 1528 1525 1577 “El0h2·m,”
1547 1529 1590 1568 in
1618 1527 1802 1581 plurali;

318 1605 369 1632 ac
402 1591 503 1632 ideo
534 1590 685 1644 angeli
710 1597 929 1632 vocantur
956 1592 1055 1632 “dii
1074 1591 1107 1642 ;”
1139 1605 1229 1632 non
1262 1591 1380 1645 quod
1411 1591 1474 1631 illi
1506 1591 1594 1632 sint
1626 1591 1699 1640 dii,
1725 1590 1804 1631 sed

319 1655 422 1709 quia
458 1654 670 1695 Divinum
707 1654 903 1703 Domini,
941 1655 1061 1709 quod
1098 1662 1169 1697 est
1205 1656 1249 1696 in
1286 1654 1386 1704 illis,
1419 1654 1686 1707 intelligitur
1725 1667 1805 1708 per

321 1721 330 1737 ‘
338 1721 346 1737 ‘
364 1716 546 1758 Deum.”
605 1727 718 1765 (Quod
731 1727 763 1756 in
772 1727 880 1757 Verbo
888 1728 1035 1767 Jehovah
1050 1728 1172 1758 dicatur
1182 1729 1223 1758 ab
1234 1737 1301 1758 esse
1312 1737 1367 1758 seu
1377 1728 1518 1762 essentia,
1529 1732 1560 1756 et
1575 1727 1663 1757 Deus
1677 1728 1718 1756 ab
1729 1728 1808 1757 exis-

319 1781 383 1806 tere
397 1785 454 1805 seu
468 1776 639 1810 existentia,
650 1775 793 1804 videatur
802 1784 832 1804 n.
843 1784 911 1812 300,
922 1784 1011 1812 3910,
1021 1775 1110 1812 6905.
1139 1776 1237 1812 Quod
1251 1775 1344 1805 etiam
1361 1775 1511 1804 Divinum
1523 1775 1599 1803 Esse
1608 1774 1646 1803 sit
1656 1774 1806 1803 Divinum

321 1824 456 1858 Bonum,
466 1827 497 1852 et
505 1823 594 1860 quod
604 1822 755 1851 Divinum
766 1822 906 1851 Existere
915 1822 953 1851 sit
964 1822 1113 1851 Divinum
1122 1823 1252 1856 Verum,
1261 1831 1292 1852 n.
1301 1822 1389 1859 3061,
1398 1822 1487 1856 6280,
1495 1822 1585 1856 6880,
1594 1821 1682 1858 6905,
1693 1828 1805 1858 10579;

318 1875 350 1899 et
363 1870 395 1899 in
409 1878 533 1907 genere,
548 1869 636 1906 quod
652 1869 774 1898 bonum
788 1869 827 1899 sit
841 1878 917 1904 esse,
933 1874 964 1898 et
978 1878 1087 1898 verum
1105 1869 1143 1898 sit
1164 1869 1295 1898 existere
1315 1869 1398 1903 inde,
1413 1878 1444 1900 n.
1461 1875 1550 1906 5002.
1593 1868 1691 1904 Quod
1704 1867 1807 1905 angeli

318 1917 463 1947 dicantur
473 1919 490 1931 ‘¹
501 1916 543 1946 dii
552 1916 569 1925 ”
580 1925 620 1945 ex
634 1916 812 1954 receptione
828 1916 933 1945 Divini
945 1916 1019 1946 Veri
1033 1916 1232 1954 procedentis
1246 1925 1267 1945 a
1280 1915 1396 1945 Divino
1412 1916 1504 1945 Bono
1519 1914 1658 1949 Domini,
1673 1923 1705 1944 n.
1717 1921 1806 1951 4295,

318 1973 408 2001 4402,
423 1963 512 2000 7268.
523 1965 613 2000 7873,
626 1964 714 1999 8301,
727 1964 815 2000 8192.
852 1963 893 1992 Et
907 1964 995 2001 quod
1010 1963 1161 1993 Divinum
1172 1963 1292 1992 Verum
1306 1962 1429 1992 unitum
1442 1962 1559 1991 Divino
1571 1962 1663 1991 Bono
1673 1961 1705 1990 in
1719 1961 1808 1990 melo

319 2020 384 2041 una
397 2020 475 2040 voce
489 2011 611 2040 dicatur
625 2010 775 2039 Divinum
790 2011 920 2045 Verum,
936 2011 968 2040 in
983 2020 1079 2048 opere
1093 2011 1145 2040 De
1162 2011 1254 2041 Caelo
1267 2013 1299 2039 et
1310 2010 1447 2049 Inferna,
1463 2018 1494 2040 n.
1512 2018 1558 2047 13,
1576 2017 1643 2046 133,
1655 2007 1772 2047 [¹1140.)

397 2085 487 2130 25.
525 2074 633 2121 “Oui
641 2078 739 2116 sunt
754 2074 794 2115 in
810 2078 1030 2128 conspectu
1045 2075 1182 2116 thr-oni
1195 2073 1562 2128 Ipsius.''—Quod
1583 2071 1805 2126 significet

314 2137 618 2190 praesentiam
665 2143 707 2178 et
747 2137 1092 2190 providentiam,
1140 2143 1322 2178 constat
1366 2151 1425 2178 ex
1478 2135 1805 2189 significatione

322 2203 348 2221 ‘⁴
365 2198 672 2253 conspe&us‚‘’
703 2201 775 2254 qui
802 2214 860 2241 ex
884 2200 1062 2250 Divino,
1090 2201 1210 2255 quod
1241 2201 1299 2241 sit
1330 2199 1598 2254 praesentia,
1625 2204 1672 2239 et
1703 2197 1806 2238 inde

321 2263 603 2316 providentia
627 2262 703 2316 (de
724 2277 811 2316 qua
833 2262 1049 2317 sequitur)
1071 2277 1081 2314 ;
1114 2270 1160 2304 et
1182 2277 1241 2304 ex
1267 2261 1595 2316 significatione
1619 2260 1806 2302 “throni

323 2326 446 2375 Dei,''
477 2325 596 2379 quod
628 2326 685 2366 sit
722 2325 932 2366 Divinum
960 2326 1130 2366 Verum
1162 2326 1412 2379 procedens
1443 2338 1469 2365 a
1500 2324 1711 2371 Domino,
1744 2323 1808 2363 ita

323 2388 496 2430 caelum
533 2388 635 2442 quia
674 2394 744 2429 est
784 2388 1118 2441 receptaculum
1151 2398 1205 2437 (de
1226 2407 1291 2436 qua
1310 2407 1341 2428 n.
1358 2396 1482 2435 1215313‚
1504 2395 1610 2435 6397).
1673 2384 1806 2438 Quod

323 2449 530 2505 aspectus
567 2452 624 2492 sit
661 2452 927 2505 praesentia,
961 2457 1030 2492 est
1071 2452 1173 2505 quia
1211 2465 1290 2506 per
1320 2449 1550 2505 aspectum
1587 2455 1633 2490 et
1664 2449 1806 2489 visum

326 2513 603 2567 significatur
633 2512 890 2555 intellectus
922 2520 967 2555 et
1004 2514 1108 2555 inde
1141 2515 1374 2567 cogitatio,
1402 2519 1448 2555 et
1489 2514 1534 2554 in
1574 2509 1807 2553 intellectu

323 2577 495 2618 sistitur
525 2590 659 2618 omne
696 2590 908 2630 praesens
949 2577 1069 2631 quod
1111 2577 1350 2630 cogitatur.
1425 2576 1536 2617 Inde
1577 2581 1647 2616 est
1687 2574 1806 2628 quod

322 2640 368 2681 in
416 2640 584 2681 mundo
633 2640 848 2694 spirituali
896 2646 1143 2693 appareant
1191 2646 1452 2693 praesentes
1501 2651 1602 2680 cum
1649 2637 1807 2692 quibus

323 2702 439 2743 alter
469 2703 694 2744 desiderat
725 2702 859 2757 loqui,
886 2703 1023 2744 modo
1053 2702 1246 2756 aliquam
1277 2703 1423 2743 ideam
1455 2716 1514 2742 ex
1539 2701 1635 2741 visu
1666 2700 1722 2740 de
1753 2712 1807 2739 eo

323 2766 367 2806 in
398 2766 567 2806 mundo
598 2766 828 2815 habuerat,
861 2766 1075 2819 imprimis
1106 2766 1142 2806 si
1177 2772 1393 2819 uterque;
1435 2765 1541 2805 inde
1572 2770 1657 2812 est,
1685 2762 1806 2816 quod

323 2828 454 2869 amici
484 2828 544 2869 ibi
574 2829 860 2877 conveniant,
894 2835 940 2869 et
970 2842 1152 2882 quoque
1182 2842 1348 2869 uxores
1380 2834 1425 2869 et
1457 2827 1629 2868 mariti:
1672 2838 1808 2866 causa

324 2898 408 2941 est,
435 2892 537 2946 quia
562 2892 680 2932 visus
706 2893 921 2941 internus,
950 2892 1024 2945 qui
1049 2898 1118 2932 est
1144 2889 1416 2940 intellectus,
1443 2890 1561 2944 apud
1587 2889 1804 2943 spiritum,

323 2968 460 2995 unum
482 2955 579 3008 ,agit
606 2968 707 2996 cum
732 2956 828 2996 visu
853 2954 944 3008 ejus
971 2960 1164 2996 externo
1189 2967 1267 2995 sea
1292 2954 1434 3005 oculi;
1467 2959 1513 2994 et
1539 2953 1640 3007 quia
1661 2952 1806 3006 spatia
