2060 3476
689 369 798 402 CAP.
820 369 866 408 1.,
889 367 1029 400 vssRs.
1058 367 1228 412 17.—N.
1250 368 1319 412 79.
1696 368 1751 412 93

251 489 299 524 ut
323 482 367 523 in
385 482 454 523 his
472 482 765 536 sequentibus
781 480 999 535 t—Apud
1023 478 1268 529 Danielem,

319 573 495 605 Dominus
512 573 571 614 qui
587 572 636 604 ibi
655 572 819 613 apparuit
835 572 886 604 illi
902 578 942 604 ut
956 571 1021 603 Vir
1036 571 1182 603 indutus
1205 571 1336 610 linteis,
1356 570 1458 611 cujus
1474 568 1642 611 asped’tus
1660 570 1752 602 sicut

424 615 591 658 aspectus
607 616 770 657 fulguris,
785 622 821 648 et
837 616 930 647 oculi
947 616 1038 647 sicut
1053 615 1150 647 faces
1167 615 1273 656 ignis,
1289 625 1330 646 ac
1346 615 1456 655 pedes
1472 615 1563 646 sieut
1579 615 1752 655 splendor

426 661 518 692 aeris
542 660 699 701 levigati,
719 660 835 701 tetigit
858 660 969 697 illurn,
989 665 1025 691 et
1049 660 1202 691 restituit
1225 668 1334 700 super
1356 659 1550 691 stationem
1574 668 1689 696 suam,
1709 668 1751 690 ae

424 705 568 737 sustulit
590 705 691 736 illum
708 713 816 745 super
830 714 950 744 genua
965 713 1051 740 sua:
1075 713 1116 735 ac
1133 703 1249 743 tetigit
1273 702 1368 734 labia
1388 702 1479 743 ejus,
1499 708 1535 734 et
1550 702 1691 743 aperuit
1708 712 1750 734 os

425 749 503 790 ejus
516 758 524 788 ;
549 754 584 780 et
596 749 733 781 addidit
745 755 891 789 tangere
906 748 1016 785 illum.
1033 754 1068 779 et
1084 747 1330 779 corroboravit
1342 747 1442 778 illum
1455 747 1502 783 (x.
1516 755 1536 786 4
1547 747 1593 778 ad
1606 746 1728 786 finem)
1743 756 1752 785 ;

249 841 370 896 apud
392 841 656 891 Jeremiam,

319 919 342 933 ‘⁸
354 918 481 950 Emisit
496 917 659 960 Jehovah
675 927 823 949 manum
842 926 955 957 suam,
976 923 1012 949 et
1035 916 1151 958 tetigit
1175 926 1216 948 os
1240 926 1372 952 meum.
1392 922 1428 948 et
1443 916 1544 954 dixit,
1565 915 1622 948 Do
1639 917 1752 948 verba

425 972 507 994 mea
521 962 558 994 in
575 971 616 994 os
633 967 734 993 tuum
746 960 765 973 ’⁹
781 960 818 1002 (i.
835 960 889 1002 9);

249 1055 370 1110 apud
392 1053 690 1103 Mamaeum,

314 1131 420 1174 Jesus
433 1130 632 1163 extendens
648 1140 795 1162 manum
811 1130 857 1162 ad
874 1130 1067 1171 leprosum,
1087 1131 1110 1145 ‘⁴
1120 1130 1237 1171 tetigit
1249 1129 1360 1167 illum,
1376 1130 1512 1168 dicens,
1526 1128 1632 1168 Volo,
1649 1138 1753 1161 mun-

424 1175 528 1207 datus
545 1181 624 1206 esto
640 1184 647 1213 ;
671 1180 707 1206 et
723 1175 844 1206 statim
862 1175 1034 1206 mundata
1049 1179 1105 1206 est
1120 1174 1214 1206 illius
1230 1173 1359 1215 lepra”
1372 1173 1459 1213 (viii.
1475 1173 1509 1214 3)
1523 1183 1531 1212 ;

250 1251 371 1306 apud
396 1251 606 1301 eundem,

313 1328 419 1371 Jesus
435 1328 524 1360 vidit
540 1338 681 1360 socrum
707 1328 802 1359 Petri
826 1326 917 1359 febri
933 1325 1100 1359 affli<9mm
1115 1337 1122 1366 ;
1150 1329 1220 1360 “et
1236 1328 1353 1368 tetigit
1369 1337 1515 1359 manum
1532 1327 1623 1369 ejus,
1644 1334 1680 1359 et
1697 1337 1751 1359 re-

424 1373 525 1414 liquit
541 1382 620 1404 eam
637 1372 748 1404 febris
760 1372 779 1384 '¹
795 1371 881 1412 (viii.
901 1380 951 1411 14,
971 1371 1024 1411 15)
1038 1382 1045 1410 ;

250 1448 371 1503 apud
397 1448 607 1498 eundem,

314 1524 420 1567 Jesus
444 1524 560 1565 tetigit
584 1524 708 1557 oculos
731 1524 882 1556 duorum
907 1534 1105 1563 caecorum,
1125 1530 1160 1556 et
1183 1524 1297 1566 aperti
1321 1530 1406 1556 sunt
1429 1534 1553 1556 eorum
1570 1524 1663 1556 oculi
1687 1524 1748 1566 (ix.

425 1566 497 1611 29[,
514 1566 589 1610 30])
603 1578 611 1607 ἶ

249 1645 369 1700 apud
394 1645 605 1695 eundem,

318 1723 341 1737 ‘⁴
352 1721 480 1754 Adhuc
495 1722 601 1753 Petro
616 1721 795 1762 loquente,
811 1731 893 1753 ecce
906 1723 1018 1754 nubes
1035 1722 1151 1754 lucida
1163 1721 1381 1754 inumbravit
1393 1721 1599 1762 discipulos,
1616 1728 1652 1753 et
1668 1731 1749 1753 ecce

424 1775 497 1797 vox
513 1776 532 1797 e
549 1766 644 1797 nube
660 1766 794 1804 dicens,
817 1765 886 1797 Hic
901 1771 958 1797 est
983 1766 1092 1798 Filius
1109 1776 1209 1798 meus
1226 1764 1387 1804 dileetus,
1407 1766 1443 1797 in
1462 1775 1532 1806 quo
1548 1766 1746 1806 acquiesco,

425 1809 548 1849 Ipsum
562 1809 682 1840 audite
695 1819 703 1846 ;
727 1815 763 1840 et
775 1819 855 1841 cum
868 1810 956 1841 haec
968 1810 1153 1842 audissent
1163 1810 1338 1850 discipuli,
1352 1809 1556 1841 ceciderunt
1570 1810 1606 1840 in
1620 1809 1748 1840 faciem

423 1863 536 1890 suam,
550 1859 587 1885 et
598 1853 793 1885 timuerunt
806 1853 910 1885 valde
925 1864 932 1886 :
957 1859 1042 1885 tunc
1057 1853 1232 1886 accedens
1244 1853 1350 1895 Jesus
1363 1853 1480 1894 tetigit
1494 1853 1585 1890 illos,
1599 1859 1635 1884 et
1647 1853 1747 1891 dixit,

425 1897 577 1938 Surgite,
598 1907 643 1929 ne
660 1897 783 1929 timete
793 1896 812 1909 ''
828 1897 927 1938 (xvii.
945 1895 1056 1938 [¹15-7)
1071 1907 1078 1936 ;

248 1991 369 2045 ap'ud
394 1990 574 2039 Lucam,

311 2067 418 2110 Jesus
441 2068 593 2100 accessit
619 2074 656 2099 et
678 2068 795 2108 tetigit
822 2068 976 2100 loculum
1001 2066 1172 2106 defuneti,
1199 2074 1235 2100 et
1257 2068 1357 2106 dixit,
1388 2067 1657 2106 ·‘Adolescens,
1685 2069 1750 2100 tibi

421 2112 512 2150 dico,
529 2121 648 2153 surge.
670 2111 771 2143 Tunc
784 2112 916 2144 resedit
929 2112 987 2154 qui
1001 2118 1174 2149 mortuus,
1190 2118 1226 2144 et
1239 2113 1356 2154 eoepit
1372 2112 1469 2154 loqui
1480 2112 1498 2124 ''
1511 2112 1584 2152 (vii.
1604 2121 1655 2151 14,
1674 2112 1728 2152 15)
1742 2122 1750 2151 ;

250 2188 370 2242 apud
397 2188 606 2238 eundem,

518 2264 624 2307 Jesus
641 2265 757 2306 tetigit
774 2274 897 2296 aurem
915 2262 1059 2303 fflsurdi,
1079 2271 1115 2297 et
1131 2265 1275 2297 sanavit
1291 2263 1389 2306 (xxii.
1409 2265 1463 2306 51)
1479 2275 1486 2304 ;

249 2354 368 2408 apud
391 2354 615 2405 Marcum,

317 2438 339 2451 “
349 2436 558 2469 Attulerunt
569 2437 614 2469 ad
630 2437 753 2479 Jesum
767 2437 936 2476 infantes,
952 2443 990 2469 ut
1003 2443 1166 2478 tangeret
1178 2447 1241 2469 eos
1255 2447 1279 2476 ;.
1294 2462 1302 2470 .
1316 2462 1323 2470 .
1338 2444 1389 2470 ‚et
1402 2438 1559 2478 suscepit
1576 2438 1612 2470 in
1630 2438 1748 2477 ulnas,

422 2481 542 2522 posuit
558 2491 685 2513 manus
702 2491 810 2522 super
825 2492 899 2519 eos,
919 2488 955 2514 et
971 2482 1152 2514 benedixit
1169 2482 1238 2514 illis
1249 2481 1267 2494 ''
1284 2481 1332 2522 (x.
1351 2479 1419 2524 13[‚
1442 2479 1514 2523 16])
1529 2491 1536 2520 ;

248 2557 368 2612 apud
394 2557 604 2606 eundem,

312 2634 520 2666 Attulerunt
547 2633 639 2665 male
666 2633 840 2666 habentes
865 2634 911 2666 ad
935 2634 1071 2676 jesum,
1095 2636 1166 2667 “ut
1193 2634 1322 2667 saltem
1351 2641 1542 2676 tangerent
1569 2635 1747 2667 fimbriam

402 2722 410 2735 ι
421 2678 628 2753 Ξῖῑίίίῐῖεὶιζῑὶἓ
641 2677 758 2762 lg>6s)ius
772 2687 780 2716 ;
804 2684 840 2710 et
853 2684 1028 2720 quotquot
1041 2679 1236 2719 tetigerunt
1252 2679 1343 2711 salvi
1357 2677 1442 2711 fatsti
1455 2685 1540 2711 sunt
1550 2679 1568 2690 '’
1581 2677 1748 2718 (vi.[³156:

544 2746 552 2753 .
631 2746 639 2753 .
727 2746 734 2760 ,

211 2794 218 2800 θ
247 2815 369 2870 apud
393 2814 573 2864 Lucam,

315 2892 481 2925 “Mulier
507 2893 682 2934 profluvio
705 2879 892 2934 sanguinis
921 2894 1119 2932 laborans„
1133 2919 1162 2927 ..
1178 2895 1310 2935 ‚tetigit
1337 2894 1513 2926 fimbriam
1539 2894 1747 2926 vestimenti

419 2936 516 2978 Jesu,
536 2943 571 2968 et
587 2937 708 2968 statim
724 2938 884 2969 constitit
900 2938 1016 2970 fluxus
1033 2938 1219 2979 sanguinis
1234 2949 1241 2976 ;
1265 2938 1370 2981 Jesus
1387 2939 1488 2975 dixit,
1506 2939 1596 2980 Quis
1614 2944 1668 2969 est
1686 2938 1746 2978 qui

419 2980 535 3021 tetigit
560 2980 643 3013 Me?
649 3005 766 3013 ......
774 2981 908 3022 Tetigit
933 2981 994 3013 Me
1010 2981 1158 3024 aliquis:
1184 2982 1261 3023 Ego
1278 2983 1432 3023 cognovi
1449 2983 1620 3014 virtutem
1639 2992 1660 3013 a
1685 2981 1746 3014 Me

419 3034 602 3065 egressam
613 3023 631 3037 ''
649 3023 734 3065 (viii.
750 3033 805 3064 43,
820 3034 875 3065 44,
894 3023 984 3068 [45,]
1002 3026 1070 3066 46).
