2060 3476
344 385 426 429 550
754 384 1084 419 APOCALYPSIS
1116 386 1413 420 EXPLICATA.

343 500 368 518 ‘⁴
381 496 516 538 occisi
534 509 684 537 sumus
702 497 823 538 omni
841 497 912 539 die
923 497 942 513 ”
960 497 1182 551 significat
1199 499 1319 553 quod
1342 513 1400 540 ex
1419 498 1547 540 nobis
1569 511 1745 553 semper
1761 498 1826 541 la-

340 559 498 600 bamur
511 560 554 600 in
571 559 682 600 falsa
695 566 742 601 et
759 561 1024 602 seducamur
1038 575 1116 615 per
1130 561 1491 615 illa‚.cumprimis
1508 568 1712 615 tempore
1726 575 1824 604 cum

339 621 450 663 falsa
474 629 669 675 regnant
681 637 695 674 Ι;
732 623 836 664 inde
867 629 994 677 patet
1025 624 1131 677 quid
1156 623 1381 677 significat
1410 627 1562 677 “grex
1589 622 1827 667 mastatio-

339 685 407 725 nis
424 684 458 736 ;’'
475 691 524 726 ut
542 684 770 727 elevemur
785 699 843 727 ex
857 686 943 727 illis
960 700 986 727 a
1001 686 1213 736 Domino,
1229 686 1506 740 significatur
1519 700 1597 741 per
1611 690 1636 708 “
1650 686 1829 740 Evigila

340 747 548 797 Domine,
572 761 628 790 ne
650 749 808 790 desere
830 763 913 790 nos
935 750 978 790 in
1001 749 1305 803 perpetuum.”
1363 749 1502 804 Apud
1523 749 1804 798 Ezechielem,

407 838 430 852 ‘⁸
442 837 693 878 Evaginabunt
705 838 843 879 gladios
861 848 968 879 super
981 838 1279 879 pulchritudinem
1293 839 1488 880 sapientiae
1501 845 1594 878 tuae,
1610 845 1646 871 et
1662 839 1829 880 profana-

512 882 600 913 bunt
613 881 840 922 splendorem
854 889 964 919 tuum,
981 883 1017 913 in
1030 882 1172 914 foveam
1186 882 1374 915 demittent
1386 880 1465 925 [te].
1482 889 1518 915 et
1533 882 1696 915 morieris
1713 889 1828 915 morte

511 925 761 957 confessorum
773 925 791 937 ”
808 925 942 966 (xxviii.
958 933 988 964 7,
1003 925 1054 966 8):

337 1012 447 1053 haec
479 1012 535 1054 de
566 1013 765 1066 principe
791 1013 913 1066 Tyri,
941 1027 1020 1067 per
1050 1027 1183 1068 quem
1215 1013 1492 1067 significatur
1523 1014 1827 1068 intelligentia

339 1073 453 1129 Quae
471 1089 529 1116 ex
545 1076 877 1129 cognitionibus
892 1077 997 1126 veri,
1012 1076 1082 1118 hic
1101 1076 1176 1117 illa
1187 1075 1418 1118 exstin&a
1435 1090 1514 1131 per
1526 1076 1637 1118 salsa
1654 1090 1662 1126 ;
1684 1080 1708 1096 ‘⁴
1722 1090 1826 1117 eva-

338 1139 495 1191 ginare
517 1138 694 1191 gladios
717 1152 851 1192 super
868 1139 1246 1193 pulchritudinem
1268 1140 1515 1194 sapientiae
1538 1145 1642 1181 tuae
1653 1138 1672 1154 ”
1690 1139 1827 1192 signi-

339 1200 443 1243 ficat
470 1200 824 1243 exstinctionem
849 1202 941 1255 ejus
972 1216 1050 1256 per
1074 1202 1212 1254 falsa;
1247 1203 1524 1244 “demittere
1549 1203 1593 1243 in
1618 1202 1793 1244 foveam
1805 1202 1825 1218 ”

338 1263 562 1318 significat
576 1265 910 1306 immersionem
924 1266 967 1306 i'n
981 1265 1058 1306 illa
1073 1279 1082 1316 ;
1104 1268 1129 1287 “
1142 1272 1188 1307 et
1202 1266 1314 1307 mori
1329 1272 1474 1307 morte
1489 1265 1796 1306 confossorum
1809 1265 1828 1280 ”

337 1327 562 1381 significat
584 1329 815 1369 interitum
834 1335 880 1370 et
899 1329 1239 1371 damnationem
1256 1343 1265 1380 ;
1291 1333 1316 1350 ‘⁴
1329 1329 1523 1370 confossi
1534 1328 1552 1344 '’
1570 1327 1824 1381 significant

280 1430 284 1435 ,
336 1388 441 1430 illos
466 1389 587 1442 apud
617 1403 731 1443 quos
761 1402 897 1430 omne
922 1403 1078 1431 verum
1109 1396 1180 1431 est
1206 1389 1488 1431 exstinctum
1511 1399 1670 1439 (videatur
1687 1409 1719 1430 n.
1738 1407 1828 1437 4503·

335 1459 445 1498 9262),
468 1455 516 1490 et
540 1449 732 1490 “mors''
754 1449 983 1503 significat
1005 1450 1366 1491 damnationem.
1425 1449 1566 1503 Apud
1586 1448 1794 1498 Esaiam,

404 1535 532 1568 “Num
556 1536 657 1578 juxta
683 1537 826 1578 plagam
855 1537 1083 1578 percutientis
1113 1537 1223 1574 illum,
1251 1537 1426 1578 percussit
1449 1537 1554 1569 eum?
1609 1535 1703 1568 Num
1728 1536 1830 1577 J'uxta

510 1581 657 1612 caedem
673 1581 871 1613 occisorum
888 1580 967 1622 ejus
984 1581 1122 1613 occisus
1138 1587 1194 1613 est
1202 1580 1237 1614 ’δ”
1263 1581 1385 1621 (xxvii.
1399 1588 1417 1620 7
1432 1581 1455 1620 ς)

335 1668 447 1710 haec
479 1668 535 1710 de
565 1668 737 1722 Jacobo
768 1676 814 1710 et
848 1669 1028 1718 Israele,
1062 1683 1140 1724 per
1171 1683 1281 1724 quos
1313 1668 1591 1722 significatur
1621 1668 1826 1717 ecclesia,

336 1745 414 1785 per
433 1731 688 1785 “Jacobum
701 1732 720 1748 '³
738 1732 930 1779 ecclesia
945 1739 1149 1782 externa,
1165 1739 1212 1774 et
1230 1746 1307 1786 per
1323 1736 1348 1753 ‘⁴
1363 1731 1577 1774 Israelem
1590 1731 1609 1748 ’⁹
1623 1733 1800 1774 interna
1817 1746 1826 1782 ;

338 1796 619 1836 tentationes
646 1795 824 1836 illorum
850 1796 924 1849 qui
955 1796 1013 1837 ab
1043 1795 1235 1837 ecclesia
1266 1796 1330 1837 ita
1360 1795 1686 1845 describuntur,
1713 1809 1827 1849 quae

336 1858 646 1911 significantur
683 1872 761 1912 per
795 1858 951 1921 “Num
982 1858 1116 1911 juxta
1155 1858 1338 1912 plagam
1375 1859 1667 1912 percutientis
1701 1857 1826 1898 illum

335 1922 554 1975 percussit
573 1934 674 1963 eum
689 1921 728 1963 ?”
773 1922 835 1963 Et
854 1922 974 1976 quod
995 1922 1038 1962 in
1057 1922 1386 1963 tentationibus
1404 1935 1493 1963 non
1511 1921 1826 1962 succubuerint

335 1991 381 2025 et
407 1985 468 2025 sic
492 1985 718 2038 perierint,
746 1984 1022 2038 significatur
1049 1998 1127 2038 per
1154 1984 1311 2026 “Num
1333 1984 1466 2038 juxta
1491 1984 1677 2025 caedem
1702 1984 1821 2024 occi·

336 2060 485 2088 sorum
517 2048 690 2088 occisus
721 2054 791 2089 est
805 2047 844 2088 ?”
889 2047 1090 2088 “caedes
1122 2048 1371 2088 occisorum
1383 2046 1401 2062 ’'
1426 2046 1649 2101 significat
1681 2047 1826 2100 perdi-

336 2110 505 2151 tionem
548 2123 627 2163 per
670 2109 793 2150 falsa.
874 2109 1118 2151 “Caedes'’
1161 2109 1385 2163 significat
1434 2109 1732 2163 perditionem
1777 2115 1824 2151 et

335 2172 676 2214 damnationem
702 2173 841 2214 etiam
868 2172 974 2214 alibi
1001 2173 1119 2226 apud
1145 2173 1352 2222 eundem,

599 2261 676 2293 “In
694 2261 752 2293 die
768 2262 886 2293 caedis
903 2271 1058 2302 magnae
1075 2261 1203 2293 cadent
1220 2267 1334 2293 turres
1346 2260 1364 2273 ''
1380 2260 1474 2301 (xxx.
1490 2260 1566 2302 25);

338 2343 470 2385 “dies
496 2343 646 2384 caedis
673 2357 865 2396 magnae
878 2343 897 2358 ''
919 2342 1143 2397 significat
1170 2342 1376 2385 ultimum
1397 2342 1623 2396 judicium,
1647 2343 1826 2397 quando

335 2407 614 2448 damnantur
628 2413 675 2448 et
697 2413 886 2460 pereunt
908 2407 1055 2460 impii;
1085 2410 1110 2427 ‘⁴
1124 2406 1300 2448 turres”
1321 2406 1578 2460 significant
1599 2405 1826 2448 doetrinas

334 2469 446 2511 salsi.
505 2469 643 2523 Apud
665 2469 874 2519 eundem,

418 2560 440 2573 ‘⁴
451 2558 619 2590 Occidam
637 2558 732 2590 fame
750 2559 904 2590 radicem
922 2565 1031 2596 tuam,
1051 2565 1087 2590 et
1104 2559 1265 2590 residuos
1282 2564 1362 2590 tuos
1379 2558 1515 2591 occidet
1525 2557 1543 2571 ”
1560 2555 1678 2598 (mxiv.
1695 2558 1770 2598 3o);

335 2647 446 2688 haec
458 2646 514 2687 de
526 2645 813 2695 Philisthaea,
827 2660 904 2700 per
918 2659 1051 2700 quam
1062 2645 1338 2700 significatur
1347 2658 1500 2687 verum
1511 2646 1678 2700 absque
1689 2646 1822 2694 bono,

335 2723 413 2750 seu
435 2708 545 2750 fides
567 2709 734 2763 absque
758 2709 1004 2750 charitate:
1029 2710 1274 2750 “occidere
1298 2710 1415 2750 fame
1436 2710 1633 2750 radicem
1644 2709 1663 2724 '’
1685 2710 1822 2763 signi-

336 2773 441 2814 ficat
463 2773 605 2826 perire
628 2786 806 2826 prorsus
825 2787 884 2813 ex
907 2785 998 2813 non
1020 2772 1140 2813 bono
1159 2786 1168 2822 ;
1196 2772 1361 2812 “radix
1375 2772 1394 2787 ’'
1411 2778 1481 2813 est
1503 2785 1636 2813 omne
1657 2786 1716 2813 ex
1733 2786 1822 2825 quo

336 2836 446 2876 vivit
463 2849 472 2876 :
492 2849 627 2888 quare
642 2835 777 2875 etiam
790 2835 1202 2884 dicitur‚“residuos
1217 2841 1317 2875 tuos
1332 2833 1551 2885 occidet;’'
1563 2839 1641 2888 per
1654 2834 1821 2875 “resid-

337 2912 416 2939 uos
427 2897 446 2913 '’
463 2896 771 2951 significantur
786 2898 937 2938 omnia
955 2897 1124 2951 reliqua
1142 2897 1372 2938 ecclesiae.
1414 2897 1551 2950 Apud
1562 2897 1820 2945 Jeremiam-‚

405 2986 583 3018 “Audivi.
599 3011 606 3018 .
619 3011 627 3018 .
642 2995 782 3018 .vocem
801 2986 892 3017 filiae
909 2986 1053 3023 Zionis;
1077 2986 1232 3026 suspirat
1256 2992 1292 3017 et
1315 2986 1486 3026 expandit
1509 2995 1636 3018 manus
1641 3010 1733 3024 .....
1735 2986 1822 3027 ·quia
1847 3026 1849 3028 ‚

509 3030 687 3062 delassata
703 3036 756 3061 est
773 3030 893 3061 anima
910 3039 989 3062 mea
1005 3030 1049 3061 ab
1066 3029 1284 3061 occisoribus
1295 3028 1313 3041 '¹
1330 3029 1388 3069 (iv.
1406 3028 1481 3069 31);
