2060 3476
689 378 796 411 CAP.
818 378 904 419 111„
928 378 1067 410 VERs.
1090 378 1238 422 7.—N.
1263 378 1356 422 205.
1694 380 1771 423 301

344 493 367 509 “
377 491 420 526 In
433 492 542 525 caelis
554 492 783 524 confirmabis
794 492 982 523 veritatem
994 497 1091 523 tuam
1105 501 1113 530 ς
1138 491 1256 532 pepigi
1269 491 1398 523 foedus
1413 490 1537 523 Eletsto
1551 502 1644 530 meo,
1658 491 1776 533 juravi

452 537 581 568 Davidi
597 546 703 568 servo
719 546 813 574 meo,
833 545 945 576 usque
963 536 998 567 in
1016 541 1201 567 aeternum
1220 535 1369 567 firmabo
1386 546 1511 567 semen
1529 542 1640 574 tuum,
1659 542 1695 568 et
1718 546 1777 568 ae-

450 580 601 612 dificabo
617 580 654 612 in
670 580 941 620 generationem
959 585 994 610 et
1010 579 1280 619 generationem
1299 580 1468 610 thronum
1486 586 1585 611 tuum
1601 589 1608 616 ;
1632 585 1668 611 et
1691 590 1778 611 con-

451 624 644 656 fitebuntur
656 624 742 655 caeli
760 623 920 654 mirabile
934 621 1258 664 tuum,[¹1Jehovah‚
1275 629 1310 654 et
1323 623 1509 654 veritatem
1524 630 1620 654 tuam
1640 624 1675 655 in
1693 633 1778 655 con·

450 668 659 709 gregatione
676 666 883 699 sanctorum
895 666 912 678 ”
927 666 1074 707 (Psalm.
1090 667 1221 698 lxxxix.
1238 667 1302 705 3-6
1316 663 1378 707 [B.
1392 667 1438 697 A.
1455 663 1569 707 2-5]);

275 744 388 786 haec
415 745 555 786 etiam
581 744 637 785 de
665 743 863 784 Domino
889 741 1009 784 ἀίξὶε,
1035 749 1140 784 sunt
1167 749 1214 783 et
1241 756 1332 783 non
1364 743 1420 783 de
1451 742 1641 791 Davide,
1671 756 1775 784 nam

276 808 454 857 dicitur,
482 808 669 861 “Juravi
702 807 866 848 Davidi
895 821 1026 848 servo
1053 820 1169 855 meo,
1198 821 1338 860 usque
1364 807 1408 847 in
1435 813 1671 847 aeternum
1703 806 1776 847 fir-

276 871 412 912 mabo
438 885 593 912 semen
616 877 758 919 tuum,
785 876 832 911 et
854 869 1104 911 aedificabo
1126 870 1169 910 in
1192 870 1538 923 generationem
1565 876 1611 910 et
1635 883 1775 922 gene-

276 935 501 976 rationem
525 934 739 975 thronum
762 940 890 974 tuum
908 933 942 983 ;'’
966 946 1056 973 non
1079 934 1199 974 enim
1217 933 1441 986 quadrant
1461 946 1563 973 cum
1583 933 1774 981 Davide‚

277 997 400 1050 cujus
433 1011 524 1038 non
555 1011 711 1038 semen
744 1010 826 1038 nec
859 996 1050 1037 thronus
1087 997 1132 1036 in
1164 1002 1400 1037 aeternum
1432 994 1611 1036 firmata
1643 1002 1747 1036 sunt
1767 1010 1780 1045 ;.

277 1067 324 1102 et
357 1067 513 1102 tamen
540 1060 706 1113 juravit
737 1059 959 1113 Jehovah‚
993 1073 1044 1100 ac
1073 1059 1379 1112 juramentum
1412 1073 1437 1099 a
1467 1058 1674 1111 Jehovah
1707 1066 1778 1100 est

277 1122 566 1163 confirmatio
592 1136 618 1162 a
643 1121 811 1162 Divino
836 1120 1149 1162 irrevocabilis
1172 1132 1376 1169 (videaturn.
1394 1132 1501 1169 2842).
1561 1121 1643 1161 Per
1668 1125 1777 1161 “se-

278 1195 383 1223 men
414 1181 638 1222 Davidis”
668 1183 713 1222 in
744 1195 881 1222 sensu
916 1180 1143 1234 spirituali
1175 1180 1499 1234 intelliguntur
1529 1179 1594 1220 illi
1629 1181 1703 1234 qui
1733 1181 1777 1220 in

276 1243 395 1283 veris
421 1256 481 1283 ex
509 1242 632 1283 bono
657 1248 764 1282 sunt
790 1255 816 1282 a
842 1241 1058 1290 Domino,
1085 1254 1138 1281 ac
1170 1242 1215 1281 in
1245 1254 1382 1282 sensu
1413 1240 1649 1281 abstracto
1680 1242 1779 1294 ipsa

276 1317 385 1344 vera
402 1317 518 1356 quae
535 1317 595 1343 ex
610 1303 734 1343 bono
750 1313 909 1350 (videatur
923 1314 1156 1350 11-337313380,
1169 1321 1277 1350 10249‚
1290 1312 1422 1351 10445);
1449 1308 1495 1342 et
1514 1315 1593 1355 per
1610 1306 1635 1321 “
1649 1301 1778 1342 thro-

277 1362 410 1403 num”
426 1362 704 1415 intelligitur
720 1375 913 1415 regnum
932 1362 1118 1402 Domini
1136 1361 1374 1414 spirituale
1397 1372 1442 1410 (n.
1457 1370 1676 1409 5313.[‘·'¹5922.
1689 1373 1780 1409 6397,

278 1431 420 1473 [³18625).
467 1422 603 1476 Quod
620 1423 771 1463 David
787 1422 966 1463 dicatur
983 1426 1008 1442 “
1022 1436 1178 1462 servus
1194 1435 1321 1462 meus
1334 1421 1352 1436 ”
1375 1421 1443 1475 (ut
1461 1435 1641 1475 quoque
1659 1422 1779 1474 apud

276 1484 565 1532 Ezechielem,
603 1496 753 1536 supra,
791 1482 972 1523 xxxvii.
1010 1482 1189 1535 23—25)‚
1224 1488 1295 1522 est
1332 1483 1436 1535 quia
1475 1487 1670 1522 “servus
1683 1481 1702 1496 ’¹
1735 1482 1779 1521 in

278 1544 437 1586 Verbo
454 1544 620 1584 dicitur
641 1543 789 1583 omnis
807 1543 881 1596 qui
903 1549 950 1583 et
972 1555 1108 1583 omne
1126 1542 1248 1596 quod
1270 1543 1460 1583 inservit
1483 1548 1529 1582 et
1548 1542 1779 1582 ministrat

278 1615 327 1654 (n.
349 1624 438 1653 3441·
462 1624 552 1652 7143.
577 1614 684 1653 8241),
712 1616 764 1644 ac
791 1603 1008 1644 Divinum
1034 1602 1208 1643 Verum
1235 1602 1491 1655 procedens
1518 1602 1706 1642 inservit
1732 1608 1780 1642 et

279 1667 508 1707 ministrat
537 1665 703 1706 Divino
730 1665 860 1706 Bono
886 1679 912 1706 a
937 1679 1027 1718 quo
1053 1665 1286 1718 procedit:
1321 1665 1442 1718 quod
1470 1665 1527 1705 sit
1557 1664 1779 1704 Dominus

279 1730 428 1783 quoad
456 1729 670 1770 Divinum
694 1728 880 1777 Verum,
905 1742 983 1769 seu
1008 1728 1129 1782 quod
1157 1729 1214 1768 sit
1243 1723 1455 1769 Divinum
1480 1728 1652 1768 Verum
1676 1741 1779 1781 pro-

279 1794 447 1834 cedens
469 1807 495 1833 a
518 1793 731 1840 Domino,
755 1792 876 1845 quod
903 1805 981 1845 per
1005 1792 1267 1832 “Davidem
1280 1791 1300 1806 ’'
1322 1791 1608 1844 intelligitur,
1633 1797 1778 1844 patet,

279 1869 385 1897 nam
421 1856 597 1904 dicitur,
635 1855 727 1895 “In
758 1854 896 1895 caelis
933 1854 1220 1895 confirmabis
1252 1856 1495 1895 veritatem
1534 1854 1701 1902 tuam,’'
1732 1861 1779 1894 et

281 1923 307 1941 “
321 1919 670 1962 confitebuntur
690 1917 803 1959 caeli
822 1951 830 1958 .
851 1950 859 1958 .
880 1951 888 1958 .
909 1950 918 1958 .
937 1919 1179 1959 veritatem
1203 1924 1330 1959 tuam
1352 1919 1395 1958 in
1419 1918 1781 1971 congregatione

279 1981 539 2024 sanctorum
557 1981 591 2033 ;”
623 1982 744 2036 quod
770 1982 910 2022 etiam
935 1979 1149 2022 “sancti‘'
1173 1981 1382 2022 dicantur
1403 1981 1467 2022 illi
1489 1982 1563 2035 qui
1586 1982 1630 2021 in
1654 1981 1780 2021 Divi-

279 2048 347 2087 nis
369 2047 486 2087 veris
509 2052 628 2095 sunt,
648 2045 857 2086 videatur
879 2058 988 2086 mox
1007 2059 1141 2098 supra
1161 2043 1223 2098 (n.
1244 2044 1362 2099 204).
1406 2044 1545 2098 Apud
1568 2044 1778 2093 eundem,

326 2134 442 2167 “Non
460 2134 660 2176 profanabo
677 2134 804 2166 foedus
822 2144 954 2172 meum,
974 2140 1011 2166 et
1035 2135 1305 2175 pronuntiatum
1330 2134 1505 2165 labiorum
1524 2144 1686 2165 meorum
1708 2144 1780 2164 non

453 2180 622 2216 mutabo;
647 2179 759 2210 semel
782 2178 898 2219 juravi
923 2188 987 2219 per
1004 2177 1232 2211 sanctitatem
1251 2188 1381 2216 meam,
1401 2178 1431 2209 si
1459 2178 1587 2209 Davidi
1613 2178 1778 2215 mentiar,

456 2233 580 2255 semen
599 2222 717 2263 Ipsius
742 2222 778 2253 in
795 2228 980 2254 aeternum
999 2223 1076 2260 erit,
1097 2228 1132 2253 et
1155 2223 1305 2253 thronus
1332 2222 1450 2262 Ipsius
1467 2222 1558 2253 sicut
1581 2222 1636 2253 sol
1662 2231 1782 2252 coram

455 2266 526 2305 Me,
539 2266 630 2298 sicut
642 2266 727 2297 luna
738 2266 859 2297 firmus
874 2266 909 2296 in
923 2266 1245 2303 aeternum,Testis
1259 2266 1295 2297 in
1309 2266 1462 2297 nubibus
1479 2265 1591 2297 fidelis
1602 2265 1620 2277 ”
1631 2264 1779 2304 (Psalm-

454 2310 587 2342 lxxxix-
603 2310 709 2349 35—38
730 2308 791 2352 [B-
806 2311 838 2341 A
846 2335 853 2342 ·
868 2307 1030 2351 34-37]);

280 2393 401 2449 quod
426 2393 539 2435 haec
563 2393 619 2434 de
647 2393 845 2434 Domino
867 2391 988 2434 dicta
1010 2393 1116 2442 sint,
1141 2398 1270 2447 patet
1293 2393 1337 2433 in
1361 2398 1464 2434 toto
1486 2392 1564 2433 illo
1587 2391 1779 2446 psalmo,

280 2457 340 2498 ibi
363 2457 482 2498 enim
505 2457 654 2510 agitur
676 2457 733 2497 de
758 2456 960 2497 adventu
987 2456 1147 2510 Ipsius,
1172 2462 1218 2497 et
1245 2456 1348 2496 dein
1376 2455 1432 2496 de
1459 2455 1779 2509 reprobatione

282 2520 427 2574 Ipsius
459 2533 485 2560 a
516 2526 656 2572 gente
691 2519 904 2572 Judaica;
938 2520 1060 2573 quod
1097 2520 1153 2560 de
1193 2519 1392 2560 Domino
1433 2519 1491 2559 ibi
1523 2525 1700 2571 agatur,
1734 2525 1781 2559 et

283 2584 387 2637 Ipse
414 2597 492 2636 per
517 2582 811 2623 “Davidem”
834 2583 893 2623 ibi
919 2583 1218 2636 intelligatur,
1243 2588 1427 2623 constat
1455 2596 1514 2622 ex
1542 2582 1611 2622 his
1634 2583 1781 2623 verbis

282 2647 328 2687 in
354 2647 516 2687 eodem
543 2645 735 2699 psalmo,

351 2736 513 2768 “Inveni
529 2736 705 2768 Davidem
719 2746 862 2768 servum
876 2747 994 2768 meum
1010 2747 1017 2775 ;
1042 2737 1123 2769 oleo
1136 2735 1338 2768 sancfiitatis
1353 2747 1454 2768 meae
1468 2738 1554 2768 unxi
1570 2737 1691 2778 Ipsum
1708 2747 1730 2774 ;.
1746 2763 1754 2769 .
1768 2763 1776 2769 .

456 2790 590 2821 ponam
614 2781 650 2811 in
675 2780 765 2812 mari
790 2790 937 2812 manum
964 2781 1093 2822 Ipsius,
1113 2788 1149 2812 et
1174 2782 1210 2812 in
1234 2781 1352 2812 fluviis
1369 2782 1531 2812 dextram
1552 2781 1690 2821 Ipsius;
1717 2781 1782 2812 Ille

456 2824 599 2856 vocabit
613 2824 684 2860 Me.
699 2824 805 2855 Pater
818 2834 919 2856 meus
933 2825 1000 2863 Tu,
1019 2825 1116 2857 Deus
1130 2835 1232 2856 meus
1246 2831 1281 2856 et
1297 2825 1401 2856 Petra
1415 2825 1541 2856 salutis
1555 2835 1656 2856 meae
1671 2836 1677 2856 :
1706 2825 1781 2865 Ego

458 2868 742 2908 Primogenitum
767 2868 860 2899 dabo
886 2868 988 2907 Eum,
1009 2869 1119 2900 altum
1145 2869 1287 2909 regibus
1308 2875 1423 2900 terrae
1437 2878 1461 2906 ;.
1476 2894 1483 2900 .
1497 2894 1505 2900 .
1520 2878 1667 2909 ‚ponam
1686 2869 1782 2899 thro-

456 2922 541 2943 num
554 2911 671 2952 Ipsius
683 2912 774 2943 sicut
785 2912 861 2943 dies
873 2912 1074 2944 caelorum¹'
1084 2912 1191 2953 (vers.
1205 2921 1256 2949 21,
1271 2913 1389 2950 26-28,
1403 2921 1446 2951 30
1460 2911 1520 2954 [B.
1533 2914 1578 2944 A.
1593 2921 1645 2949 20,
1659 2919 1778 2955 25-27,

458 2953 542 2998 29])·

282 3032 365 3073 Per
399 3031 702 3082 “Davidem‚'’
740 3046 819 3086 per
852 3031 1124 3075 “Unam‘’
1161 3039 1208 3075 et
1246 3047 1324 3087 per
1359 3032 1608 3086 “Regem'’
1639 3033 1779 3073 etiam
