2060 3476
686 363 794 399 cAP.
816 365 863 406 1.,
886 364 1026 398 VERs.
1054 364 1223 409 13.—N.
1245 355 1313 408 63.
1689 353 1745 407 63

246 478 516 531 labrorum,”
541 479 662 534 quod
693 478 784 520 sint
815 491 983 520 novum
1014 477 1190 519 caelum
1221 483 1268 519 et
1300 490 1418 518 nova
1448 475 1641 518 ecclesia
1669 475 1745 530 (de

246 559 334 599 qua
352 557 627 598 mox'supra,
647 556 690 584 n.
707 541 783 597 62)
802 556 812 594 ;
845 548 892 583 et
915 555 975 583 ex
995 540 1327 595 significatione
1347 544 1373 561 ‘⁴
1387 540 1488 581 Filii
1509 539 1745 589 hominis,”

245 607 366 662 quod
404 603 462 648 sit
496 606 718 647 Dominus
749 604 899 660 quoad
937 604 1151 645 Divinum
1179 603 1455 649 Humanum.
1489 609 1535 644 et
1567 618 1746 658 quoque

245 670 394 724 quoad
422 670 636 710 Divinum
659 668 845 717 Verum,
869 668 972 722 quia
997 667 1083 708 hoc
1110 681 1137 708 a
1163 667 1330 708 Divino
1358 667 1573 708 Humano
1599 667 1744 720 Ipsius

245 733 464 786 procedit.
527 732 603 773 Ex
634 731 703 772 his
735 736 947 772 constare
979 736 1134 784 potest
1177 743 1255 771 cur
1286 730 1507 771 Dominus
1535 731 1742 784 apparuit

249 797 330 836 “in
367 796 518 837 medio
554 801 732 849 septem
769 793 1185 843 candelabrorum‚”
1216 794 1337 847 quod
1374 807 1537 848 nempe
1575 808 1634 835 ex
1671 808 1741 843 eo,

245 859 365 913 quod
397 859 454 900 ab
487 859 593 913 Ipso
624 857 842 912 procedat
869 871 1003 899 omne
1029 857 1143 898 caeli
1174 863 1220 898 et
1247 856 1493 908 ecclesiae;
1526 863 1596 898 est
1623 859 1743 898 enirn

245 923 414 963 bonum
440 923 606 963 amoris
631 928 678 963 et
706 921 810 962 fidei
835 921 956 975 quod
987 921 1093 962 facit
1119 920 1296 962 caelum
1322 927 1368 961 et
1395 920 1662 971 ecclesiam3
1696 927 1742 962 et

246 986 366 1040 quod
388 986 432 1026 id
458 986 627 1027 bonum
650 986 708 1026 sit
731 999 757 1026 a
779 985 959 1034 Divino,
984 990 1143 1025 notum
1165 990 1236 1025 est
1257 985 1303 1025 in
1325 984 1433 1025 orbe
1455 983 1742 1034 Christiano;

246 1056 292 1090 et
330 1050 433 1103 quia
468 1062 495 1089 a
531 1046 697 1089 Divino
733 1054 818 1097 est,
853 1062 880 1089 a
916 1048 1115 1088 Domino
1151 1048 1484 1101 est‚‘,quoniam
1522 1047 1744 1088 Dominus

246 1118 316 1152 est
349 1111 472 1152 Deus
498 1110 626 1160 caeli,
655 1117 702 1152 et
729 1111 942 1164 quoniam
974 1110 1187 1151 Divinum
1220 1110 1403 1151 Domini
1434 1110 1541 1161 facit
1567 1110 1743 1151 caelum

247 1175 405 1211 (videatur
425 1174 457 1203 in
479 1183 575 1212 opere
597 1174 649 1203 De
667 1174 759 1203 Caelo
778 1177 809 1203 et
828 1174 966 1212 Inferna,
982 1183 1013 1203 n.
1031 1173 1099 1208 2—6.
1115 1178 1146 1203 et
1160 1182 1256 1210 7—12;
1285 1178 1318 1202 et
1338 1174 1427 1210 quod
1447 1173 1510 1202 hoc
1530 1173 1569 1202 sit
1591 1172 1744 1202 Divinum

249 1231 438 1260 Humanum
454 1230 566 1268 Ipsius,
582 1239 613 1260 n.
628 1229 755 1268 78-86).
829 1218 965 1272 Quod
1009 1218 1148 1260 Filius
1185 1219 1379 1260 hominis
1418 1219 1478 1260 sit
1521 1218 1744 1259 Dominus

247 1284 396 1337 quoad
443 1283 658 1324 Divinum
706 1282 982 1330 Humanum,
1025 1288 1071 1323 et
1118 1296 1296 1336 quoque
1337 1281 1486 1336 quoad
1530 1282 1743 1322 Divinum

248 1347 434 1394 Verum,
462 1347 565 1400 quia
592 1346 678 1387 hoc
705 1360 732 1386 a
766 1345 934 1386 Divino
962 1345 1177 1386 Humano
1209 1345 1354 1399 Ipsius
1385 1345 1605 1399 procedit,
1634 1359 1743 1386 con-

248 1415 342 1451 stat
373 1423 401 1450 a
431 1408 543 1450 locis
574 1409 619 1450 in
645 1408 803 1450 Verbo
835 1408 910 1450 ubi
942 1407 1081 1449 Filius
1112 1407 1307 1449 hominis
1334 1408 1593 1449 nominatur
1609 1407 1746 1449 :—Ut

248 1472 367 1527 apud
392 1472 661 1521 Jolzannem,

315 1562 438 1595 Turba
460 1563 550 1594 dixit
573 1562 618 1594 ad
641 1562 776 1604 Jesum,
806 1562 829 1576 ⁴¹
843 1561 1036 1602 Quomodo
1060 1561 1117 1592 Tu
1140 1560 1241 1599 dicis,
1269 1559 1421 1601 Oportet
1444 1560 1595 1592 exaltari
1620 1560 1748 1592 Filium

423 1606 606 1639 hominis?
640 1606 729 1648 Quis
757 1611 812 1637 est
836 1606 893 1636 hic
922 1605 1033 1636 Filius
1060 1605 1244 1637 hominis?
1302 1605 1503 1645 Respondit
1531 1605 1602 1636 illis
1629 1605 1746 1647 Jesus,

424 1651 552 1682 Adhuc
572 1651 679 1682 breve
696 1656 838 1690 tempus
858 1649 919 1680 lux
935 1649 1120 1680 vobiscum
1137 1654 1192 1680 est
1206 1658 1214 1687 ;
1238 1649 1418 1680 ambulate
1435 1658 1622 1690 quousque
1635 1649 1748 1680 lucem

425 1695 576 1731 habetis,
589 1704 633 1725 ne
642 1695 810 1725 tenebrae
819 1703 885 1724 vos
895 1693 1166 1733 apprehendant
1181 1702 1204 1729 ;.
1219 1717 1227 1724 .
1240 1717 1248 1724 .
1263 1702 1462 1734 ,quousque
1472 1693 1587 1724 lucem
1596 1693 1747 1730 habetis,

426 1739 558 1770 credite
576 1738 612 1769 in
629 1738 757 1775 lucem,
776 1743 816 1768 ut
831 1737 894 1768 filii
911 1737 1000 1768 lucis
1017 1736 1094 1768 sitis
1105 1736 1123 1748 ⁷'
1141 1735 1214 1776 (xii.
1229 1737 1371 1776 34—36);

249 1837 308 1863 ex
335 1822 403 1863 his
430 1829 574 1877 patet,
602 1823 722 1877 quod
754 1837 833 1877 per
861 1823 1063 1864 “Filium
1089 1823 1315 1864 hominis”
1342 1823 1486 1864 simile
1512 1824 1632 1878 quod
1664 1838 1743 1878 per

252 1885 493 1927 “Lucem’'
516 1886 820 1940 significetur;
853 1900 958 1927 nam
985 1900 1086 1928 cum
1112 1887 1405 1940 quaerebant,
1435 1886 1547 1939 Quis
1573 1893 1644 1928 est
1670 1887 1742 1928 hic

252 1949 390 1989 Filius
413 1948 638 1990 hominis?
670 1950 904 2003 respondit
924 1949 1145 1991 Dominus
1163 1950 1282 2003 quod
1307 1950 1409 2004 Ipse
1431 1957 1553 1992 esset
1576 1950 1680 1992 Lux
1698 1952 1742 1992 in

249 2025 385 2066 quam
426 2012 678 2054 crederent.
740 2024 853 2062 (Quod
875 2024 983 2053 ‘'lux''
1005 2024 1045 2053 sit
1066 2024 1218 2053 Divinum
1233 2025 1353 2053 Verum
1374 2026 1552 2062 procedens
1572 2034 1612 2054 ex
1627 2025 1745 2054 Divino

251 2079 405 2107 Humano
421 2079 561 2112 Domini,
575 2079 720 2108 videatur
733 2079 765 2108 in
780 2088 876 2117 opere
891 2080 943 2108 De
961 2079 1053 2108 Caelo
1067 2082 1098 2108 et
1118 2079 1256 2117 Inferna,
1271 2088 1302 2108 n.
1320 2079 1468 2116 126-140,
1485 2083 1516 2109 et
1536 2079 1569 2108 in
1584 2080 1745 2109 Doctrina

250 2136 360 2163 Novae
374 2135 622 2172 Hierosolymae,
638 2144 669 2165 n.
684 2145 740 2172 49;
764 2135 808 2164 ita
821 2144 951 2172 quoque
967 2135 1064 2164 Filius
1077 2135 1240 2173 hominis.)
1302 2124 1441 2178 Apud
1466 2124 1632 2166 Lucam
1646 2140 1663 2166 .·

319 2221 341 2234 “
354 2219 612 2305 Bea(ti·quat)1do
629 2221 712 2252 odio
729 2221 909 2253 habebunt
925 2231 990 2252 vos
1006 2221 1188 2253 homines.
1204 2246 1211 2253 .
1225 2227 1387 2262 ,propter
1404 2221 1532 2253 Filium
1556 2222 1714 2254 hominis
1724 2221 1743 2235 ’⁸

437 2274 484 2296 Vl.
503 2272 544 2295 22
574 2274 582 2303 ;

258 2341 283 2358 “
295 2343 483 2391 propter
499 2336 663 2377 Filium
681 2336 876 2377 hominis
891 2337 910 2351 ''
924 2344 994 2378 est
1012 2344 1197 2391 propter
1215 2338 1426 2378 Divinum
1442 2338 1613 2379 Verum
1628 2339 1749 2393 quod

255 2400 461 2453 procedit
497 2413 524 2440 a
560 2399 786 2451 Domino;
830 2400 1043 2441 Divinum
1075 2400 1247 2441 Verum
1284 2407 1354 2442 est
1393 2414 1527 2442 omne
1563 2401 1666 2443 fidei
1702 2410 1749 2444 et

254 2464 420 2504 amoris
444 2464 490 2504 in
515 2462 787 2504 Dominum:
820 2464 924 2517 quia
949 2463 1056 2504 mali
1084 2463 1162 2504 illa
1187 2470 1374 2516 negant,
1403 2470 1450 2505 et
1476 2465 1550 2518 qui
1576 2472 1749 2518 negant

254 2527 394 2567 etiarn
425 2526 530 2566 odio
559 2525 746 2576 habent,
780 2539 831 2567 ac
863 2526 970 2567 boni
1001 2533 1272 2580 agnoscunt,
1300 2527 1403 2568 ideo
1434 2527 1598 2569 dicitur
1628 2528 1749 2582 quod

253 2589 300 2630 hi
325 2589 449 2630 beati
474 2589 578 2630 sint.
639 2588 779 2643 Apud
805 2591 1014 2640 eundem,

318 2672 340 2686 ‘⁴
351 2670 506 2703 Venient
522 2670 609 2707 dies,
629 2679 707 2701 cum
725 2669 971 2701 desiderabitis
987 2679 1098 2700 unum
1112 2669 1249 2700 dierum
1268 2668 1346 2700 Filii
1358 2669 1515 2701 hominis
1529 2669 1661 2706 videre,
1681 2669 1743 2700 sed

424 2724 497 2745 non
515 2713 680 2745 videbitis
695 2722 702 2750 :
727 2719 811 2744 tunc
827 2713 947 2744 dicent
963 2713 1078 2751 vobis,
1100 2712 1189 2744 Ecce
1213 2713 1269 2744 hic
1285 2719 1347 2744 aut
1363 2722 1445 2744 ecce
1462 2713 1553 2751 illic;
1578 2723 1623 2744 ne
1647 2713 1743 2744 abite

425 2767 491 2789 nec
507 2757 720 2797 investigate
731 2756 749 2768 '’
766 2757 864 2797 (xvii.
884 2765 937 2795 22,
955 2756 1009 2796 23)
1023 2766 1031 2795 ;

255 2845 547 2887 “desiderare
572 2857 710 2885 unum
735 2844 907 2896 dierum
933 2843 1035 2885 Filii
1066 2843 1261 2885 hominis
1272 2844 1292 2859 ”
1318 2850 1388 2885 est
1415 2844 1588 2885 Verum
1615 2843 1743 2884 Divi-

253 2921 359 2949 num
390 2907 510 2962 quod
546 2908 791 2960 genuinum
826 2907 975 2961 quoad
1006 2906 1173 2961 aliquid
1205 2906 1311 2959 ejus.
1374 2906 1654 2960 Intelligitur
1684 2906 1743 2947 ibi

253 2971 352 3012 finis
377 2971 609 3020 ecclesiae,
637 2970 818 3024 quando
849 2969 972 3011 nulla
997 2970 1189 3024 amplius
1220 2969 1331 3011 fides
1357 2971 1460 3024 quia
1485 2969 1609 3010 nulla
1634 2968 1743 3010 cha-
