2060 3476
670 359 777 392 CAP.
802 359 868 399 11.,
893 358 1032 392 VERS.
1057 358 1232 402 23.—N.
1263 348 1352 391 168.
1679 359 1764 403 219

263 473 315 502 De
339 474 432 503 Caelo
453 477 484 503 et
503 474 642 513 Inferna,
657 483 688 504 n.
705 473 861 511 126-140;
887 477 919 502 et
939 473 1028 510 quod
1043 472 1133 502 “os''
1156 472 1195 501 sit
1215 480 1325 501 verum
1347 472 1380 500 in
1401 471 1513 500 ultimo
1535 471 1663 505 ordinis,
1679 475 1711 500 et
1731 471 1762 500 in

262 521 412 558 opposito
433 530 528 551 sensu
550 522 674 556 falsum,
689 521 722 550 in
742 521 884 550 Arcam&
909 520 1105 554 Caelestibus,
1128 529 1159 549 n.
1182 521 1273 557 3812,
1295 519 1384 556 5560,
1398 517 1522 556 [ἱ]5565,
1544 519 1634 556 6592,
1657 519 1761 556 8005.)

263 567 492 626 Quoniam
513 573 680 611 “renes
691 568 710 584 ''
727 567 1046 622 significabant
1067 582 1174 609 vera
1196 566 1430 621 purificata
1452 581 1478 607 a
1499 566 1636 615 falsis,
1660 566 1762 607 ideo

330 675 371 707 In
390 675 571 707 sacrificiis
587 674 822 706 adolebantur
834 673 950 705 solum
964 672 1088 713 adipes
1101 678 1136 704 et
1153 681 1257 703 renes
1269 670 1447 712 (videatur
1459 671 1570 703 Exod.
1587 670 1683 702 xxix,
1702 678 1761 710 13:

438 719 548 751 Levit.
564 717 613 751 iii.
629 727 660 758 4,
680 726 730 756 10,
749 725 810 757 15:
834 727 910 758 cap.
926 717 974 748 iv.
994 726 1035 758 9:
1059 722 1096 748 et
1111 716 1229 756 alibi);
1289 742 1307 755 ‚

263 814 384 869 quod
416 814 562 855 solum
594 814 750 867 adipes
781 819 828 854 et
854 825 985 853 renes
1011 811 1304 852 adolerentur
1330 824 1463 864 super
1489 809 1635 858 altari,
1664 815 1762 851 erat

263 891 414 927 causa,
435 878 538 932 quia
557 876 781 931 “adipes‘’
803 875 1120 929 significabant
1142 874 1263 915 bona
1287 875 1466 922 amoris,
1492 880 1539 914 et
1563 876 1732 914 “renes
1743 872 1763 888 ”

262 953 371 980 vera
391 939 508 979 fidei.
568 939 681 988 (Quod
696 945 713 957 ‘¹
724 949 835 986 adipes
846 948 862 957 ''
879 957 936 977 seu
951 944 968 956 ‘⁴
979 946 1218 986 pinguedines''
1234 946 1412 984 significent
1431 946 1517 975 bona
1535 946 1662 979 amoris,
1677 945 1764 974 vide-

261 1005 333 1029 atur
347 1009 378 1030 n.
394 1007 463 1038 353,
479 1007 568 1037 5943,
584 1000 673 1037 6409,
691 1008 799 1036 10033.
843 999 941 1036 Quod
955 1000 972 1012 ‘¹
982 1007 1073 1027 renes
1083 997 1100 1007 ''
1116 997 1292 1035 significent
1306 1006 1381 1026 vera
1395 996 1470 1025 fidei
1491 996 1663 1030 lustrantia,
1678 997 1764 1034 puri-

262 1047 398 1082 ficantia,
411 1053 442 1077 et
455 1057 475 1077 a
488 1056 522 1076 se
534 1047 704 1085 rejicientia
714 1047 800 1081 falsa,
813 1051 860 1075 est
871 1055 911 1075 ex
922 1045 1219 1088 correspondentia·
1241 1054 1315 1074 nam
1327 1045 1437 1074 omnia
1447 1049 1478 1073 et
1489 1044 1613 1082 singula
1623 1044 1764 1082 corporis

262 1096 523 1133 correspondent,
538 1099 574 1123 ut
596 1098 740 1124 constare
759 1097 864 1132 potest
884 1093 917 1122 in
938 1102 1036 1131 opere
1051 1094 1103 1122 De
1121 1093 1213 1122 Caelo
1230 1096 1262 1122 et
1281 1093 1419 1131 lnserno,
1435 1093 1489 1122 ubi
1512 1092 1543 1121 in
1558 1101 1617 1121 suo
1632 1091 1764 1121 articulo

262 1143 440 1172 ostenditur
451 1142 552 1179 Quod
561 1141 852 1186 Correspondentia
862 1141 901 1169 sit
913 1141 1057 1170 omnium
1067 1141 1156 1170 Caeli
1167 1149 1241 1170 cum
1252 1141 1400 1169 omnibus
1412 1140 1572 1174 Hominis,
1583 1149 1614 1169 n
1626 1142 1762 1176 87—102;

262 1197 293 1221 et
312 1193 355 1221 ibi
374 1193 415 1222 de
436 1192 588 1226 Renibus,
608 1201 639 1221 n.
659 1191 709 1229 96,
728 1190 794 1229 97·)
852 1179 965 1233 Quis
990 1193 1181 1234 usquam
1207 1180 1360 1228 sciret,
1388 1180 1473 1220 nisi
1498 1180 1615 1219 sciat
1640 1178 1762 1232 quod

262 1243 367 1284 talis
401 1242 805 1296 correspondentia
838 1243 910 1291 sit,
947 1255 1024 1282 cur
1057 1243 1196 1282 toties
1230 1242 1274 1282 in
1308 1240 1464 1282 Verbo
1497 1241 1674 1282 dicatur
1706 1240 1763 1281 de

261 1305 469 1359 Jehovah
493 1320 571 1347 seu
598 1306 810 1354 Domino,
835 1305 956 1359 quod
983 1306 1040 1346 sit
1066 1308 1311 1346 “scrutans
1338 1311 1385 1346 et
1412 1304 1609 1358 probans
1631 1318 1762 1345 renes

262 1373 309 1408 et
335 1381 414 1408 COl‘
428 1367 469 1408 ?''
526 1378 708 1416 (Praeterea
727 1378 767 1407 de
787 1377 1079 1415 Correspondentia
1099 1377 1236 1411 Renum,
1253 1377 1423 1406 Ureterum
1439 1381 1470 1405 et
1484 1377 1662 1410 Vesiculae‚
1678 1377 1765 1405 vide-

261 1436 333 1461 atur
351 1432 383 1460 in
402 1432 541 1461 Arcanis
563 1432 756 1465 Caele-smus,
776 1440 807 1460 n.
828 1431 1034 1468 5380-5386-)
1103 1418 1240 1472 Quod
1280 1420 1511 1459 “scrutari
1546 1432 1678 1459 renes
1715 1424 1762 1459 et

263 1483 431 1524 corda'’
450 1484 589 1524 etiam
608 1482 832 1555 significet
855 1482 1096 1536 explorare
1119 1482 1350 1522 exteriora
1372 1487 1418 1522 et
1442 1482 1656 1522 interiora
1678 1481 1763 1522 ho-

263 1547 409 1595 minis,
443 1553 514 1587 est
545 1547 648 1600 quia
679 1559 835 1587 verum
867 1551 937 1587 est
969 1551 1103 1586 extra
1134 1550 1182 1585 et
1219 1544 1388 1585 bonum
1421 1551 1492 1586 est
1522 1545 1668 1595 intra;
1710 1558 1762 1585 ac

263 1611 433 1651 bonum
466 1609 712 1664 spirituale,
749 1609 870 1663 quod
903 1609 947 1649 in
981 1622 1061 1649 sua
1093 1609 1293 1649 essentia
1326 1614 1396 1649 est
1428 1621 1599 1657 verum,
1635 1614 1682 1649 et
1718 1609 1763 1649 in

263 1676 414 1728 specie
433 1688 511 1728 per
530 1672 729 1714 “renes''
746 1671 1038 1744 significatur,
1059 1678 1129 1712 est
1146 1672 1316 1713 bonum
1334 1673 1561 1723 exterius;
1594 1672 1764 1713 bonum

263 1744 418 1779 autem
445 1737 660 1787 caeleste,
689 1737 809 1791 quod
840 1737 885 1777 in
912 1737 1063 1790 specie
1094 1749 1174 1789 per
1202 1735 1346 1777 “cor’'
1372 1735 1664 1789 significatur,
1693 1742 1764 1777 est

263 1800 435 1840 bonum
467 1799 672 1840 interius.
730 1808 823 1847 (Hoc
841 1808 955 1838 melius
973 1813 1119 1837 constare
1137 1811 1242 1845 potest
1261 1817 1301 1837 ex
1319 1808 1379 1837 illis
1398 1817 1481 1845 quae
1500 1809 1541 1837 de
1562 1809 1677 1846 Regno
1696 1808 1766 1846 Spi-

263 1866 366 1895 rituali
381 1870 412 1895 et
426 1866 466 1895 de
483 1866 596 1903 Regno
612 1864 748 1894 Caelesti
761 1864 796 1893 in
810 1872 907 1901 opere
922 1864 974 1892 De
992 1863 1084 1893 Caelo
1099 1866 1130 1892 et
1143 1863 1281 1901 lnferno,
1297 1872 1329 1893 n.
1346 1863 1455 1898 20-26‚
1471 1868 1598 1892 ostensa
1612 1864 1710 1901 sunt.)

343 1931 475 1974 168.
512 1931 601 1971 ‘Et
620 1930 722 1971 dabo
747 1929 962 1983 unicuique
988 1933 1164 1970 vostrum
1192 1930 1415 1970 secundum
1440 1942 1565 1982 opem
1590 1930 1767 1970 „eum”—

263 1993 400 2047 Quod
423 1992 646 2047 significet
669 1992 842 2033 beatum
862 1998 1087 2032 aeternum
1109 1991 1341 2031 secundum
1362 1991 1585 2032 internum
1606 1991 1697 2045 ejus
1719 1991 1764 2032 in

262 2064 455 2107 externo,
480 2063 664 2098 constat
690 2070 751 2097 ex
777 2055 1110 2109 significatione
1136 2055 1401 2108 “operum,’'
1423 2055 1544 2108 quod
1571 2055 1661 2095 sint
1688 2054 1765 2096 illa

264 2135 378 2176 quae
400 2127 505 2162 sunt
529 2121 694 2161 amoris
717 2126 763 2161 et
785 2119 889 2165 inde
912 2118 1015 2160 fidei
1035 2117 1112 2172 (de
1129 2133 1217 2172 qua
1235 2132 1385 2172 supra,
1406 2132 1446 2158 n.
1465 2119 1533 2171 98,
1560 2118 1655 2172 116)
1675 2132 1684 2168 ;
1717 2124 1764 2159 et

264 2184 384 2238 quod
411 2185 501 2225 sint
528 2198 582 2225 ea
607 2185 651 2224 in
677 2182 806 2224 factis
833 2197 911 2223 seu
937 2183 1146 2236 operibus
1177 2180 1343 2235 (supra,
1370 2195 1411 2222 n.
1435 2179 1601 2235 [²¹157);
1635 2188 1681 2222 et
1705 2195 1764 2222 ex

265 2247 598 2301 significatione
625 2247 772 2287 “dare
799 2247 1036 2300 unicuique
1069 2245 1318 2286 secundum
1351 2245 1528 2299 opera,'’
1554 2245 1674 2298 quod
1706 2246 1764 2285 sit

264 2311 450 2352 beatum
485 2316 746 2360 aeternum;
791 2322 896 2350 nam
935 2322 1070 2349 omne
1106 2309 1291 2349 beatum
1329 2315 1376 2349 et
1410 2308 1656 2361 jucundum
1694 2302 1783 2348 est’

267 2375 432 2415 amoris
455 2379 501 2414 et
524 2373 771 2414 secundum
795 2385 997 2413 amorem
1022 2370 1099 2425 (de
1121 2386 1209 2425 qua
1231 2373 1370 2412 etiam
1393 2385 1541 2424 supra,
1566 2384 1608 2411 n.
1638 2370 1734 2425 146)
1753 2384 1763 2411 :

266 2437 338 2478 hic
369 2451 449 2490 per
477 2437 621 2477 “dare
647 2437 883 2490 unicuique
910 2436 1158 2476 secundum
1185 2449 1323 2489 opera
1349 2435 1458 2475 sua’'
1485 2433 1767 2487 significatur

266 2501 452 2541 beatum
475 2506 711 2541 aeternum
734 2499 982 2540 secundum
1005 2500 1232 2540 internum
1258 2499 1302 2539 in
1330 2504 1540 2547 externo,
1564 2499 1667 2552 quia
1681 2498 1764 2547 ‚hic

267 2564 418 2617 agitur
439 2563 495 2604 de
517 2563 604 2603 illis
627 2564 700 2616 qui
723 2564 767 2609 in
789 2563 968 2603 interno
991 2568 1096 2603 sunt
1119 2568 1164 2602 et
1188 2561 1319 2602 simul
1341 2562 1385 2602 in
1409 2569 1617 2609 externo,
1639 2568 1686 2602 et
1709 2562 1765 2602 de

267 2625 584 2680 conjunctione
617 2627 846 2680 utriusque
881 2624 1108 2680 (videatur
1139 2639 1285 2679 supra,
1319 2639 1361 2666 n.
1401 2625 1543 2679 150),
1591 2625 1767 2666 Dicitur

270 2690 443 2731 beatum
464 2696 688 2730 aeternum
709 2689 942 2730 secundum
967 2689 1187 2729 internum
1217 2689 1262 2729 z'n
1286 2695 1479 2738 externo,
1502 2689 1605 2742 quia
1631 2701 1766 2729 omne

268 2754 455 2795 beatum
481 2752 596 2793 caeli
621 2752 740 2806 apud
772 2752 1016 2800 hominem,
1044 2753 1264 2805 spiritum,
1292 2758 1339 2793 et
1365 2751 1595 2805 angelum,
1623 2751 1766 2791 influit

269 2830 348 2870 per
373 2814 602 2857 internum
633 2816 676 2856 in
710 2822 953 2856 externum
985 2828 1166 2866 eorum;
1199 2816 1426 2856 internum
1458 2816 1578 2856 enim
1611 2827 1765 2855 eorum

268 2880 512 2921 formatum
540 2885 608 2920 est
637 2879 698 2919 ad
730 2879 1038 2932 receptionem
1065 2879 1266 2919 omnium
1292 2878 1420 2927 caeli,
1449 2884 1495 2919 et
1522 2884 1766 2918 externum

268 2943 324 2984 ad
357 2943 666 2996 receptionem
698 2943 898 2983 omnium
925 2942 1105 2992 mundi;
1138 2948 1413 2995 quapropter
1444 2941 1630 2982 beatum
1662 2953 1766 2980 cae-

269 3005 385 3048 leste
410 3006 544 3047 datur
569 3006 699 3047 unice
730 3005 849 3059 apud
881 3004 983 3046 illos
1012 3005 1130 3059 apud
1162 3019 1273 3059 quos
1305 3006 1530 3046 internum
1557 3008 1764 3057 apertum
