2060 3476
606 345 712 389 CAR.
736 346 822 387 111.,
845 345 984 378 VERs.
1008 345 1183 379 20.—N.
1206 347 1229 377 2
1237 334 1374 390 50[a].
1658 343 1736 386 397

245 457 439 500 fe6tione
469 458 544 512 qui
576 458 739 500 volunt
768 458 921 499 vivere
950 458 1200 499 secundum
1234 471 1343 498 vera
1378 471 1438 498 ex
1468 456 1642 504 Verbo,
1675 455 1738 496 ita

246 521 495 562 secundum
516 527 764 575 praecepta
785 521 995 562 Domini:
1027 521 1073 561 hi
1093 526 1199 562 sunt
1221 521 1296 574 qui
1316 519 1637 573 intelliguntur
1662 529 1738 570 per

250 583 378 636 “Qui
402 584 624 625 audiverit
647 596 808 624 vocem
834 596 999 632 meam,
1026 589 1072 624 et
1097 583 1325 636 aperuerit
1351 582 1533 630 ostium,
1555 579 1738 621 intrabo

248 649 306 689 ad
331 648 472 696 illum,
499 654 548 689 et
572 648 748 689 cenabo
772 661 874 689 cum
899 647 980 688 illo
1004 652 1052 688 et
1077 647 1154 688 ille
1180 646 1403 688 Mecum.”

327 713 542 769 25o[a].
581 714 667 754 “Et
692 714 902 767 aperuerit
928 713 1308 767 ostium.”—Quod
1339 712 1563 766 significet
1593 717 1739 763 recep-

250 776 406 818 tionem
430 776 556 817 corde
575 790 650 817 seu
679 776 833 824 vitam,
860 782 1044 817 constat
1076 790 1136 817 ex
1168 775 1500 829 significatione
1530 772 1740 826 “aperire

250 839 456 889 ostium,’'
481 839 602 893 quod
634 839 692 880 sit
724 839 1044 888 intromittere,
1078 853 1158 893 per
1191 839 1395 879 “ostium
1408 837 1427 853 ”
1453 837 1572 878 enim
1605 835 1741 888 signi-

250 901 410 943 ficatur
435 903 711 943 intromissio
736 901 963 956 (videatur
984 916 1132 956 supra,
1160 916 1202 942 n.
1230 901 1360 955 208);
1393 901 1464 942 hic
1488 906 1641 941 autem
1663 913 1741 952 per

254 966 465 1020 “aperire
491 965 689 1006 ostium”
714 965 993 1019 significatur
1013 966 1215 1019 receptio
1238 965 1374 1006 corde
1397 978 1478 1005 seu
1500 963 1608 1011 vita,
1636 975 1741 1003 nam

252 1030 453 1083 sequitur
466 1032 542 1070 “et
557 1029 737 1070 intrabo
751 1029 807 1069 ad
822 1024 985 1069 illum.”
1022 1029 1197 1070 Dicitur
1214 1028 1287 1069 “si
1301 1027 1525 1081 aperuerit
1537 1024 1742 1073 ostium,’⁵

252 1093 369 1135 sicut
405 1091 544 1133 homo
584 1092 792 1145 aperiret,
826 1105 927 1133 cum
965 1098 1121 1133 tamen
1163 1092 1266 1145 Ipse
1304 1091 1526 1132 Dominus
1563 1095 1633 1130 est
1669 1088 1743 1142 qui

253 1155 411 1209 aperit,
435 1154 682 1205 secundum
704 1154 782 1195 illa
803 1168 917 1208 quae
943 1168 1053 1196 mox
1075 1168 1210 1208 supra
1238 1153 1300 1208 (n.
1327 1153 1428 1208 248)
1453 1151 1574 1194 dicta
1596 1158 1643 1193 et
1669 1165 1742 1192 os-

253 1224 386 1265 tensa
416 1224 547 1268 sunt;
580 1217 660 1258 sed
700 1217 765 1258 ita
801 1217 977 1267 dicitur,
1012 1219 1224 1271 quoniam
1256 1219 1320 1259 ita
1351 1222 1540 1271 apparet
1571 1214 1743 1256 homini

254 1295 313 1322 ex
336 1281 476 1322 libero
498 1281 538 1322 ei
560 1280 670 1322 dato
695 1295 721 1321 a
748 1281 972 1332 Domino;
1005 1287 1052 1322 et
1075 1287 1311 1335 praeterea
1337 1282 1381 1322 in
1404 1294 1539 1322 sensu
1561 1279 1744 1320 litterae

254 1343 396 1385 Verbi
427 1343 554 1398 plura
586 1343 834 1385 secundum
865 1345 1156 1398 apparentias
1187 1343 1308 1386 dicta
1339 1350 1459 1393 sunt,
1493 1343 1573 1384 sed
1604 1355 1744 1395 appa-

254 1407 427 1453 rentiae
466 1406 571 1448 illae
611 1413 838 1456 exuuntur
874 1408 918 1448 in
955 1407 1084 1448 caelo
1122 1408 1195 1448 ubi
1232 1421 1390 1448 sensus
1427 1407 1630 1447 internus
1667 1418 1746 1445 seu

255 1470 499 1524 spiritualis
521 1469 661 1511 Verbi
683 1476 767 1511 est.
828 1469 996 1511 Sensus
1020 1470 1200 1512 litterae
1223 1470 1364 1511 Verbi
1389 1471 1433 1511 in
1456 1468 1611 1510 multis
1634 1467 1746 1508 locis

255 1532 503 1574 secundum
525 1533 815 1586 apparentias
837 1539 921 1582 est,
945 1547 1005 1575 ex
1028 1547 1164 1574 causa
1186 1539 1235 1574 ut
1258 1533 1424 1574 serviat
1447 1532 1595 1573 sensui
1619 1531 1745 1584 spiri-

255 1595 368 1637 tuali
389 1609 469 1649 pro
490 1596 612 1647 basi;
645 1595 810 1650 alioqui
832 1610 923 1638 non
945 1597 1060 1638 foret
1082 1597 1122 1638 ei
1147 1597 1267 1638 basis
1289 1610 1367 1637 seu
1389 1595 1746 1637 fundamentum.

257 1657 392 1712 Quod
433 1658 562 1712 plura
597 1660 641 1700 in
678 1659 835 1701 Verbo
870 1660 1118 1702 secundum
1153 1660 1442 1714 apparentias
1484 1657 1604 1706 dieta
1640 1659 1746 1706 sint,

256 1728 467 1763 constare
493 1728 648 1775 potest
674 1722 819 1764 solum
846 1737 906 1764 ex
932 1737 1001 1773 eo,
1029 1723 1150 1777 quod
1176 1724 1221 1764 in
1244 1723 1400 1764 Verbo
1426 1722 1601 1763 dicatur
1627 1721 1745 1775 quod

256 1784 425 1825 malum
457 1786 514 1826 sit
546 1799 573 1826 a
615 1785 729 1835 Deo,
763 1786 884 1839 quod
921 1786 1321 1835 excandescentia,
1355 1786 1432 1832 ira,
1466 1791 1512 1826 et
1549 1783 1747 1826 vindicta

256 1848 358 1889 Deo
389 1849 462 1897 sit,
491 1854 537 1889 et
569 1848 732 1890 similia
761 1849 875 1900 alia;
909 1862 1010 1890 cum
1042 1855 1197 1890 tamen
1230 1849 1353 1890 Deus
1379 1848 1546 1889 nemini
1579 1847 1748 1888 malum

254 1910 404 1960 saciat,
434 1924 516 1952 nec
550 1911 641 1965 Ipsi
672 1912 730 1952 sit
761 1911 910 1966 aliqua
936 1912 999 1953 ira
1025 1918 1071 1953 et
1098 1910 1321 1962 vindi&a;
1355 1918 1425 1953 est
1451 1912 1570 1952 enim
1602 1911 1747 1964 ipsum

256 1973 432 2015 Bonum
470 1980 516 2015 et
553 1975 647 2028 ipse
686 1974 858 2025 Amor;
903 1975 983 2016 sed
1021 1976 1123 2029 quia
1160 1976 1224 2016 ita
1257 1981 1446 2028 apparet
1481 1987 1582 2015 cum
1609 1974 1748 2014 homo

256 2036 425 2078 malum
451 2037 558 2078 facit
589 2044 637 2079 et
670 2039 865 2091 punitur,
893 2038 996 2079 ideo
1027 2039 1071 2079 in
1103 2052 1238 2079 sensu
1264 2038 1444 2079 litterae
1475 2038 1539 2078 ita
1570 2031 1746 2086 dicitur,

256 2099 336 2141 sed
362 2114 501 2154 usque
532 2100 618 2142 hoc
646 2101 779 2143 aliter
803 2102 848 2142 in
874 2115 1008 2142 sensu
1035 2101 1175 2142 Verbi
1202 2101 1420 2155 spirituali
1452 2100 1746 2154 intelligitur:

257 2162 402 2204 simile
433 2170 504 2205 est
535 2177 638 2205 cum
670 2164 774 2214 hoc,
805 2165 879 2205 “si
910 2164 1049 2206 homo
1081 2165 1306 2218 aperuerit
1339 2164 1545 2206 ostium.”
1611 2164 1749 2204 Porro

257 2226 434 2267 dicetur
459 2227 563 2280 quid
594 2227 866 2281 intelligitur
890 2242 970 2282 per
997 2229 1208 2282 “aperire
1239 2227 1446 2277 ostium,'’
1472 2240 1574 2268 cum
1606 2227 1649 2268 id
1682 2227 1748 2268 di-

258 2289 374 2329 citur
408 2288 500 2330 fieri
536 2290 594 2330 ab
630 2289 827 2340 homine,
868 2297 917 2332 ut
954 2291 1053 2347 hic;
1096 2304 1274 2344 nempe,
1314 2291 1535 2331 Dominus
1572 2303 1750 2344 semper

258 2365 444 2405 presens
470 2358 541 2393 est
567 2365 668 2393 cum
694 2353 816 2395 bono
842 2360 889 2395 et
914 2368 1023 2395 vero
1055 2354 1174 2407 apud
1205 2354 1452 2402 hominem,
1481 2360 1527 2394 et
1559 2349 1750 2395 conatur

259 2415 430 2468 aperire
457 2414 549 2467 ejus
575 2422 777 2458 mentem
803 2417 1098 2471 spiritualem,
1126 2431 1241 2470 quae
1266 2423 1337 2458 est
1367 2416 1603 2458 “ostium‘’
1629 2416 1750 2470 quod

260 2477 483 2519 Dominus
513 2479 685 2532 aperire
715 2479 828 2529 vult,
856 2486 903 2521 et
940 2480 1110 2521 donare
1140 2479 1266 2520 illum
1299 2479 1487 2521 caelesti
1518 2493 1672 2521 amore
1703 2486 1750 2521 et

259 2540 372 2599 fide;
405 2541 514 2582 dicit
542 2542 676 2591 enim,
707 2541 828 2584 “Sto
853 2543 911 2584 ad
937 2544 1101 2584 ostium
1125 2549 1171 2584 et
1203 2542 1333 2596 pulso
1350 2542 1384 2583 :''
1410 2543 1490 2584 sed
1517 2543 1587 2584 hic
1611 2557 1750 2584 cona-

261 2610 334 2646 tus
352 2617 430 2645 seu
452 2604 564 2645 haec
588 2611 807 2659 perpetua
823 2605 1037 2647 voluntas
1060 2606 1243 2647 Domini
1266 2619 1357 2646 non
1374 2607 1678 2660 appercipitur
1694 2607 1751 2647 ab

260 2666 444 2708 homine
461 2681 471 2718 ;
505 2673 636 2720 putat
659 2669 778 2709 enim
796 2668 934 2709 homo
957 2669 1076 2722 quod
1098 2669 1266 2710 bonum
1283 2669 1419 2710 faciat
1441 2683 1467 2710 a
1485 2683 1546 2718 se,
1567 2675 1613 2710 et
1631 2669 1751 2723 quod

261 2729 338 2771 ille
360 2736 555 2771 conatus
573 2744 651 2772 seu
672 2731 749 2772 illa
766 2731 980 2773 voluntas
998 2733 1055 2773 sit
1073 2732 1116 2773 in
1138 2732 1242 2773 illo:
1271 2733 1382 2773 satis
1405 2739 1475 2773 est
1499 2739 1607 2774 tunc
1631 2733 1752 2786 quod

262 2799 486 2846 agnoscat
510 2807 569 2834 ex
591 2792 795 2835 doctrina
813 2794 1034 2836 ecclesiae
1051 2795 1171 2849 quod
1194 2809 1328 2836 omne
1346 2795 1514 2836 bonum
1533 2796 1590 2836 sit
1608 2810 1633 2836 a
1652 2796 1751 2837 Deo

262 2863 310 2905 et
336 2856 446 2897 nihil
472 2857 530 2897 ab
560 2856 757 2898 homine.
819 2856 954 2911 Quod
980 2871 1072 2899 non
1102 2859 1437 2912 appercipiatur
1463 2858 1520 2899 ab
1551 2858 1749 2906 homine,

263 2925 334 2960 est
359 2919 498 2960 etiam
521 2932 670 2968 causa,
690 2926 739 2961 ut
767 2920 824 2961 ab
845 2920 1029 2961 homine
1046 2921 1104 2962 sit
1127 2922 1341 2975 receptio,
1362 2927 1408 2962 et
1432 2935 1509 2975 per
1526 2921 1750 2974 receptio-

264 2994 367 3022 nem
393 2983 725 3036 appropriatio;
761 2982 893 3024 aliter
913 2984 1032 3025 enim
1058 2982 1197 3025 homo
1219 2997 1309 3025 non
1331 2984 1560 3025 reformari
1582 2989 1749 3039 potest¹
