2060 3476
633 362 740 398 cAP.
764 363 851 404 111.,
875 363 1013 395 vssRs.
1043 363 1185 395 1.—N.
1215 353 1371 410 186[c].
1670 352 1749 394 261

255 474 368 516 Inde
390 482 460 517 est
485 477 606 531 quod
636 477 860 519 Dominus
886 478 1060 519 dicatur
1083 477 1264 519 “Vivus
1274 476 1295 493 ‘’
1316 483 1363 519 et
1387 476 1598 518 “Vivens
1610 476 1630 492 ”

504 568 619 612 (Apoc.
633 569 680 602 iv.
694 579 726 611 9,
743 577 806 608 103
837 578 915 611 cap.
928 579 964 603 v.
980 577 1042 608 143
1074 579 1152 611 cap.
1164 569 1225 602 vii.
1239 577 1259 601 2
1273 578 1281 608 ;
1312 579 1390 610 cap.
1403 579 1438 602 x.
1454 567 1488 609 6)
1502 578 1510 607 ;

257 670 306 705 ut
338 678 516 718 quoque
542 664 743 718 Jehovah
774 665 974 718 plurimis
1005 664 1050 705 in
1081 664 1192 706 locis
1216 664 1334 718 apud
1366 663 1629 718 Prophetas.
1692 663 1754 705 Et

256 727 360 781 quia
383 727 604 769 Dominus
626 734 696 770 est
718 727 843 777 Vita,
866 728 969 769 ideo
995 741 1153 769 omnes
1174 728 1315 768 vitam
1337 727 1508 768 habent
1535 727 1592 768 ab
1619 727 1753 781 Ipso;

255 791 375 844 quod
402 792 541 841 etiam
566 790 789 833 Dominus
815 791 950 833 docet
967 790 1178 846 :—Apud
1203 790 1471 840 Johannem,

325 887 347 900 ¹⁴
360 885 429 927 Qui
446 886 558 918 credit
581 886 618 918 in
637 886 765 918 Filium
789 887 897 918 habet
912 886 1023 918 vitam
1041 892 1238 925 aeternam,
1257 886 1317 928 qui
1333 896 1421 918 vero
1438 896 1511 918 non
1528 887 1640 918 credit
1665 885 1755 918 Filio

430 940 503 962 non
523 930 656 962 videbit
671 931 782 962 vitam
796 930 814 942 '¹
830 930 895 971 (iii.
911 930 966 971 36)
980 940 988 970 ;

254 1006 373 1059 apud
399 1006 608 1058 eundem,

320 1084 425 1126 Jesus
442 1085 542 1124 dixit,
563 1086 584 1100 ‘¹
598 1085 674 1125 Ego
691 1086 774 1117 veni
790 1092 829 1117 ut
839 1085 858 1098 ”
876 1096 963 1118 oves
984 1087 1006 1101 “
1018 1086 1128 1118 vitam
1145 1086 1302 1118 habeant
1315 1094 1339 1126 ς.
1353 1111 1362 1119 .
1375 1110 1383 1119 .
1397 1085 1492 1127 ‚Ego
1507 1086 1618 1119 vitam
1642 1091 1756 1120 aeter-

430 1138 515 1160 nam
531 1127 578 1161 do
594 1129 664 1161 illis
675 1127 694 1141 '’
712 1128 760 1170 (x.
776 1138 827 1169 10,
843 1129 920 1171 28),

262 1205 380 1257 apud
407 1205 616 1255 eundem,

475 1284 498 1298 ‘⁴
509 1283 579 1325 Qui
595 1283 706 1316 eredit
722 1284 759 1315 in
778 1283 851 1323 Me,
872 1285 939 1316 etsi
956 1285 1140 1324 moriatur,
1160 1285 1259 1317 vivet
1269 1284 1288 1298 ''
1305 1284 1366 1324 (xi.
1379 1293 1433 1325 25,
1448 1285 1523 1327 26);

255 1359 375 1413 apud
402 1360 609 1410 eundem,

464 1437 582 1469 “Non
598 1438 707 1470 vultis
724 1438 846 1470 venire
863 1438 908 1471 ad
927 1438 1000 1477 Me,
1019 1444 1059 1471 ut
1075 1439 1186 1470 vitam
1202 1438 1365 1471 habeatis
1375 1438 1394 1452 ’'
1411 1438 1458 1480 (v,
1471 1438 1539 1481 40).

256 1523 393 1578 Quod
421 1525 585 1567 “vita”
610 1526 834 1580 significet
867 1527 1129 1577 Dominum,
1160 1534 1207 1569 et
1238 1528 1344 1569 inde
1374 1527 1676 1570 salvationem
1708 1536 1755 1571 et

255 1588 446 1638 caelum,
474 1595 544 1630 est
571 1590 674 1643 quia
697 1603 832 1631 omne
853 1590 974 1631 vitae
999 1605 1059 1632 ex
1086 1591 1217 1632 unico
1241 1591 1391 1632 Fonte
1417 1597 1503 1641 est,
1527 1598 1574 1633 et
1600 1593 1755 1634 unicus

254 1651 331 1692 ille
363 1652 486 1692 vitae
518 1652 641 1693 Fons
673 1659 743 1694 est
775 1653 1012 1702 Dominus,
1046 1667 1098 1694 ac
1129 1653 1284 1708 angeli
1321 1660 1368 1695 et
1405 1654 1612 1696 homines
1649 1664 1754 1698 sunt

255 1715 392 1756 modo
424 1715 593 1756 formae
618 1717 888 1770 recipientes
913 1718 1055 1758 vitam
1080 1717 1138 1758 ab
1170 1717 1302 1771 Ipso;
1344 1718 1442 1772 ipsa
1467 1719 1562 1760 vita
1588 1733 1703 1773 quae
1729 1735 1756 1762 a

255 1777 454 1819 Domino
480 1779 701 1831 procedit,
728 1785 774 1820 et
806 1794 922 1833 quae
954 1780 1115 1834 implet
1142 1780 1317 1821 caelum
1344 1787 1390 1822 et
1422 1783 1654 1833 mundum,
1683 1791 1754 1825 est

253 1841 349 1881 vita
380 1840 567 1882 Amoris
600 1842 758 1896 Ipsius,
791 1849 838 1884 et
876 1849 1063 1896 apparet
1100 1844 1145 1884 in
1182 1844 1311 1884 caelo
1342 1844 1456 1885 sicut
1495 1845 1601 1896 lux;
1638 1860 1752 1899 quae

254 1904 359 1958 quia
399 1905 494 1945 vita
533 1912 618 1954 est,
657 1905 881 1947 illuminat
917 1906 1184 1959 angelorum
1220 1913 1412 1956 mentes,
1447 1914 1493 1949 et
1534 1909 1613 1949 dat
1648 1909 1752 1950 illos

253 1966 511 2020 intelligere
533 1974 579 2014 et
603 1982 786 2022 sapere;
819 1969 923 2009 inde
946 1976 1015 2010 est
1033 1969 1153 2023 quod
1176 1969 1397 2010 Dominus
1420 1969 1478 2011 Se
1500 1985 1591 2012 non
1614 1973 1752 2013 modo

252 2029 373 2071 dicat
398 2029 595 2072 “Vitam
607 2031 627 2046 ”
649 2032 728 2072 sed
751 2033 888 2072 etiam
913 2032 1121 2073 “Lucem
1139 2032 1300 2074 :”—Ut
1322 2034 1440 2087 apud
1461 2034 1731 2085 Johannem,

321 2126 344 2140 ‘⁸
356 2124 399 2157 In
416 2125 592 2166 principio
609 2132 686 2158 erat
702 2126 872 2165 Verbum,
893 2134 928 2158 et
945 2127 1103 2159 Verbum
1121 2134 1198 2159 erat
1220 2128 1316 2169 apud
1341 2128 1470 2167 Deum,
1490 2136 1526 2161 et
1552 2129 1650 2162 Deus
1675 2138 1752 2163 erat

427 2169 596 2203 Verbum.
651 2195 659 2202 .
673 2195 681 2203 .
695 2195 702 2202 .
717 2170 776 2203 ,In
792 2170 877 2211 Ipso
891 2171 966 2202 vita
979 2178 1068 2209 erat,
1085 2178 1122 2203 et
1138 2172 1212 2203 vita
1224 2178 1302 2204 erat
1318 2172 1378 2204 lux
1394 2173 1582 2205 hominum
1597 2185 1621 2206 2.
1636 2199 1644 2206 .
1657 2181 1750 2206 .erat

427 2212 505 2245 Lux
517 2224 612 2251 vera,
625 2224 715 2255 quae
729 2214 907 2246 illuminat
920 2225 1065 2246 omnem
1078 2215 1264 2248 hominem
1276 2217 1480 2248 venientem
1495 2218 1531 2248 in
1545 2219 1719 2250 mundum
1731 2218 1751 2231 ''

427 2256 463 2297 (i.
480 2266 509 2296 1,
522 2256 645 2299 4-12);

254 2333 374 2388 apud
398 2334 606 2384 eundem,

321 2410 460 2453 “Jesus
477 2411 579 2451 dixit,
599 2411 677 2453 Ego
693 2423 774 2444 sum
791 2413 869 2445 Lux
886 2413 1032 2452 mundi;
1057 2414 1117 2456 qui
1136 2414 1197 2446 Me
1215 2415 1386 2456 sequitur,
1406 2426 1480 2448 non
1497 2417 1695 2450 ambulabit
1713 2417 1750 2450 in

427 2456 596 2494 tenebris,
617 2457 681 2488 sed
696 2456 841 2489 habebit
858 2458 972 2489 lucem
991 2458 1085 2490 vitae
1096 2457 1115 2470 '’
1132 2457 1219 2499 (viii.
1239 2459 1293 2500 12)
1307 2469 1314 2498 ;

253 2545 300 2581 et
326 2539 445 2593 apud
472 2539 710 2590 Davidem,

316 2623 480 2666 Jehovah
501 2624 524 2638 ‘¹
536 2623 669 2656 Tecum
687 2625 867 2667 scaturigo
883 2626 990 2665 vitae,
1010 2627 1047 2659 in
1071 2627 1149 2659 luce
1173 2633 1234 2660 tua
1250 2628 1412 2661 videmus
1436 2629 1552 2661 lucem
1565 2629 1584 2642 ’¹
1601 2629 1748 2670 (Psalm.

426 2668 545 2700 xxxvi.
562 2676 604 2699 10
621 2666 681 2710 [B.
696 2670 743 2701 A.
757 2667 820 2711 9]).

252 2762 371 2812 Lux,
390 2776 504 2817 quae
522 2769 592 2804 est
618 2763 713 2804 vita
737 2778 764 2804 a
785 2764 984 2806 Domino
1010 2766 1054 2806 in
1077 2766 1219 2816 caelo,
1247 2767 1306 2808 ibi
1327 2774 1516 2809 vocatur
1534 2768 1746 2809 Divinum

247 2825 438 2881 ⁴Verum,
466 2827 680 2879 quoniam
712 2826 797 2868 hoc
830 2827 951 2869 lucet
982 2829 1025 2869 in
1059 2830 1286 2871 mentibus
1309 2845 1463 2872 eorum
1495 2833 1568 2885 qui
1600 2832 1673 2880 ibi,
1701 2838 1747 2872 et

250 2889 354 2929 inde
387 2888 507 2929 lucet
532 2889 685 2930 Coram
718 2890 858 2930 oculis
883 2905 1051 2933 eorum.
1113 2893 1226 2934 Inde
1257 2900 1340 2942 est,
1375 2895 1495 2948 quod
1524 2894 1673 2935 “lux'’
1703 2895 1747 2935 in

250 2951 406 2993 Verbo
431 2952 655 3006 significet
683 2953 894 2994 Divinum
917 2954 1103 3005 Verum,
1131 2963 1177 2997 et
1204 2957 1308 2998 inde
1330 2957 1680 3010 intelligentiam
1699 2964 1745 2998 et

250 3013 540 3067 sapientiam,
564 3020 610 3055 et
633 3015 754 3068 quod
778 3015 882 3068 Ipse
906 3015 1129 3057 Dominus
1151 3018 1330 3058 dicatur
1353 3018 1537 3059 “Lux.”
1589 3029 1667 3068 (Sed
1685 3030 1748 3059 hoc
