2060 3476
310 367 389 410 372
704 365 1036 398 APOCALYPSIS
1067 365 1366 399 EXPLICATA.

306 491 426 527 vera,
451 478 514 519 ita
536 491 619 519 nec
647 478 906 520 Dominum.
949 455 1079 520 ‘Inde
1105 484 1176 520 est
1202 479 1322 533 quod
1349 478 1530 520 Scribae
1556 485 1603 521 et
1635 479 1789 521 Phari--

306 542 398 583 saei
424 542 542 595 apud
565 541 761 594 Judaeos
787 555 814 582 a
840 541 1037 582 Domino
1063 540 1170 583 diffi
1196 543 1286 583 sint

461 640 483 654 “
496 634 614 671 Duces
631 639 725 671 caeci
742 639 955 672 caecorum”
973 639 1116 679 (Matth.
1130 650 1188 672 xv.
1206 649 1265 679 14;
1289 639 1373 671 Luc.
1388 639 1434 672 vi.
1449 639 1524 680 39);

460 683 515 715 Ac
535 683 674 715 “duces
690 683 787 715 caeci
790 708 883 721 .....
891 684 989 716 stulti
1006 689 1041 715 et
1057 683 1144 714 fatui
1158 682 1176 695 '⁸
1193 683 1336 723 (stlattlz.
1352 683 1449 715 xxiii.
1467 684 1516 722 16,
1533 691 1583 723 17,
1600 692 1650 725 19,
1665 683 1731 725 24).

305 770 444 824 Apud
470 768 769 820 mJohannem,

371 853 475 895 Jesus
490 855 512 869 ‘¹
523 854 620 886 videt
635 854 818 886 hominem
835 864 977 886 caecum
996 864 1017 885 a
1033 854 1218 886 nativitate
1232 854 1261 892 ;”
1279 854 1368 886 dixit
1378 854 1602 895 discipulis,“
1615 854 1791 895 Quamdiu

479 897 516 929 in
533 899 667 929 mundo
685 908 774 936 sum,
794 898 855 929 lux
871 898 994 929 mundi
1011 907 1108 929 sum:
1135 898 1221 929 haec
1238 898 1360 930 dicens
1378 898 1517 938 exspuit
1530 898 1566 929 in
1582 898 1741 936 humum,
1757 905 1792 930 et

477 941 562 973 fecit
578 942 689 972 lutum
706 951 750 972 ex
766 948 882 981 sputo,
902 946 938 972 et
961 941 1101 973 inunxit
1117 941 1229 972 lutum
1246 951 1352 982 super
1368 942 1490 974 oculos
1506 941 1612 980 caeci,
1633 947 1668 974 et
1690 941 1789 979 dixit,

479 985 549 1016 Abi
566 990 601 1016 et
617 985 698 1016 lava
714 990 748 1016 te
772 984 808 1015 in
827 984 964 1024 piscina
987 985 1119 1016 Siloam
1134 994 1157 1023 ;.
1172 1010 1179 1016 .
1193 1009 1200 1017 .
1215 995 1271 1017 ‚ac
1295 985 1382 1017 abiit
1405 991 1440 1017 et
1463 985 1550 1016 lavit
1574 995 1623 1023 se,
1644 991 1679 1017 et
1695 985 1791 1017 venit

435 1039 438 1043 ·
479 1028 605 1059 videns
617 1027 635 1040 '¹
652 1028 712 1068 (ix.
728 1026 795 1066 μὴ,
812 1029 887 1067 5-7)
902 1037 909 1064 ς

305 1142 382 1169 cur
412 1129 476 1169 ita
507 1127 672 1169 sactum
704 1135 774 1169 est
806 1142 832 1168 a
859 1128 1057 1170 Domino
1089 1142 1224 1170 nemo
1249 1129 1465 1182 intelligit
1492 1130 1575 1170 nisi
1606 1130 1680 1183 qui
1705 1130 1791 1170 scit

305 1205 487 1233 sensum
509 1193 736 1232 internum
759 1205 836 1232 seu
858 1192 1136 1245 spiritualem
1159 1192 1312 1233 Verbi.
1371 1193 1422 1233 In
1449 1193 1534 1234 hoc
1559 1206 1693 1234 sensu
1715 1206 1793 1245 per

308 1258 533 1295 “caecum
564 1268 590 1294 a
626 1254 900 1295 nativitate''
931 1254 1248 1308 intelliguntur
1284 1256 1357 1309 qui
1389 1262 1522 1296 extra
1553 1255 1789 1296 ecclesiam

306 1318 400 1359 nati
427 1324 545 1366 sunt,
574 1324 620 1359 et
646 1318 750 1359 inde
777 1331 866 1358 non
899 1324 1144 1371 potuerunt
1171 1319 1283 1359 scire
1309 1319 1476 1372 aliquid
1508 1319 1563 1359 de
1596 1318 1793 1359 Domino

304 1395 357 1422 ac
380 1382 538 1422 instrui
560 1395 619 1422 ex
642 1381 824 1432 Verb03
858 1380 1177 1435 per'“1utum'’
1199 1381 1319 1435 quod
1344 1385 1442 1422 “ex
1465 1388 1599 1436 sputo
1621 1381 1726 1422 fecit
1748 1381 1791 1422 in

305 1444 483 1494 humo,''
514 1443 791 1498 significatur
820 1444 1080 1486 reformatio
1112 1459 1190 1498 per
1216 1459 1322 1486 vera
1353 1459 1411 1485 ex
1444 1458 1578 1485 sensu
1614 1444 1793 1486 litterae

305 1507 445 1549 Verbi
475 1506 725 1562 (“humus'’
747 1514 818 1549 est
841 1507 1033 1548 ecclesia
1055 1507 1128 1548 ubi
1150 1507 1366 1556 Verbum,
1394 1507 1576 1548 “lutum
1589 1506 1608 1522 ”
1633 1513 1704 1548 est
1725 1506 1792 1548 ul·

305 1571 466 1611 timum
491 1570 701 1612 Divinum
724 1570 935 1619 formam,
964 1571 1219 1623 “inungere
1244 1570 1288 1611 id
1311 1584 1443 1624 super
1465 1570 1619 1611 oculos
1642 1570 1763 1611 caeci
1775 1569 1794 1585 ’'

304 1641 376 1676 est
402 1648 481 1688 per
506 1634 550 1675 id
579 1634 686 1675 dare
713 1632 995 1675 intellectum
1022 1633 1163 1687 veri);
1200 1633 1408 1687 “piscina
1434 1632 1633 1674 Siloam”
1656 1633 1793 1674 etiam

304 1697 530 1751 significat
562 1698 764 1738 Verbum
796 1698 839 1738 in
872 1696 1050 1747 littera;
1091 1695 1300 1736 “lavari”
1327 1696 1386 1737 ibi
1417 1702 1488 1737 est
1519 1695 1737 1750 purificari
1768 1710 1795 1737 a

304 1760 426 1801 falsis
452 1767 498 1802 et
525 1760 678 1802 malis:
713 1760 833 1814 quod
859 1759 970 1801 haec
993 1759 1308 1813 intelligantur
1330 1773 1408 1813 per
1429 1759 1519 1808 illa,
1544 1759 1628 1800 huc
1656 1773 1794 1813 usque

304 1822 628 1863 absconditum
653 1822 750 1863 fuit.
819 1832 931 1871 (Quod
952 1829 1125 1862 “humus''
1146 1831 1300 1874 significet
1319 1832 1495 1866 ecelesiam,
1511 1831 1656 1860 videatur
1673 1840 1704 1861 n.
1724 1831 1794 1868 566,

306 1891 420 1921 10570;
443 1885 532 1921 quod
546 1884 676 1913 “lutum
687 1883 703 1893 ''
719 1883 873 1921 significet
886 1883 1008 1912 bonum
1023 1892 1063 1912 ex
1078 1891 1142 1920 quo
1158 1891 1278 1916 verum,
1294 1882 1337 1911 ita
1357 1882 1479 1911 bonum
1494 1881 1642 1916 formans,
1658 1890 1688 1911 n.
1707 1890 1794 1919 1300¹

303 1930 399 1969 6669;
423 1932 511 1968 quod
526 1931 673 1969 “piscina
687 1931 806 1960 Siloam
817 1930 833 1940 ''
849 1930 1003 1968 significet
1014 1930 1156 1959 Verbum
1178 1929 1210 1958 in
1231 1938 1325 1958 sensu
1338 1928 1468 1963 litterae,
1484 1933 1570 1966 patet
1590 1929 1678 1966 apud
1699 1930 1795 1958 Esai-

303 1987 364 2012 am,
388 1987 457 2016 cap.
481 1979 541 2008 viii.
564 1979 599 2014 6:
631 1978 715 2008 acin
737 1986 852 2016 genere
876 1977 1069 2015 ‘'piscinae''
1090 1986 1173 2014 quae
1199 1976 1451 2014 Hierosolymae,
1476 1976 1567 2005 Esai.
1590 1976 1662 2006 xxii.
1685 1976 1793 2013 9,11.)

304 2025 444 2079 Apud
469 2025 688 2073 Marcum,

367 2117 472 2160 Jesus
488 2118 619 2149 “venit
635 2117 877 2154 Bethsaidam,
891 2116 951 2147 ubi
963 2116 1118 2147 afferunt
1130 2116 1202 2156 Ipsi
1215 2126 1371 2154 caecum,
1385 2122 1419 2147 et
1433 2122 1561 2156 rogant
1571 2121 1610 2147 ut
1623 2125 1703 2147 eum
1718 2121 1794 2147 tan-

477 2167 577 2200 geret
591 2171 598 2197 ;
616 2160 890 2201 apprehendens
902 2160 1019 2200 itaque
1031 2169 1177 2190 manum
1190 2159 1295 2197 caeci,
1310 2159 1431 2190 eduxit
1442 2169 1521 2190 eum
1534 2165 1633 2190 extra
1646 2169 1790 2199 pagum,

469 2210 512 2235 'et
525 2213 703 2244 exspuens
718 2204 755 2235 in
767 2204 892 2234 oculos
905 2203 983 2243 ejus
992 2228 999 2234 .
1015 2228 1022 2234 .
1036 2203 1287 2242 .interr0gavit
1297 2213 1380 2234 num
1394 2203 1477 2243 quid
1487 2203 1606 2234 videat
1620 2212 1627 2238 ;
1647 2203 1704 2242 qui
1718 2212 1794 2234 sus-

478 2246 615 2286 piciens
641 2246 740 2283 dixit,
760 2246 873 2277 Video
893 2244 1091 2277 [²³]h0mines
1116 2246 1210 2286 quod
1235 2246 1324 2277 sicut
1342 2244 1521 2277 [⁴]arbores
1546 2246 1794 2284 ambulantes;

475 2290 603 2321 deinde
621 2290 748 2321 iterum
767 2289 935 2329 imposuit
952 2299 1079 2320 manus
1097 2299 1203 2329 super
1219 2290 1342 2320 oculos
1359 2289 1448 2329 ejus,
1468 2296 1503 2320 et
1527 2289 1609 2321 fecit
1632 2299 1713 2321 eum
1737 2300 1794 2322 su-

477 2333 612 2373 spicere
626 2343 633 2371 ;
658 2339 741 2364 tunc
759 2333 942 2364 restitutus
959 2339 1024 2371 est,
1041 2339 1076 2364 et
1092 2333 1253 2373 suspexit
1269 2333 1362 2364 clare
1380 2343 1506 2364 omnes
1517 2333 1534 2344 ’'
1551 2332 1637 2373 (viii.
1654 2333 1773 2373 22—27)
1787 2344 1794 2372 ;

301 2430 406 2485 quid
437 2430 549 2471 haec
582 2430 818 2471 involvunt
846 2443 927 2471 nec
955 2430 1226 2483 intelligitur
1252 2430 1335 2470 nisi
1361 2444 1420 2470 ex
1448 2443 1582 2470 sensu
1615 2430 1793 2470 interno

301 2508 379 2535 seu
411 2493 629 2547 spirituali
661 2493 827 2544 Verbi;
871 2494 943 2546 qui
980 2493 1098 2534 hunc
1132 2506 1223 2534 non
1260 2492 1490 2546 intelligit,
1525 2492 1635 2533 nihil
1673 2492 1793 2533 aliud

300 2557 425 2598 videt
450 2570 584 2611 quam
610 2556 730 2610 quod
752 2557 816 2597 ita
836 2555 1002 2597 saecum
1025 2557 1096 2605 sit,
1122 2562 1168 2597 et
1190 2556 1304 2596 forte
1331 2556 1507 2609 cogitat
1530 2555 1664 2609 plane
1690 2569 1792 2596 sen-

301 2620 486 2661 sualiter
516 2621 572 2660 de
609 2634 689 2670 eo;
723 2620 802 2660 sed
840 2620 992 2660 omnia
1027 2633 1142 2673 quae
1174 2620 1396 2660 Dominus
1429 2619 1607 2660 locutus
1639 2624 1709 2660 est
1746 2625 1792 2660 et

300 2697 414 2737 quae
436 2683 541 2724 fecit
564 2683 608 2723 in
631 2683 799 2723 mundo
822 2683 1122 2723 continebant
1145 2682 1394 2736 spiritualia
1414 2682 1570 2722 ordine
1592 2695 1617 2722 a
1639 2695 1792 2735 supre-

302 2747 385 2787 mis
412 2746 469 2786 ad
495 2745 667 2794 ultima,
696 2747 760 2785 ita
791 2745 952 2798 plene3
985 2746 1124 2786 etiam
1150 2745 1302 2792 omnia
1327 2744 1540 2785 miracula
1566 2750 1612 2785 et
1638 2757 1792 2785 eorum

301 2810 639 2862 descriptiones.
704 2807 916 2857 “Caeci‚”
942 2822 1054 2862 quos
1082 2808 1305 2849 Dominus
1331 2807 1538 2856 sanabat,
1567 2806 1791 2860 significa-

299 2873 411 2913 bant
438 2871 728 2925 spiritualiter
753 2885 930 2919 caecos,
958 2872 1032 2925 qui
1057 2877 1162 2911 sunt
1188 2871 1261 2924 qui
1287 2884 1378 2911 non
1405 2871 1552 2911 sciunt
1578 2875 1625 2910 et
1656 2868 1791 2910 intel-

300 2935 448 2988 ligunt
470 2948 601 2985 vera;
634 2948 713 2988 per
735 2934 854 2988 quod
881 2934 952 2975 hic
977 2947 1139 2975 caecus
1164 2933 1442 2974 “duceretur
1463 2938 1598 2973 extra
1622 2943 1790 2985 pagum
1836 2959 1838 2961 ·

304 2997 586 3047 Bethsaida,’'
612 3003 708 3039 erat
741 2998 843 3051 quia
873 2996 1189 3038 “Bethsaida’'
1214 2995 1500 3049 significabat
1532 2994 1790 3036 damnatio-
