2060 3476
285 411 336 442 10
692 408 1024 442 APOCALYPSIS
1055 405 1353 440 EXPLICATA.

280 522 462 564 ficantia
486 521 562 563 illa
584 535 696 576 quae
718 522 761 562 in
787 535 920 563 sensu
945 522 1151 572 intern03
1188 520 1350 562 dicitur
1371 520 1503 569 enim,
1530 518 1763 560 “Revela-

280 587 345 627 tio
377 599 510 639 quam
547 585 672 626 dedit
714 585 835 626 Deus
867 585 1077 632 indicare,
1097 615 1105 624 .
1126 616 1133 624 .
1153 616 1161 624 .
1180 590 1226 624 et
1263 582 1530 636 significavit
1550 582 1583 634 ;’'
1614 589 1660 623 et
1687 596 1765 636 per

279 662 393 702 quae
425 647 707 701 significavit,
731 647 1046 700 intelliguntur
1076 646 1152 687 illa
1188 660 1301 700 quae
1337 647 1380 687 in
1417 659 1551 686 sensu
1587 645 1764 686 litterae

279 717 397 760 sunt,
422 712 631 764 quoniam
658 710 807 751 omnia
832 710 909 750 illa
934 709 1216 763 significant;
1250 715 1295 750 et
1322 722 1435 762 quae
1458 708 1766 761 significantur

279 780 383 815 sunt
409 787 522 827 quae
549 774 837 813 continentur
863 773 906 813 in
939 786 1071 813 sensu
1101 773 1308 822 interno;
1341 778 1445 812 sunt
1472 772 1589 812 enim
1616 772 1766 812 omnia

280 837 420 878 Verbi
446 835 749 889 significativa
768 835 1074 888 spiritualium,
1102 849 1215 888 quae
1241 835 1284 875 in
1311 848 1443 875 sensu
1469 835 1672 875 interno:
1706 847 1765 875 ex

250 887 606 952 'significatione
650 899 874 939 “mittens
923 911 1000 952 per
1045 897 1257 950 angelum
1303 897 1470 946 suum,‘'
1506 897 1626 951 quod
1675 897 1765 938 sint

279 976 392 1016 quae
432 961 632 1003 revelata
673 975 697 1002 e
723 961 876 1011 caelo;
921 960 1170 1002 “mittere''
1202 961 1320 1001 enim
1358 966 1426 1001 est
1468 959 1680 1008 revelare,
1719 966 1766 1001 et

282 1031 397 1078 “per
421 1024 667 1078 angelum”
693 1031 762 1065 est
789 1038 813 1064 e
840 1023 980 1064 caelo.
1042 1022 1175 1076 Quod
1204 1023 1422 1064 “mittere
1435 1022 1453 1037 ’'
1479 1023 1535 1063 sit
1567 1021 1767 1063 revelare

280 1094 349 1129 est
385 1088 487 1141 quia
522 1100 655 1128 omne
691 1087 810 1141 quod
847 1100 871 1127 e
903 1086 1030 1127 caelo
1061 1086 1255 1127 mittitur
1285 1092 1354 1126 est
1386 1085 1616 1134 revelatio,
1640 1099 1765 1126 reve-

280 1151 397 1191 latur
433 1151 551 1192 enirn
589 1150 632 1191 id
669 1150 788 1204 quod
834 1151 892 1190 ibi
929 1156 1013 1198 est,
1052 1149 1172 1203 quod
1210 1155 1279 1189 est
1317 1147 1544 1202 spirituale
1581 1162 1763 1190 concer-

281 1227 392 1255 nens
423 1213 659 1254 ecclesiam
695 1220 741 1254 et
779 1212 870 1266 ejus
907 1218 1104 1263 statum;
1147 1212 1226 1253 sed
1262 1212 1346 1253 hoc
1384 1212 1501 1265 apud
1538 1212 1765 1253 hominem

279 1277 468 1318 vertitur
493 1277 537 1317 in
570 1275 787 1324 naturale,
815 1275 946 1329 quale
974 1281 1044 1316 est
1076 1275 1119 1315 in
1146 1288 1280 1316 sensu
1311 1275 1490 1316 litterae
1522 1275 1565 1315 in
1591 1274 1765 1327 Apoca-

281 1340 401 1393 lypsi
433 1346 478 1380 et
515 1339 619 1380 alibi
655 1340 699 1379 in
731 1339 900 1380 Verbo.
972 1337 1105 1391 Quod
1143 1352 1170 1379 e
1199 1337 1325 1378 caelo
1356 1339 1479 1378 venit
1517 1351 1605 1378 non
1638 1337 1768 1379 aliter

281 1403 376 1443 sisti
407 1408 559 1456 potest
585 1402 703 1455 apud
734 1402 976 1450 hominem,
1005 1401 1124 1442 cadit
1157 1401 1274 1441 enim
1301 1399 1529 1454 spirituale
1560 1401 1604 1441 in
1636 1414 1762 1442 suum

282 1465 635 1518 correspondens
662 1464 865 1520 naturale
892 1465 997 1505 dum
1024 1478 1047 1505 e
1074 1463 1290 1517 spirituali
1318 1463 1484 1504 mundo
1515 1464 1559 1504 in
1585 1470 1766 1505 natura-

282 1528 396 1569 lem:
431 1528 534 1569 inde
560 1534 629 1568 est
656 1528 775 1581 quod
793 1527 995 1568 Verbum
1019 1526 1333 1580 Propheticum
1357 1526 1448 1567 tale
1474 1527 1531 1568 sit
1563 1527 1607 1567 in
1633 1540 1766 1568 sensu

282 1591 486 1641 litterae3
519 1597 564 1632 et
591 1592 692 1644 quia
718 1590 810 1631 tale
833 1597 917 1639 est,
941 1591 1060 1644 quod
1086 1591 1128 1630 in
1152 1591 1355 1630 sinu·suo
1377 1590 1434 1630 sit
1456 1589 1697 1643 spirituale,
1721 1596 1767 1631 et

282 1654 401 1708 quod
438 1655 495 1695 sit
533 1654 756 1694 Divinum.
828 1653 963 1706 Quod
1000 1667 1078 1707 per
1116 1652 1396 1705 “angelum”
1428 1653 1707 1706 intelligatur
1742 1667 1767 1694 e

274 1716 421 1765 caelo,
455 1723 524 1757 est
550 1717 651 1770 quia
681 1717 725 1757 id
756 1717 875 1771 quod
901 1716 1089 1770 angelus
1115 1715 1323 1769 loquitur,
1351 1729 1375 1756 e
1406 1715 1533 1757 caelo
1558 1723 1653 1758 est:
1687 1730 1766 1757 an—

282 1779 409 1832 gelus
440 1780 574 1828 enim,
598 1792 698 1821 cum
730 1779 926 1833 loquitur
951 1793 1051 1820 cum
1083 1778 1264 1820 homine
1295 1778 1404 1819 talia
1434 1793 1547 1834 quae
1579 1779 1690 1821 caeli
1720 1786 1767 1821 et

282 1841 498 1883 ecclesiae
530 1849 648 1891 sunt,
682 1856 771 1883 non
804 1842 1000 1896 loquitur
1032 1842 1147 1883 sicut
1182 1841 1319 1882 homo
1351 1854 1451 1882 cum
1482 1841 1662 1883 homine
1694 1843 1767 1896 qui

281 1905 448 1959 profert
480 1919 538 1946 ex
565 1906 780 1946 memoria
805 1905 1021 1946 mandata
1052 1904 1262 1955 alterius;
1295 1904 1373 1945 sed
1405 1904 1522 1958 apud
1554 1905 1765 1958 angelum

281 1968 421 2009 influit
459 1969 672 2009 continue
712 1968 757 2009 id
799 1968 920 2022 quod
961 1967 1170 2022 loquitur,
1210 1973 1255 2008 et
1297 1980 1386 2008 non
1423 1968 1466 2008 in
1503 1969 1765 2010 memoriam

282 2030 388 2084 ejus,
416 2032 494 2071 sed
521 2031 779 2072 immediate
801 2032 845 2072 in
873 2029 1152 2072 intellectum
1175 2037 1220 2071 et
1246 2030 1350 2071 inde
1375 2031 1419 2071 in
1445 2044 1592 2072 voces.
1654 2031 1766 2073 Inde

282 2100 352 2135 est
393 2095 511 2148 quod
554 2095 704 2135 omnia
744 2108 857 2148 quae
893 2093 1043 2147 angeli
1084 2094 1296 2134 dixerunt
1332 2093 1563 2147 prophetis
1604 2094 1767 2136 Divina

282 2158 460 2205 sint,-et
491 2171 669 2210 prorsus
696 2157 803 2198 nihil
835 2171 893 2198 ex
920 2156 1107 2210 angelis,
1168 2155 1270 2198 Sive
1296 2157 1469 2197 dicatur
1493 2157 1612 2211 quod
1638 2171 1764 2199 reve-

283 2220 376 2260 lata
407 2221 496 2260 sint
528 2234 552 2260 e
578 2220 717 2269 caelo,
746 2221 838 2261 sive
869 2234 928 2261 ex
961 2220 1171 2268 Domino,
1194 2220 1313 2260 idem
1339 2225 1422 2268 est,
1450 2220 1660 2273 quoniam
1686 2221 1765 2262 Di-

282 2284 432 2324 vinum
459 2283 639 2323 Domini
666 2283 782 2336 apud
813 2283 1001 2336 angelos
1027 2283 1132 2324 facit
1163 2282 1350 2331 caelum,
1378 2289 1423 2323 et
1455 2295 1632 2335 prorsus
1659 2284 1765 2325 nihil

282 2346 401 2400 quod
427 2359 485 2386 ex
512 2346 689 2398 proprio
715 2345 1004 2399 angelorum;
1038 2346 1116 2387 sed
1143 2346 1226 2386 hoc
1250 2351 1458 2386 constare
1481 2345 1637 2386 melius
1662 2353 1765 2400 pot-

283 2415 352 2450 est
374 2422 434 2449 ex
456 2407 540 2448 illis
563 2421 675 2461 quae
701 2409 743 2448 in
767 2422 900 2462 opere
922 2409 989 2449 De
1013 2408 1143 2450 Caelo
1166 2415 1208 2449 et
1230 2408 1410 2461 Inferno
1435 2418 1480 2456 (n.
1497 2427 1584 2453 2-12‚
1599 2423 1630 2448 et
1645 2428 1675 2449 n.
1690 2420 1763 2458 254)

283 2470 402 2512 dicta
438 2478 483 2512 et
525 2478 709 2512 ostensa
739 2478 855 2512 sunt.
917 2471 1050 2525 Quod
1091 2472 1296 2513 dicantur
1335 2472 1535 2513 revelata
1575 2486 1599 2513 e
1640 2471 1767 2514 caelo

282 2535 368 2575 illis
399 2535 471 2587 qui
507 2535 551 2574 in
587 2534 707 2575 bono
743 2535 905 2575 amoris
942 2541 1059 2584 sunt,
1093 2542 1162 2576 est
1198 2536 1300 2589 quia
1335 2535 1507 2584 dicitur,
1543 2536 1767 2576 “mittens

282 2611 360 2651 per
400 2597 610 2650 angelum
651 2611 777 2638 suum
815 2611 943 2639 servo
979 2612 1060 2639 suo
1093 2597 1323 2651 Johanni‚'’
1359 2604 1405 2639 et
1446 2612 1524 2652 per
1562 2598 1766 2651 “Johan-

283 2659 416 2700 nem”
457 2667 852 2713 repraesentantur
906 2667 952 2702 et
993 2661 1306 2714 intelliguntur
1346 2661 1409 2701 illi
1447 2662 1519 2715 qui
1560 2662 1603 2702 in
1645 2661 1766 2703 bono

283 2723 446 2763 amoris
478 2729 608 2773 sunt;
650 2737 728 2776 per
759 2724 994 2765 duodecim
1027 2725 1145 2765 enim
1177 2724 1410 2778 apostolos
1441 2725 1767 2778 repraesentati

283 2792 330 2826 et
362 2784 599 2837 significati
631 2793 734 2827 sunt
767 2800 922 2827 omnes
954 2788 1026 2840 qui
1066 2788 1109 2828 in
1142 2787 1343 2836 ecclesia,
1377 2788 1450 2840 qui
1486 2788 1530 2828 in
1561 2788 1676 2828 veris
1706 2801 1765 2828 ex

283 2849 404 2888 bono
436 2854 552 2896 sunt,
580 2849 766 2901 proinde
798 2850 933 2890 etiam
965 2851 1115 2891 omnia
1140 2864 1246 2891 vera
1276 2857 1334 2891 ex
1366 2851 1487 2891 bono
1518 2864 1576 2892 ex
1608 2850 1766 2904 quibus

285 2909 489 2959 ecclesia,
517 2916 563 2951 et
589 2911 850 2964 singillatim
883 2926 961 2965 per
987 2913 1327 2967 unumquemvis
1353 2913 1518 2967 aliquid
1543 2911 1764 2966 speciale;

283 2978 332 3013 ut
373 2986 450 3025 per
483 2973 731 3014 “Petrum”
767 2974 890 3024 fides,
928 2989 1006 3029 per
1044 2976 1327 3029 “Jacobum'’
1364 2976 1571 3024 charitas,
1609 2981 1655 3016 et
1687 2988 1767 3028 per

286 3034 604 3087 “Johannem'’
630 3036 796 3077 bonum
823 3037 1053 3079 charitatis
1081 3052 1157 3080 seu
1182 3039 1348 3080 bonum
1371 3040 1560 3089 amoris;
1593 3045 1638 3079 et
1664 3032 1766 3091 qusa
