2060 3476
649 366 755 399 CAP.
779 366 846 405 11.,
870 366 1011 399 VERs.
1034 366 1210 399 22.——N.
1239 356 1329 410 163.
1655 366 1734 398 211

319 478 449 532 163.
481 488 586 527 [Vers.
607 488 671 527 22.]
701 478 838 519 “Ecce
862 478 946 532 Eyo
969 478 1139 532 conjicio
1161 478 1271 518 illam
1290 477 1330 518 Ῐη
1349 475 1738 529 lectum.''--Quod

240 539 464 593 significet
490 539 610 594 quod
628 539 942 594 relinquantur
964 554 1042 581 suo
1067 539 1273 581 naturali
1295 538 1467 580 homini
1487 545 1529 579 et
1552 537 1619 579 ibi
1640 537 1738 578 doc-

240 603 386 643 trinae
397 603 642 655 falsorum,
666 610 852 645 constat
877 618 937 645 ex
964 603 1298 657 significatione
1326 601 1509 650 “le&i‚'’
1532 601 1653 655 quod
1680 601 1739 642 sit

241 667 458 708 naturalis
481 667 633 716 homo,
658 673 704 708 et
727 681 903 721 quoque
926 665 1132 708 doctrina
1153 666 1381 714 falsorum,
1402 666 1458 706 de
1481 679 1568 719 qua
1591 664 1739 717 sequi-

242 737 325 771 tur.
387 731 556 784 Agitur
586 731 632 771 in
658 744 774 771 nunc
803 730 1097 784 sequentibus
1123 730 1180 772 de
1208 730 1295 771 illis
1321 730 1395 783 qui
1427 743 1475 770 se
1507 729 1741 782 patiuntur

241 794 395 835 seduci
429 794 486 835 ab
518 793 606 835 illis
637 795 711 848 qui
743 795 787 835 in
821 792 1026 835 doctrina
1059 793 1272 834 falsorum
1310 798 1415 833 sunt
1452 806 1511 833 ex
1540 790 1740 844 jucundo

242 870 446 898 amorum
469 858 534 898 sui
560 863 606 898 et
629 858 798 906 mundi,
827 858 901 911 qui
924 863 1028 898 sunt
1051 858 1124 911 qui
1151 871 1230 910 per
1254 855 1549 897 “Isabelem”
1571 853 1739 895 intelli-

241 926 422 973 guntur,
442 927 491 962 ut
515 934 648 974 supra
665 919 834 962 dietum
857 927 940 962 est.
1002 921 1038 961 Ii
1055 921 1129 975 qui
1151 935 1199 961 se
1222 920 1375 961 seduci
1398 919 1631 973 patiuntur
1648 930 1740 958 non

243 990 348 1024 sunt
367 985 482 1025 sicut
500 984 563 1025 illi
580 985 654 1038 qui
676 984 1025 1026 falsificaverunt
1043 998 1149 1025 vera
1167 990 1213 1025 et
1231 983 1602 1025 adulteraverunt
1619 981 1742 1022 bona

244 1061 302 1087 ex
324 1046 523 1100 jucundo
548 1047 728 1088 illorum
754 1061 973 1097 amorum,
1002 1061 1107 1090 nam
1134 1048 1179 1088 hi
1205 1048 1415 1089 viderunt
1441 1060 1562 1094 vera,
1586 1051 1634 1086 et
1660 1058 1740 1098 ap-

243 1110 496 1164 plicuerunt
518 1110 595 1151 illa
621 1111 680 1152 ad
705 1111 906 1152 savorem
927 1111 1227 1164 jucundorum
1251 1123 1447 1158 suorum,
1473 1115 1519 1150 et
1547 1109 1610 1149 sic
1638 1122 1740 1161 per-

242 1179 503 1224 verterunt;
536 1174 580 1215 hi
603 1179 707 1215 sunt
726 1174 800 1228 qui
821 1180 983 1228 postea
1000 1188 1091 1215 non
1114 1180 1304 1228 possunt
1322 1179 1590 1214 convertere
1614 1185 1661 1212 se
1683 1171 1741 1212 ad

242 1251 349 1278 vera
370 1234 416 1278 et
442 1237 519 1278 illa
541 1250 806 1291 agnoscere,
831 1244 877 1279 et
903 1237 949 1278 hi
976 1244 1081 1279 sunt
1104 1238 1159 1278 de
1182 1238 1340 1292 quibus
1366 1238 1410 1278 in
1437 1235 1742 1291 praecedente

243 1300 435 1341 articulo
456 1299 517 1354 (n.
542 1299 638 1354 162)
660 1299 809 1341 actum
828 1307 912 1341 est.
973 1301 1145 1342 Verum
1164 1302 1191 1341 ii
1209 1301 1282 1354 qui
1305 1300 1502 1341 hocnon
1520 1299 1739 1348 fecerunt,

243 1364 323 1405 sed
349 1378 397 1405 se
419 1364 476 1405 ab
498 1364 585 1405 illis
607 1364 760 1405 seduci
787 1366 907 1419 passi
933 1371 1052 1414 sunt,
1078 1379 1168 1405 non
1195 1366 1259 1406 ita
1285 1365 1574 1406 occluserunt
1601 1364 1742 1404 inter-

243 1440 348 1468 num
371 1441 449 1470 seu
471 1427 748 1481 spiritualem
771 1427 1003 1469 hominem
1026 1429 1145 1482 apud
1168 1442 1230 1477 se,
1255 1442 1346 1469 non
1370 1428 1490 1470 enim
1513 1428 1596 1481 ipsi
1619 1427 1741 1467 falsi-

243 1490 492 1532 ficaverunt
524 1505 644 1540 vera,
678 1491 758 1532 sed
791 1491 982 1532 credunt
1016 1491 1103 1532 illis
1134 1493 1208 1545 qui
1240 1491 1605 1540 falsificaverunt,
1640 1491 1743 1544 quia

243 1560 410 1595 sonant
433 1561 482 1595 ut
508 1569 640 1606 vera;
674 1568 764 1595 non
791 1555 910 1596 enim
936 1554 1071 1596 altius
1097 1556 1306 1608 cogitant
1333 1568 1468 1609 quam
1495 1555 1615 1608 quod
1643 1568 1741 1595 cre-

244 1618 442 1658 dendum
462 1618 519 1658 sit
542 1619 869 1671 antesignanis,
889 1619 992 1672 quia
1009 1618 1321 1672 intelligentes
1344 1625 1390 1659 et
1413 1619 1657 1672 sapientes,
1678 1618 1744 1658 ita

243 1682 443 1736 pendent
486 1695 544 1722 ex
586 1695 662 1722 ore
699 1683 930 1734 magistri;
978 1682 1095 1724 tales
1132 1686 1236 1723 sunt
1279 1682 1479 1736 plerique
1521 1681 1657 1722 hodie
1698 1681 1743 1721 in

243 1744 591 1786 Christianismo
623 1745 841 1798 imprimis
870 1746 944 1798 qui
976 1746 1071 1786 nati
1104 1752 1208 1786 sunt
1241 1746 1285 1786 in
1317 1747 1447 1786 terris
1479 1745 1552 1785 ubi
1584 1745 1743 1798 religio

244 1806 503 1858 Pontificia;
536 1807 582 1848 hi
604 1808 760 1861 itaque
783 1814 888 1849 sunt
907 1809 980 1862 qui
1002 1809 1320 1862 intelliguntur
1342 1823 1420 1862 per
1442 1808 1743 1849 moechantes

242 1884 344 1912 cum
372 1870 550 1912 Isabele
576 1871 620 1911 in
648 1869 780 1912 lecto.
842 1870 976 1924 Quod
1002 1870 1215 1912 “lectus”
1238 1871 1463 1925 significet
1490 1869 1743 1912 d0&rinam

241 1934 468 1983 falsorum,
497 1940 543 1975 et
575 1933 707 1987 simul
741 1934 996 1975 naturalem
1028 1935 1275 1984 hominem,
1304 1941 1375 1976 est
1404 1936 1507 1989 quia
1538 1933 1744 1976 doctrina

241 1997 455 2039 salsorum
474 2011 564 2038 non
584 1997 766 2038 aliunde
788 2004 858 2038 est
876 2012 1011 2051 quam
1030 2013 1089 2039 ex
1113 1998 1307 2040 naturali
1329 1998 1513 2039 homine
1532 2005 1744 2052 separato

241 2074 268 2101 a
295 2061 541 2114 spirituali3
574 2067 620 2102 et
645 2061 863 2102 naturalis
889 2061 1028 2102 homo
1055 2069 1290 2116 separatus
1317 2077 1343 2103 a
1369 2062 1587 2116 spirituali
1613 2075 1743 2102 mun-

242 2123 361 2165 dana
392 2124 518 2165 videt
550 2125 595 2165 in
633 2123 747 2174 luce,
782 2131 830 2166 at
862 2125 1080 2166 caelestia
1116 2127 1160 2166 in
1198 2125 1407 2179 caligine,
1441 2126 1546 2167 inde
1582 2126 1744 2167 falsum

242 2186 345 2228 loco
371 2188 463 2228 veri
490 2194 536 2228 et
563 2187 733 2229 malum
761 2188 865 2229 loco
891 2189 1022 2240 boni;
1057 2196 1103 2230 et
1130 2190 1165 2230 si
1190 2190 1315 2230 videt
1342 2203 1511 2237 verum,
1535 2189 1744 2231 falsificat

242 2250 301 2300 id,
330 2257 376 2292 et
403 2251 438 2291 si
464 2251 634 2292 bonum
661 2251 891 2293 adulterat
917 2253 987 2293 id:
1021 2253 1164 2294 influit
1192 2254 1312 2294 enim
1339 2253 1516 2294 caelum
1549 2268 1628 2308 per
1653 2255 1744 2308 spi-

241 2314 450 2355 ritualem
483 2328 561 2355 seu
592 2316 820 2356 internum
852 2316 1084 2357 hominem
1117 2318 1161 2357 in
1194 2317 1449 2358 naturalem
1477 2331 1556 2358 seu
1588 2324 1744 2359 exter-

242 2390 364 2426 num,
398 2383 444 2418 et
477 2391 568 2418 non
606 2379 650 2419 in
683 2379 937 2437 naturalem
970 2394 1048 2421 seu
1086 2380 1328 2421 externum
1366 2381 1657 2433 immediate3
1700 2383 1743 2423 in

242 2438 361 2480 hunc
389 2440 654 2482 immediate
682 2448 789 2483 tunc
819 2442 961 2484 influit
988 2443 1206 2483 mundus:
1240 2449 1287 2484 et
1315 2457 1416 2484 cum
1443 2445 1636 2485 mundus
1664 2459 1744 2486 na-

242 2502 399 2543 turalis
422 2503 541 2556 apud
564 2504 795 2545 hominem
814 2519 905 2546 non
923 2507 1094 2558 regitur
1116 2507 1194 2559 per
1212 2507 1428 2547 mundum
1448 2507 1742 2560 spiritualem,

243 2571 351 2607 tunc
386 2566 614 2607 vinculum
647 2574 828 2621 ruptum
866 2574 936 2609 est
973 2582 1074 2609 cum
1109 2569 1266 2620 caelo;
1311 2584 1399 2624 quo
1431 2577 1567 2624 rupto
1604 2571 1744 2612 homo

239 2629 459 2670 mundum
477 2629 584 2670 facit
603 2643 738 2671 omne
757 2644 808 2671 ac
828 2630 1005 2672 caelum
1023 2633 1147 2685 parvi
1165 2639 1243 2674 aut
1262 2633 1402 2683 nihili,
1423 2640 1521 2674 tum
1541 2648 1589 2675 se
1608 2647 1744 2675 omne

242 2698 289 2733 et
308 2692 455 2733 Deum
475 2693 600 2746 parvi
618 2699 695 2734 aut
714 2693 851 2734 nihili.
903 2694 1016 2735 Cum
1035 2701 1254 2737 externus
1273 2711 1350 2737 seu
1369 2698 1585 2739 naturalis
1603 2697 1744 2739 homo

243 2756 288 2796 in
315 2755 396 2796 tali
422 2762 548 2797 statu
574 2762 658 2805 est,
688 2762 795 2798 tunc
827 2758 872 2798 in
903 2758 1027 2799 falsis
1053 2765 1124 2800 est
1150 2774 1209 2800 ex
1236 2760 1366 2801 malis
1393 2761 1743 2802 scaturientibus

243 2832 304 2860 ex
327 2832 481 2860 amore
505 2820 570 2859 sui
597 2825 643 2860 et
668 2820 836 2861 mundi.
899 2821 1011 2862 Inde
1033 2829 1104 2864 est
1127 2824 1377 2878 quod·quia
1402 2839 1482 2878 per
1507 2823 1744 2866 “lectum'’

242 2881 522 2935 significatur
560 2883 777 2924 naturalis
814 2883 967 2934 homo,
1007 2886 1146 2926 etiam
1188 2901 1267 2940 per
1303 2887 1427 2928 illum
1464 2888 1744 2941 significetur

243 2944 448 2987 doctrina
462 2946 689 2988 salsorum.
734 2946 868 3000 Quod
887 2962 965 3002 per
981 2948 1183 2991 “lectum
1199 2950 1510 3003 ”significetur
1526 2951 1743 2993 naturalis

242 3008 395 3060 homo,
420 3016 490 3051 est
514 3011 615 3063 quia
638 3010 892 3052 substratus
920 3018 989 3054 est
1017 3013 1250 3066 spirituali,
1275 3020 1322 3055 et
1346 3015 1407 3055 sic
1435 3015 1478 3055 in
1506 3015 1583 3056 illo
1609 3016 1743 3067 inque
