2060 3476
288 331 367 373 186
701 338 1034 372 APOCALYPSIS
1065 338 1365 372 EXPLICATA.

286 467 388 496 cum
423 454 622 496 instituit
649 452 864 496 Sanctam
891 453 1077 503 Cenam,

348 557 371 571 ‘⁴
383 556 489 599 Jesus
506 556 687 596 accipiens
704 565 847 596 panem,
868 561 903 588 et
926 555 1154 593 benedicens,
1175 562 1210 587 et
1226 554 1323 587 dedit
1339 553 1522 595 discipulis
1539 558 1574 585 et
1590 553 1689 591 dixit,
1709 553 1778 585 Ac‘

457 600 575 640 cipite,
596 600 785 637 comedite,
805 600 873 631 hoc
897 606 952 631 est
976 599 1115 640 Corpus
1133 609 1251 631 meum
1263 598 1281 610 ''
1298 598 1442 639 (Mattlz.
1456 597 1551 629 xxvi.
1567 597 1630 636 26;
1661 598 1774 630 Marc.

404 666 412 675 .
458 644 527 675 xiv.
543 652 605 682 22;
630 644 714 676 Luc.
729 643 811 675 xxii.
829 643 903 684 19);

280 733 413 775 edere
451 732 507 774 de
545 732 631 773 hoc
673 746 790 786 pane
827 738 897 774 est
934 732 1147 786 conjungi
1184 732 1275 786 Ipsi
1311 745 1389 785 per
1420 743 1636 780 amorem,
1670 743 1775 771 nam

283 796 488 847 “edere”
525 792 752 849 significat
795 796 1069 850 appropriari
1106 802 1152 836 et
1194 794 1422 847 conjungi,
1456 799 1505 834 ut
1544 807 1689 847 supra,
1728 799 1774 834 et

280 873 407 900 amor
429 865 499 900 est
526 857 786 912 conjunfflo
808 858 1064 913 spiritualis.
1127 858 1255 899 Idem
1281 857 1367 899 hoc
1396 856 1675 911 significatur
1695 869 1775 911 per

283 923 454 964 “edere
481 924 524 964 in
551 936 693 976 regno
720 922 844 972 Dei‚''
870 922 988 976 apud
1012 921 1190 971 Lucam,

537 1023 559 1036 ⁸⁴
572 1021 704 1053 Beatus
721 1021 780 1062 qui
797 1021 870 1052 edit
887 1030 1017 1061 panem
1036 1020 1072 1052 in
1089 1030 1202 1061 regno
1220 1019 1287 1052 Dei
1298 1019 1316 1032 ”
1333 1019 1418 1061 (xiV.
1435 1019 1508 1061 15);

279 1097 397 1151 apud
425 1097 633 1147 eundem,

445 1172 467 1185 “
482 1170 602 1202 Edetis
619 1176 654 1202 et
671 1170 800 1202 bibetis
818 1170 854 1202 in
873 1180 1000 1202 mensa
1017 1180 1097 1202 mea
1113 1171 1149 1203 in
1167 1181 1279 1212 regno
1291 1170 1309 1183 ’'
1329 1170 1394 1203 Dei
1411 1169 1508 1213 (xxii.
1523 1170 1600 1213 3o);

278 1247 398 1301 apud
422 1246 717 1296 Matthaeum,

347 1323 369 1338 ‘¹
382 1322 485 1354 Multi
502 1323 548 1354 ab
565 1323 703 1354 oriente
720 1328 755 1354 et
779 1322 964 1354 occidente
980 1323 1137 1361 venient,
1158 1329 1193 1355 et
1216 1324 1427 1356 accumbent
1443 1333 1522 1356 cum
1548 1322 1767 1364 Abrahamo,

454 1365 555 1398 Isaeo
573 1372 608 1398 et
624 1366 760 1408 Jacobo
778 1366 813 1398 in
832 1376 943 1407 regno
955 1366 973 1379 '⁹
992 1366 1058 1398 Dei
1075 1366 1160 1408 (viii.
1178 1367 1251 1408 11);

279 1454 382 1493 (quod
396 1463 453 1493 per
468 1451 485 1463 '¹
496 1453 749 1489 Abrahamum,’'
767 1450 784 1462 '¹
798 1454 924 1484 Isaeum
936 1453 952 1464 ''
969 1458 1002 1483 et
1014 1450 1031 1463 ¹⁸
1042 1454 1201 1494 Jacobum
1214 1454 1230 1464 ''
1245 1454 1437 1492 intelligatur
1449 1454 1617 1490 Dominus,
1627 1454 1772 1484 videatur

277 1517 308 1538 n.
326 1509 413 1546 1893,
428 1508 518 1546 4615,
534 1508 624 1546 6098,
640 1508 730 1545 6185,
745 1508 836 1544 6276,
851 1508 941 1547 6804,
956 1508 1036 1545 6847
1047 1508 1069 1546 ;)
1100 1502 1147 1538 et
1172 1497 1293 1551 apud
1318 1497 1587 1546 Johannem,

345 1592 368 1608 “
381 1591 462 1624 Non
487 1591 685 1632 operemini
709 1591 825 1623 cibum
843 1591 900 1632 qui
927 1592 1028 1632 perit,
1048 1592 1110 1623 sed
1135 1573 1251 1623 cibum
1277 1591 1335 1633 qui
1360 1597 1560 1632 permanet.
1575 1616 1583 1624 .
1596 1615 1604 1625 .
1619 1616 1644 1630 .‚
1664 1601 1769 1633 quem

453 1635 561 1667 Filius
578 1636 734 1667 hominis
751 1636 850 1667 dabit
866 1635 968 1667 vobis
979 1635 997 1647 '¹
1015 1635 1074 1676 (vi.
1090 1635 1144 1676 27)
1159 1644 1166 1673 ;

277 1724 397 1778 quod
431 1724 609 1765 “Filius
640 1723 866 1764 hominis”
898 1724 956 1765 sit
989 1723 1211 1765 Dominus
1243 1723 1391 1778 quoad
1424 1723 1636 1765 Divinum
1670 1724 1768 1765 Hu-

277 1801 474 1836 manum,
507 1787 715 1828 videatur
751 1801 883 1841 supra
918 1786 980 1842 (n.
1012 1786 1102 1841 63).
1184 1787 1318 1840 Quod
1355 1787 1530 1828 dicatur
1564 1791 1769 1828 “manna

275 1850 638 1899 absconditum,''
669 1857 740 1891 est
778 1851 880 1904 quia
912 1850 1159 1903 jucundum
1191 1851 1355 1891 amoris
1387 1850 1613 1899 caelestis,
1647 1851 1767 1904 quod

275 1914 503 1968 accipiunt
526 1913 588 1954 illi
611 1914 684 1967 qui
706 1927 785 1967 per
806 1927 1007 1954 amorem
1031 1911 1257 1966 conjunc'ti
1280 1919 1384 1954 sunt
1409 1913 1620 1961 Domino,
1640 1927 1766 1966 pror-

276 1991 350 2017 sus
382 1978 590 2030 ignotum
624 1982 694 2018 est
726 1976 813 2018 illis
845 1977 919 2031 qui
950 1977 993 2017 in
1026 1990 1180 2017 amore
1212 1989 1303 2016 non
1336 1975 1523 2017 caelesti
1555 1982 1686 2026 sunt;
1719 1983 1766 2017 et

275 2040 362 2081 hoc
385 2039 631 2093 jucundum
655 2053 789 2081 nemo
812 2046 967 2093 potest
994 2040 1199 2093 accipere
1226 2040 1308 2080 nisi
1335 2040 1408 2092 qui
1431 2039 1643 2080 Divinum
1668 2039 1765 2080 Hu-

275 2116 457 2144 manum
482 2103 665 2144 Domini
687 2103 912 2156 agnoscit,
934 2117 992 2143 ex
1011 2103 1097 2144 hoc
1117 2103 1238 2143 enim
1256 2102 1366 2142 illud
1385 2102 1604 2156 procedit.
1648 2101 1765 2155 Quia

274 2167 361 2208 hoc
389 2166 635 2220 jucundum
667 2166 876 2218 ignotum
907 2165 988 2206 fuit
1021 2165 1119 2206 filiis
1153 2164 1332 2206 Israelis
1363 2165 1407 2205 in
1439 2165 1635 2215 deserto,
1663 2164 1765 2206 ideo

274 2229 502 2271 vocabant
529 2228 638 2269 illud
667 2228 850 2278 “man,''
877 2234 925 2269 ut
952 2234 1136 2269 constat
1163 2228 1282 2282 apud
1310 2228 1495 2269 Mosen:

342 2329 475 2361 “Dixit
498 2329 659 2371 Jehovah
685 2328 792 2365 Mosi,
822 2329 911 2360 Ecce
936 2339 1004 2369 ego
1028 2328 1154 2360 faciam
1179 2334 1217 2360 ut
1242 2329 1340 2370 pluat
1364 2329 1467 2361 vobis
1492 2329 1594 2370 panis
1618 2339 1662 2361 ex
1686 2329 1765 2370 ipso

448 2373 548 2404 caelo
562 2382 585 2411 ;.
600 2398 606 2405 .
622 2398 629 2405 .
643 2378 694 2405 .et
719 2383 823 2404 mane
848 2373 914 2404 fuit
931 2378 1063 2404 stratus
1081 2383 1139 2404 ros
1157 2373 1249 2404 circa
1272 2373 1351 2413 ipsa
1367 2379 1503 2411 castra;
1529 2383 1679 2414 cumque
1697 2373 1766 2404 ele-

447 2422 568 2448 vasset
584 2426 622 2448 se
640 2422 772 2448 stratus
790 2417 848 2447 ille
865 2427 936 2454 ros,
953 2426 1034 2448 ecce
1052 2417 1088 2448 in
1106 2416 1291 2457 superficie
1309 2417 1420 2457 ipsius
1438 2417 1568 2448 deserti
1586 2423 1692 2448 tenue
1710 2427 1765 2448 ro-

447 2461 596 2492 tundum
602 2485 693 2497 .....
702 2461 796 2501 quod
810 2460 973 2492 videntes
986 2460 1164 2498 dicebant,
1182 2460 1268 2491 Man
1281 2461 1349 2492 hoc
1358 2460 1392 2493 ?'’
1410 2460 1517 2502 (Quid
1530 2461 1597 2492 hoc
1608 2461 1634 2500 Ρ)
1685 2485 1692 2492 .

450 2506 472 2519 “
486 2504 584 2535 Dixit
602 2503 724 2535 Moses
742 2504 804 2542 eis,
826 2503 895 2535 Hic
913 2510 967 2535 est
991 2504 1094 2544 panis
1118 2504 1177 2535 ille
1202 2514 1305 2545 quem
1330 2504 1391 2535 dat
1414 2504 1517 2535 vobis
1533 2504 1695 2546 Jehovah
1719 2504 1764 2535 ad

448 2547 718 2580 comedendum.
774 2572 869 2579 .....
879 2547 923 2579 Et
940 2548 1082 2579 vocavit
1097 2548 1226 2579 domus
1242 2547 1385 2580 Israelis
1402 2558 1535 2579 nomen
1549 2547 1627 2589 ejus
1645 2547 1732 2579 Man
1745 2547 1763 2559 ’'

446 2591 570 2631 (Exod.
584 2591 655 2623 xvi.
673 2599 691 2630 3
709 2591 753 2622 ad
770 2590 869 2632 fin.);
1482 2604 1485 2606 ·

273 2673 320 2709 et
346 2667 464 2721 apud
491 2666 700 2715 eundem,

337 2744 500 2788 Jehovah
524 2744 655 2775 cibavit
678 2750 712 2775 te
733 2745 911 2782 “manna‚
939 2745 1033 2785 quod
1058 2755 1130 2776 non
1156 2755 1320 2783 noveras,
1349 2755 1414 2776 nec
1438 2751 1618 2777 noverunt
1642 2751 1761 2785 patres

445 2788 507 2826 tui,
527 2793 566 2819 ut
582 2788 724 2819 doceret
741 2793 775 2819 te
793 2789 887 2829 quod
905 2798 978 2819 non
996 2798 1060 2829 per
1076 2798 1205 2829 panem
1223 2789 1339 2820 solum
1357 2789 1455 2820 vivat
1471 2789 1592 2826 homo,
1613 2789 1676 2820 sed
1700 2798 1761 2829 per

446 2841 553 2863 omne
571 2831 795 2863 enuntiatum
813 2832 884 2863 oris
901 2831 1060 2874 Jehovae
1077 2832 1175 2863 vivat
1191 2833 1300 2864 homo
1311 2831 1330 2844 '’
1347 2832 1482 2873 (Deutr.
1496 2832 1568 2864 viii.
1584 2832 1627 2873 3).

273 2918 408 2972 Quod
445 2919 532 2960 hoc
560 2918 819 2972 jucundum,
854 2919 973 2973 quod
1004 2919 1273 2973 intelligitur
1303 2934 1382 2974 per
1415 2920 1587 2970 “man‚’
1629 2921 1759 2974 igno·

272 2989 368 3024 tum
390 2983 519 3024 fuerit
542 2982 641 3023 filiis
665 2983 858 3033 Israelis,
884 2989 979 3024 erat
1003 2984 1104 3037 quia
1125 2984 1168 3024 in
1187 2983 1385 3036 jucundo
1408 2998 1627 3038 corporeo
1653 2998 1759 3038 prae
