2060 3476
281 349 335 394 78
694 357 1027 391 APOCALYPSIS
1059 342 1357 392 E'XPLIVCATA.

281 470 447 513 neum’'
473 485 550 513 seu
580 470 882 525 “Cupreum‚''
908 472 1011 526 quia
1042 479 1149 515 tunc
1180 474 1403 527 regnabat
1436 474 1572 516 modo
1603 475 1779 516 bonum·

281 534 501 584 naturale,
525 535 644 589 quod
667 541 736 586 est
760 535 930 588 justum
952 542 998 577 et
1026 537 1248 577 sincerum
1275 536 1457 578 moralis
1477 538 1626 588 vitae;
1660 538 1766 579 ulti-

281 611 403 638 mum
447 604 600 639 autern
646 598 874 639 saeculum
914 599 1142 641 vocabant
1185 599 1477 646 “Ferreum.’'
1518 602 1621 654 quia
1661 607 1769 643 tunc

279 661 502 714 regnabat
526 661 662 702 modo
684 675 837 702 verum
855 662 1023 716 absque
1046 660 1181 712 bono,
1205 669 1251 703 et
1275 676 1375 704 cum
1398 663 1442 704 id
1464 670 1641 716 regnat,
1661 670 1769 705 tunc

279 739 456 778 quoque
473 731 635 778 regnat
662 724 847 765 falsum:
882 725 993 766 haec
1021 727 1171 766 omnia
1197 740 1256 773 ex
1284 725 1614 779 significatione
1642 728 1770 781 spiri-

279 787 390 828 tuali
422 787 599 828 illorum
632 787 933 828 metallorum.
1013 788 1088 828 Ex
1125 788 1193 829 his
1225 794 1436 830 constare
1468 795 1622 842 potest
1664 790 1770 843 quid

279 849 557 904 significatur
583 864 661 904 per
687 856 887 892 statuam
915 850 1317 892 Nebuchadnezari
1349 852 1393 892 in
1425 852 1602 892 somnio
1626 853 1770 893 visam

346 946 458 988 Cujus
480 948 501 961 ·‘
513 953 617 987 caput
635 952 710 978 erat
726 957 770 978 ex
787 956 885 983 auro,
907 945 1030 987 peetus
1048 953 1084 978 et
1107 932 1252 978 brachia
1269 957 1313 978 ex
1337 953 1500 988 argento,
1521 954 1648 980 venter
1664 954 1699 980 et
1723 949 1773 980 la-

454 998 510 1022 tus
535 1000 578 1022 ex
602 1000 705 1028 aere;
731 1000 833 1021 crura
857 1000 899 1021 ex
924 990 1030 1028 ferro,
1058 997 1093 1022 et
1117 991 1226 1031 pedes
1251 991 1381 1032 partim
1406 1001 1450 1023 ex
1467 991 1562 1023 ferro
1581 993 1709 1033 partim
1727 1002 1773 1023 ex

453 1034 558 1066 luto'’
576 1033 684 1073 (Dan.
702 1034 736 1066 ii.
755 1042 806 1073 32,
823 1034 898 1074 33);

279 1123 398 1176 quod
439 1135 601 1175 nempe
642 1128 789 1162 status
823 1121 1042 1163 ecclesiae
1073 1122 1222 1176 quoad
1258 1123 1426 1164 bonum
1463 1130 1510 1165 et
1541 1136 1711 1173 verum,
1745 1138 1772 1165 a

279 1187 422 1239 primo
449 1192 654 1238 tempore
686 1199 824 1239 usque
856 1185 913 1226 ad
945 1184 1154 1226 ultimum
1179 1185 1300 1239 ejus;
1334 1186 1542 1228 ultimum
1569 1186 1662 1240 ejus
1687 1188 1768 1229 fuit

279 1249 459 1302 quando
486 1248 707 1289 Dominus
738 1249 782 1288 in
814 1249 1029 1289 mundum
1055 1250 1193 1290 venit.
1257 1248 1452 1302 Quando
1479 1251 1618 1291 scitur
1649 1251 1769 1304 quod

281 1311 505 1352 “aurum”
537 1310 760 1364 significet
797 1311 965 1352 bonum
1005 1311 1218 1360 caeleste,
1256 1313 1566 1366 “argentum'’
1603 1314 1770 1354 bonum

279 1373 523 1428 spirituale,
547 1373 692 1414 “aes”
715 1375 883 1414 bonurn
906 1374 1126 1423 naturale,
1146 1382 1192 1416 et
1215 1375 1445 1416 “ferrum’‘
1464 1389 1618 1417 verum
1637 1382 1770 1417 natu-

279 1437 384 1485 rale,
414 1438 512 1477 sciri
546 1443 734 1490 possunt
767 1436 894 1490 plura
925 1451 1089 1478 arcana
1120 1438 1163 1478 in
1187 1437 1342 1479 Verbo
1369 1439 1442 1479 ubi
1473 1438 1550 1480 illa
1582 1438 1771 1480 metalla

280 1500 568 1541 nominantur
584 1498 721 1540 z—Ut
747 1498 852 1552 quid
879 1496 1156 1551 significatur
1181 1497 1299 1550 apud
1325 1495 1528 1564 Esqiam,

347 1599 368 1612 ¹⁴
383 1597 450 1630 Pro
470 1606 550 1627 aere
567 1596 739 1627 adducam
758 1605 895 1632 aurum,
915 1605 980 1636 pro
997 1595 1092 1628 ferro
1109 1596 1282 1628 adducam
1300 1602 1500 1637 argentum,
1521 1603 1557 1628 et
1581 1607 1645 1637 pro
1662 1597 1770 1637 lignis

452 1650 525 1677 aes,
542 1646 578 1671 et
595 1650 658 1680 pro
673 1639 848 1680 lapidibus
866 1639 998 1671 ferrum
1013 1649 1020 1678 ;
1044 1646 1080 1671 et
1096 1649 1227 1680 ponam
1245 1638 1504 1681 praefecturam
1520 1646 1616 1672 tuam
1631 1650 1767 1681 pacem,

451 1690 487 1715 et
503 1681 687 1715 exactores
706 1690 785 1714 tuos
802 1683 975 1724 justitiam
987 1682 1005 1695 ”
1022 1683 1082 1724 (lx.
1101 1683 1165 1723 17).

279 1771 367 1814 Sed
399 1772 501 1826 quia
532 1772 588 1812 de
614 1770 944 1825 significatione
973 1770 1163 1820 “aeris,”
1194 1755 1314 1826 quod
1346 1773 1404 1814 sit
1435 1772 1603 1814 bonum
1635 1778 1768 1813 natu-

278 1835 384 1884 rale,
424 1835 494 1876 hic
532 1835 695 1888 agitur,
737 1834 873 1875 velim
914 1834 1050 1875 modo
1090 1834 1239 1888 aliqua
1279 1834 1379 1876 loca
1418 1834 1656 1885 adducere,
1695 1836 1768 1877 ubi

281 1897 426 1939 “aes’'
453 1898 711 1938 nominatur
736 1903 782 1938 et
809 1897 852 1937 id
879 1897 1046 1938 bonum
1074 1897 1311 1950 significat.
1373 1897 1511 1952 Apud
1539 1897 1714 1948 Mosen,

347 1995 370 2008 ‘⁸
382 1994 521 2025 Ascher
537 1999 701 2034 acceptus
726 1992 894 2024 fratribus
919 1993 1003 2031 suis,
1024 1998 1059 2024 et
1083 1993 1264 2033 intingens
1288 1994 1324 2025 in
1349 1993 1466 2025 oleum
1491 1994 1617 2034 pedem
1642 2004 1743 2026 suum
1759 2004 1767 2034 ;

452 2037 583 2068 ferrum
598 2043 633 2068 et
645 2046 707 2068 aes
721 2036 859 2068 calceus
873 2042 965 2074 tuus,
982 2043 1018 2068 et
1030 2037 1120 2068 sicut
1132 2037 1208 2068 dies
1221 2037 1271 2068 tui
1285 2037 1381 2068 fama
1394 2043 1454 2068 tua
1464 2036 1482 2049 ’'
1492 2037 1627 2077 (Deutr.
1642 2038 1763 2071 xxxiii.

454 2088 505 2119 24,
524 2080 599 2120 25);

281 2168 530 2210 “Ascher''
556 2174 604 2209 ut
638 2181 724 2208 una
756 2168 898 2209 tribus
925 2167 1148 2221 significat
1179 2168 1444 2210 felicitatem
1470 2170 1591 2210 vitae
1622 2175 1669 2210 et
1696 2169 1766 2222 ju-

279 2232 473 2274 cundum
505 2229 790 2272 affeffionum
818 2240 863 2277 (n.
879 2243 968 2278 3938,
985 2250 1074 2278 3939,
1090 2242 1209 2282 6408)3
1246 2232 1509 2284 “intingere
1541 2233 1584 2272 in
1617 2231 1766 2273 oleum

279 2294 472 2349 pedem”
499 2293 721 2347 significat
744 2293 987 2346 jucundum
1014 2293 1234 2342 naturale,
1266 2293 1484 2335 “oleum'’
1505 2294 1764 2348 jucundum,

280 2366 449 2406 (n.9954),
486 2356 634 2410 “pes’'
667 2355 872 2397 naturale
913 2355 981 2409 (ut
1018 2370 1128 2396 mox
1161 2370 1307 2410 supra,
1341 2370 1382 2397 n.
1415 2356 1517 2411 69);
1568 2358 1764 2398 “ferrum

280 2426 326 2461 et
366 2433 442 2460 aes
482 2418 700 2468 calceus,''
737 2418 961 2471 significat
999 2418 1198 2459 infimum
1235 2419 1440 2461 naturale
1477 2434 1536 2461 ex
1573 2434 1680 2462 vero
1719 2427 1766 2462 et

280 2483 414 2531 bono,
459 2481 707 2523 “calceus'’
753 2488 823 2522 est
847 2481 1069 2525 ‚infimum
1115 2481 1320 2523 naturale
1367 2494 1765 2533 (n.1748,1860.6844),

283 2545 512 2587 “ferrum‘'
536 2551 605 2586 est
628 2558 782 2585 verum
808 2544 900 2597 ejus
927 2551 973 2585 et
1000 2558 1076 2585 aes
1102 2551 1171 2585 est
1198 2545 1364 2585 bonurn
1388 2545 1479 2598 ejus
1506 2544 1574 2605 (ut
1597 2545 1764 2601 supra).

283 2607 441 2662 [Apud
467 2607 695 2661 eundem‚]

350 2697 543 2740 “Jehovah
561 2697 658 2728 Deus
675 2702 756 2728 tuus
775 2694 1038 2728 introducturus
1055 2702 1110 2728 est
1125 2702 1160 2729 te
1177 2697 1213 2728 in
1231 2703 1361 2728 terram
1376 2698 1531 2738 opimam
1536 2723 1628 2737 .....
1636 2703 1766 2731 terram

454 2740 592 2791 ecujus
609 2740 786 2824 {apidibus
804 2740 936 2771 ferrum
954 2746 989 2772 et
1006 2751 1025 2772 e
1042 2740 1142 2781 cujus
1160 2741 1342 2773 montibus
1359 2742 1501 2773 excides
1517 2751 1579 2774 aes
1592 2741 1610 2754 '’
1627 2742 1764 2792 (Deutr.

455 2794 526 2816 vm.
539 2789 573 2822 7,
590 2793 610 2824 9
628 2808 635 2815 .

281 2859 420 2914 Apud
446 2859 708 2908 Jeremz'am,

350 2950 372 2964 “
386 2949 489 2980 Dabo
513 2954 547 2980 te
570 2948 703 2989 populo
726 2948 805 2980 huic
829 2948 865 2979 in
890 2958 1029 2980 murum
1052 2949 1144 2982 aeris
1168 2950 1355 2988 munitum,
1375 2956 1413 2983 ut
1436 2955 1645 2992 oppugnent
1668 2955 1713 2988 te,
1733 2955 1766 2982 et

455 3002 526 3023 non
545 2992 775 3033 praevaleant
791 2992 854 3023 tibi
865 2991 883 3004 '’
900 2991 971 3033 (xv.
985 2990 1083 3033 [¹120).

937 3088 962 3100 .-
