2060 3476
682 374 799 409 cu.
821 374 882 418 v.,
905 374 1045 408 VERS.
1069 374 1216 425 2.—-N.
1240 376 1334 420 302.
1673 367 1750 419 511

829 554 835 558 ,
879 530 1016 554 VERSUS
1041 530 1072 560 2,
1089 530 1120 562 3.

331 600 465 644 301.
503 606 522 619 ¹¹
532 601 567 632 Et
582 605 642 632 vm
654 604 787 638 maclam
799 603 910 638 fortem
925 604 1144 637 praedicantum
1161 610 1229 631 voco
1243 610 1356 637 maqna.
1373 603 1442 637 Qun
1457 604 1506 630 est
1517 603 1623 636 dlqmeo
1637 602 1755 634 apeme

251 643 356 670 tibrum
371 646 403 671 et
419 646 532 672 coluere
546 645 643 678 εΙςΙΙΙα
657 645 723 678 ejus
734 645 749 671 7
783 645 819 672 Et
835 651 918 672 nemo
935 645 1032 677 potuit
1048 644 1078 671 in
1096 645 1186 676 caelo.
1200 651 1255 671 neo
1271 651 1362 676 super
1376 645 1466 674 terra.
1481 650 1572 676 neque
1590 642 1645 670 sub
1661 644 1753 677 term,

249 682 368 714 aporire
382 683 485 710 llbrum
499 690 553 710 neo
567 683 713 716 inuitem
728 683 824 710 eum-'¹

297 769 330 795 2.
364 761 428 809 “gt
445 760 514 795 ridi
530 762 689 805 angelum
715 763 837 796 fortem
858 761 1117 806 praedicantem
1137 770 1217 794 roce
1233 761 1385 804 mayna,”
1401 759 1565 801 significat
1581 760 1754 803 infiuxum

429 806 577 838 Domini
585 807 622 837 in
637 807 763 838 caelum
777 806 829 849 [n.
842 805 925 849 302]
936 817 945 845 3
964 805 1069 842 “auis
1081 807 1139 839 est
1149 804 1273 848 dignus
1285 804 1422 848 aper-Ire
1435 804 1556 837 librum
1571 806 1607 838 et
1616 804 1755 838 solvere

425 850 541 894 styma
557 850 634 894 ejvs
644 850 682 883 ?''
698 850 862 892 significat
873 861 957 882 num
970 851 1061 882 ullus
1073 850 1121 882 ibi
1133 850 1212 881 talis
1223 854 1270 881 est
1283 854 1323 881 ut
1336 850 1420 881 sciat
1434 853 1465 880 et
1469 849 1640 891 percipiat
1649 853 1755 880 status

428 895 521 926 vitae
536 895 687 926 omnium
708 895 759 939 [n.
776 895 874 938 303].

296 965 330 1000 3.
363 957 427 991 “Et
435 967 534 991 nemo
547 958 662 1001 potuit
677 958 710 992 in
719 959 833 996 caelo,
847 969 909 992 nec
922 968 1029 1002 supet·
1042 961 1147 996 term,
1161 967 1271 1002 neque
1283 957 1348 991 sub
1361 959 1466 995 term,
1481 955 1618 1000 aperire
1631 955 1753 989 librum

428 1012 492 1036 nec
515 1002 688 1046 inspicere
712 1003 818 1040 eum,''
836 1003 1001 1044 significat
1018 1003 1320 1045 manifestationem
1336 1003 1427 1044 quod
1446 1013 1488 1032 ne
1503 1002 1613 1033 hilum
1630 1001 1755 1043 aliquis

426 1047 467 1078 de
480 1051 570 1078 statu
585 1048 676 1078 vitae
691 1048 842 1079 omnium
859 1049 897 1079 in
915 1048 1087 1080 communi
1100 1052 1132 1079 et
1144 1047 1357 1089 singulorum
1382 1047 1420 1078 in
1435 1046 1648 1088 particulari
1667 1056 1708 1076 ex
1722 1056 1755 1076 se

425 1091 511 1123 sciat
524 1096 556 1123 et
564 1092 731 1134 percipiat
748 1092 800 1136 [n.
818 1091 916 1135 304].

329 1200 462 1245 302.
493 1200 603 1239 [Wrs.
621 1201 665 1240 2.]
696 1190 782 1230 “Et
810 1190 888 1231 vidi
917 1191 1106 1244 angelum
1138 1191 1288 1231 for-iem
1314 1189 1624 1243 praedicantem
1657 1202 1754 1230 νοοο

251 1249 636 1304 magnast—Quod
662 1250 888 1304 significet
915 1250 1268 1303 explorationem
1292 1265 1349 1291 ex
1367 1249 1543 1304 influxu
1566 1249 1755 1290 Domini

249 1313 295 1353 in
325 1312 502 1362 caelum,
535 1318 720 1353 constat
752 1326 811 1353 ex
844 1311 1176 1365 significatione
1211 1311 1402 1365 “angeli
1434 1311 1604 1360 fortis,”
1630 1311 1752 1365 quod

250 1375 308 1417 sit
330 1375 505 1416 caelum
531 1373 607 1429 (de
629 1389 717 1429 qua
738 1374 958 1429 sequitur)
978 1389 987 1426 ;
1021 1381 1067 1416 et
1090 1388 1150 1416 ex
1173 1374 1505 1428 significatione
1531 1374 1748 1428 “praedi-

249 1452 352 1480 care
369 1451 481 1480 voce
500 1438 708 1494 magnast
725 1438 845 1492 quod
868 1439 927 1479 sit
947 1437 1207 1492 exploratio
1225 1453 1284 1479 ex
1303 1438 1475 1479 influxu
1495 1438 1754 1486 Domini,—

249 1502 508 1556 exploratio
548 1515 712 1555 nempe
752 1514 859 1542 num
902 1500 1061 1556 aliquis
1102 1502 1216 1542 scire
1257 1502 1401 1555 possit
1443 1507 1592 1542 status
1629 1502 1752 1542 vitae

249 1567 449 1607 omnium
475 1566 520 1606 in
546 1565 674 1607 caelo
700 1571 747 1606 et
778 1566 822 1605 in
848 1571 970 1606 terra
995 1565 1039 1605 in
1066 1566 1295 1606 communi
1321 1571 1367 1606 et
1395 1566 1439 1606 in
1471 1564 1748 1618 particulari,

249 1642 354 1670 nam
378 1624 434 1670 de
457 1643 510 1671 ea
535 1643 583 1670 re
605 1628 676 1669 hic
701 1629 875 1682 agitur:
910 1628 996 1669 hoc
1020 1628 1299 1682 significatur
1321 1642 1400 1682 per
1420 1627 1752 1682 “praedicare‘'

249 1706 300 1734 ac
335 1692 529 1734 influxus
562 1692 745 1733 Domini
776 1705 855 1745 per
883 1695 1083 1732 “vocem
1113 1705 1328 1745 magnam
1346 1691 1381 1743 ;”
1412 1705 1491 1745 per
1520 1691 1751 1732 “vocem’'

249 1757 382 1805 enim,
422 1769 524 1797 cum
562 1756 617 1796 de
657 1755 869 1803 Domino,
909 1754 1189 1808 significatur
1227 1767 1361 1795 omne
1399 1767 1555 1795 verum
1593 1754 1749 1803 Verbi,

249 1818 481 1861 doctrinae
512 1825 558 1860 et
594 1817 698 1859 fidei
733 1818 957 1871 ab·1pso;
1000 1824 1046 1858 et
1079 1831 1181 1858 curn
1213 1818 1269 1858 de
1301 1817 1430 1858 caelo
1463 1823 1515 1861 θῖ,
1541 1817 1749 1866 ecclesia,

249 1884 394 1923 omnis
417 1883 639 1936 cogitatio
662 1888 708 1923 et
734 1879 912 1922 affefflo
936 1881 1039 1922 inde
1061 1896 1070 1932 ;
1104 1887 1150 1922 et
1174 1882 1276 1935 quia
1299 1894 1433 1921 omne
1456 1881 1576 1934 quod
1599 1880 1751 1934 angeli

247 1947 291 1987 in
318 1946 446 1987 caelo
473 1953 519 1987 et
550 1946 757 1987 homines
785 1946 829 1985 in
857 1945 1016 1998 quibus
1042 1950 1112 1985 est
1139 1944 1346 1993 ecclesia,
1376 1944 1495 1997 quod
1521 1957 1677 1984 verum
1703 1950 1750 1985 et

248 2010 415 2050 bonum
457 2016 542 2058 est,
585 2010 794 2062 cogitant
835 2014 881 2049 et
925 2022 1014 2062 quo
1054 2007 1324 2056 afficiuntur,
1367 2013 1437 2048 est
1479 2021 1538 2047 ex
1578 2007 1750 2048 influxu

249 2072 446 2122 Domini,
484 2073 588 2113 ideo
623 2073 660 2113 is
693 2086 772 2126 per
808 2075 1008 2112 “vocem
1047 2070 1295 2124 magnam'’
1333 2070 1404 2111 hic
1443 2069 1747 2123 significatur:

248 2142 407 2177 notum
439 2137 558 2177 enim
590 2142 660 2176 est
693 2135 813 2189 quod
848 2148 983 2175 nemo
1020 2136 1164 2188 possit
1202 2148 1263 2175 ex
1300 2147 1454 2174 amore
1491 2134 1597 2174 boni
1633 2133 1750 2175 affici

248 2200 370 2240 bono
395 2205 442 2240 et
468 2213 528 2240 ex
555 2213 708 2240 amore
733 2200 826 2239 veri
855 2199 1059 2252 cogitare
1086 2211 1241 2239 verum
1268 2211 1328 2238 ex
1355 2211 1416 2246 se,
1445 2197 1526 2238 sed
1551 2198 1672 2251 quod
1705 2197 1749 2238 id

248 2262 403 2304 influat
430 2277 454 2304 e
480 2263 622 2312 caelo,
646 2263 732 2303 hoc
759 2269 845 2311 est,
871 2276 950 2316 per
972 2261 1148 2303 caelum
1176 2275 1202 2302 a
1229 2261 1454 2311 Domin03
1489 2267 1534 2302 et
1558 2261 1660 2314 quia
1686 2261 1751 2302 ita

249 2333 334 2375 est,
368 2340 447 2380 per
480 2328 506 2346 “
518 2338 678 2366 vocem
715 2338 930 2378 magnam
943 2325 963 2340 ''
1001 2324 1282 2378 significatur
1318 2324 1513 2364 influxus
1551 2324 1748 2364 Domini.

250 2389 362 2427 (Quod
378 2392 394 2403 ¹¹
405 2397 467 2417 vox
477 2387 493 2397 '¹
510 2388 543 2416 in
556 2388 664 2416 Verbo
679 2387 833 2425 significet
847 2396 958 2417 verum
973 2388 1081 2422 Verbi,
1098 2387 1262 2416 doctrinae
1278 2391 1310 2416 et
1331 2387 1417 2420 fidei,
1432 2390 1500 2415 tum
1517 2395 1612 2415 omne
1623 2395 1751 2415 annun-

247 2440 360 2468 tiatum
380 2447 419 2467 ex
438 2438 557 2472 Verbo,
572 2437 717 2467 videatur
735 2447 841 2475 supra.
862 2446 894 2468 n.
911 2427 988 2467 261
1006 2447 1013 2473 ;
1038 2438 1115 2466 etin
1134 2437 1273 2466 Arcanis
1296 2437 1490 2470 Caelestibus,
1506 2445 1537 2466 n.
1553 2437 1643 2474 3563,
1659 2437 1750 2474 6971,

248 2485 337 2520 8813.
348 2483 444 2520 9926;
468 2486 499 2511 et
508 2482 596 2519 quod
606 2481 760 2519 significet
769 2481 972 2511 affectionem
982 2482 1046 2510 veri
1057 2486 1088 2510 et
1099 2481 1174 2510 boni
1185 2481 1377 2514 interiorem,
1389 2485 1419 2508 et
1430 2481 1504 2509 inde
1515 2480 1749 2517 cogitationem,

248 2533 420 2571 n.10454.)
479 2520 615 2574 Quod
640 2520 871 2573 “angelus
896 2520 1057 2561 fortis''
1079 2519 1304 2573 significet
1330 2519 1525 2568 caelum,
1548 2525 1620 2560 est
1645 2520 1750 2573 quia

247 2585 505 2625 universum
527 2582 703 2623 caelum
725 2582 984 2635 angelicum
1007 2595 1160 2623 coram
1185 2582 1383 2622 Domino
1405 2587 1474 2622 est
1499 2582 1614 2622 sicut
1636 2594 1749 2621 unus

248 2647 387 2688 homo
409 2652 486 2687 aut
510 2647 624 2686 sicut
647 2658 760 2686 unus
779 2645 969 2698 angelus
987 2660 996 2696 ;
1031 2644 1238 2685 similiter
1255 2645 1529 2698 unaquaevis
1552 2645 1749 2685 societas

248 2709 387 2751 caeli:
422 2714 697 2762 quapropter
718 2722 797 2761 per
817 2707 1069 2761 “angelum
1082 2707 1102 2722 ’²
1119 2708 1164 2748 in
1186 2707 1342 2748 Verbo
1364 2720 1455 2748 non
1477 2706 1749 2759 intelligitur

248 2787 361 2814 unus
387 2771 590 2826 angelus,
619 2771 698 2812 sed
730 2772 909 2824 integra
943 2771 1140 2812 societas
1171 2769 1405 2824 angelica3
1438 2776 1488 2811 ut
1515 2784 1594 2823 per
1622 2769 1747 2810 “Mi-

248 2835 494 2885 chaelem‚”
535 2834 872 2884 “Gabrielem”
913 2834 1275 2888 “Raphaelem.’'
1351 2834 1438 2875 Hic
1475 2835 1628 2887 itaque
1669 2846 1748 2886 per

251 2893 503 2953 “angelum
534 2898 698 2939 fortem
729 2898 1070 2953 praedicantem
1098 2911 1211 2939 voce
1242 2897 1440 2951 magna”
1468 2896 1748 2950 significatur

248 2963 442 3004 influxus
469 2962 653 3003 Domini
678 2963 722 3003 in
749 2968 900 3003 totum
922 2961 1124 3002 caelum:
1158 2961 1278 3018 quod
1305 2962 1349 3002 in
1376 2967 1525 3002 totum
1553 2938 1772 3024 caelum‚l

246 3026 387 3068 etiam
416 3032 546 3080 patet
572 3040 597 3066 a
623 3026 930 3080 sequentibus,
958 3038 1063 3066 nam
1089 3024 1266 3075 dicitur,
1298 3024 1399 3065 “Et
1427 3037 1562 3065 nemo
1594 3023 1743 3077 potuit
