<?xml version="1.0" encoding="UTF-8"?>
<!DOCTYPE html PUBLIC "-//W3C//DTD XHTML 1.0 Transitional//EN"
    "http://www.w3.org/TR/xhtml1/DTD/xhtml1-transitional.dtd">
<html xmlns="http://www.w3.org/1999/xhtml" xml:lang="en" lang="en">
 <head>
  <title>
</title>
<meta http-equiv="Content-Type" content="text/html;charset=utf-8" />
  <meta name='ocr-system' content='tesseract 3.04.00' />
  <meta name='ocr-capabilities' content='ocr_page ocr_carea ocr_par ocr_line ocrx_word'/>
</head>
<body>
  <div class='ocr_page' id='page_1' title='image "apocalypsisexpli01sweduoft_0058.png"; bbox 0 0 2060 3476; ppageno 0'>
   <div class='ocr_carea' id='block_1_1' title="bbox 282 327 1359 384">
    <p class='ocr_par' dir='ltr' id='par_1_1' title="bbox 282 327 1359 384">
     <span class='ocr_line' id='line_1_1' title="bbox 282 327 1359 384; baseline -0.001 -11"><span class='ocrx_word' id='word_1_1' title='bbox 282 341 336 384; x_wconf 81' lang='lat'>52</span> <span class='ocrx_word' id='word_1_2' title='bbox 697 340 1031 374; x_wconf 73' lang='lat' dir='ltr'>APOCALvPffls</span> <span class='ocrx_word' id='word_1_3' title='bbox 1062 327 1359 383; x_wconf 67' lang='lat' dir='ltr'>Ex‘PLmATA.</span> 
     </span>
    </p>
   </div>
   <div class='ocr_carea' id='block_1_2' title="bbox 245 452 1814 3003">
    <p class='ocr_par' dir='ltr' id='par_1_2' title="bbox 245 452 1814 1131">
     <span class='ocr_line' id='line_1_2' title="bbox 281 452 1814 508; baseline 0.001 -13"><span class='ocrx_word' id='word_1_4' title='bbox 281 454 530 508; x_wconf 84' lang='lat' dir='ltr'>“potentia</span> <span class='ocrx_word' id='word_1_5' title='bbox 556 460 602 495; x_wconf 89' lang='lat' dir='ltr'>et</span> <span class='ocrx_word' id='word_1_6' title='bbox 629 453 811 508; x_wconf 84' lang='lat' dir='ltr'>gloria,’&#39;</span> <span class='ocrx_word' id='word_1_7' title='bbox 833 454 935 508; x_wconf 91' lang='lat' dir='ltr'>quia</span> <span class='ocrx_word' id='word_1_8' title='bbox 961 453 1126 494; x_wconf 91' lang='lat' dir='ltr'>Divino</span> <span class='ocrx_word' id='word_1_9' title='bbox 1148 453 1272 495; x_wconf 90' lang='lat' dir='ltr'>Vero</span> <span class='ocrx_word' id='word_1_10' title='bbox 1294 459 1364 495; x_wconf 88' lang='lat' dir='ltr'>est</span> <span class='ocrx_word' id='word_1_11' title='bbox 1387 452 1532 494; x_wconf 86' lang='lat' dir='ltr'>omnis</span> <span class='ocrx_word' id='word_1_12' title='bbox 1559 453 1767 507; x_wconf 86' lang='lat' dir='ltr'>potentia</span> <span class='ocrx_word' id='word_1_13' title='bbox 1812 494 1814 497; x_wconf 86' lang='lat'>.</span> 
     </span>
     <span class='ocr_line' id='line_1_3' title="bbox 278 514 1764 571; baseline -0.001 -13"><span class='ocrx_word' id='word_1_14' title='bbox 278 523 324 558; x_wconf 85' lang='lat' dir='ltr'>et</span> <span class='ocrx_word' id='word_1_15' title='bbox 356 517 501 570; x_wconf 89' lang='lat' dir='ltr'>gloria</span> <span class='ocrx_word' id='word_1_16' title='bbox 536 516 762 571; x_wconf 88' lang='lat' dir='ltr'>(videatur</span> <span class='ocrx_word' id='word_1_17' title='bbox 794 531 938 571; x_wconf 89' lang='lat' dir='ltr'>supra,</span> <span class='ocrx_word' id='word_1_18' title='bbox 973 530 1014 558; x_wconf 94' lang='lat' dir='ltr'>n.</span> <span class='ocrx_word' id='word_1_19' title='bbox 1042 514 1163 570; x_wconf 72' lang='lat'>[¹¹33).</span> <span class='ocrx_word' id='word_1_20' title='bbox 1224 516 1298 557; x_wconf 88' lang='lat' dir='ltr'>Ex</span> <span class='ocrx_word' id='word_1_21' title='bbox 1332 516 1401 557; x_wconf 92' lang='lat' dir='ltr'>his</span> <span class='ocrx_word' id='word_1_22' title='bbox 1432 516 1571 557; x_wconf 85' lang='lat' dir='ltr'>videri</span> <span class='ocrx_word' id='word_1_23' title='bbox 1609 521 1764 568; x_wconf 89' lang='lat' dir='ltr'>potest</span> 
     </span>
     <span class='ocr_line' id='line_1_4' title="bbox 277 578 1762 633; baseline -0.001 -13"><span class='ocrx_word' id='word_1_24' title='bbox 277 580 381 633; x_wconf 91' lang='lat' dir='ltr'>quid</span> <span class='ocrx_word' id='word_1_25' title='bbox 399 580 624 633; x_wconf 83' lang='lat' dir='ltr'>significat</span> <span class='ocrx_word' id='word_1_26' title='bbox 646 583 872 633; x_wconf 87' lang='lat' dir='ltr'>“regnum</span> <span class='ocrx_word' id='word_1_27' title='bbox 892 580 1006 620; x_wconf 91' lang='lat' dir='ltr'>Dei”</span> <span class='ocrx_word' id='word_1_28' title='bbox 1028 580 1071 620; x_wconf 93' lang='lat' dir='ltr'>in</span> <span class='ocrx_word' id='word_1_29' title='bbox 1095 579 1374 633; x_wconf 86' lang='lat' dir='ltr'>perplurimis</span> <span class='ocrx_word' id='word_1_30' title='bbox 1398 579 1507 620; x_wconf 90' lang='lat' dir='ltr'>locis</span> <span class='ocrx_word' id='word_1_31' title='bbox 1530 580 1573 619; x_wconf 92' lang='lat' dir='ltr'>in</span> <span class='ocrx_word' id='word_1_32' title='bbox 1591 578 1762 626; x_wconf 84' lang='lat' dir='ltr'>Verbo,</span> 
     </span>
     <span class='ocr_line' id='line_1_5' title="bbox 277 641 1763 697; baseline -0.001 -14"><span class='ocrx_word' id='word_1_33' title='bbox 277 643 395 696; x_wconf 91' lang='lat' dir='ltr'>quod</span> <span class='ocrx_word' id='word_1_34' title='bbox 423 657 585 697; x_wconf 85' lang='lat' dir='ltr'><strong>nempe</strong></span> <span class='ocrx_word' id='word_1_35' title='bbox 612 643 852 684; x_wconf 90' lang='lat' dir='ltr'>ecclesiam</span> <span class='ocrx_word' id='word_1_36' title='bbox 875 643 1022 697; x_wconf 90' lang='lat' dir='ltr'>quoad</span> <span class='ocrx_word' id='word_1_37' title='bbox 1048 657 1167 691; x_wconf 89' lang='lat' dir='ltr'>vera,</span> <span class='ocrx_word' id='word_1_38' title='bbox 1196 649 1242 683; x_wconf 87' lang='lat' dir='ltr'>et</span> <span class='ocrx_word' id='word_1_39' title='bbox 1275 643 1395 696; x_wconf 88' lang='lat' dir='ltr'>quod</span> <span class='ocrx_word' id='word_1_40' title='bbox 1422 641 1611 691; x_wconf 86' lang='lat' dir='ltr'>caelum,</span> <span class='ocrx_word' id='word_1_41' title='bbox 1640 655 1692 682; x_wconf 89' lang='lat' dir='ltr'>ac</span> <span class='ocrx_word' id='word_1_42' title='bbox 1719 642 1763 682; x_wconf 93' lang='lat' dir='ltr'>in</span> 
     </span>
     <span class='ocr_line' id='line_1_6' title="bbox 277 704 1763 759; baseline -0.001 -14"><span class='ocrx_word' id='word_1_43' title='bbox 277 720 485 759; x_wconf 89' lang='lat' dir='ltr'>supremo</span> <span class='ocrx_word' id='word_1_44' title='bbox 503 720 636 747; x_wconf 89' lang='lat' dir='ltr'>sensu</span> <span class='ocrx_word' id='word_1_45' title='bbox 655 706 899 746; x_wconf 86' lang='lat' dir='ltr'>Dominum</span> <span class='ocrx_word' id='word_1_46' title='bbox 917 706 1064 759; x_wconf 88' lang='lat' dir='ltr'>quoad</span> <span class='ocrx_word' id='word_1_47' title='bbox 1088 705 1299 746; x_wconf 88' lang='lat' dir='ltr'>Divinum</span> <span class='ocrx_word' id='word_1_48' title='bbox 1324 705 1584 745; x_wconf 91' lang='lat' dir='ltr'>Humanum</span> <span class='ocrx_word' id='word_1_49' title='bbox 1601 717 1617 744; x_wconf 70' lang='grc' dir='ltr'>ε4</span> <span class='ocrx_word' id='word_1_50' title='bbox 1643 704 1763 758; x_wconf 93' lang='lat' dir='ltr'>quod</span> 
     </span>
     <span class='ocr_line' id='line_1_7' title="bbox 275 767 1762 823; baseline -0.002 -13"><span class='ocrx_word' id='word_1_51' title='bbox 275 770 319 809; x_wconf 89' lang='lat' dir='ltr'>in</span> <span class='ocrx_word' id='word_1_52' title='bbox 364 783 573 822; x_wconf 86' lang='lat' dir='ltr'>supremo</span> <span class='ocrx_word' id='word_1_53' title='bbox 618 783 752 810; x_wconf 90' lang='lat' dir='ltr'>sensu</span> <span class='ocrx_word' id='word_1_54' title='bbox 799 783 876 823; x_wconf 88' lang='lat' dir='ltr'>per</span> <span class='ocrx_word' id='word_1_55' title='bbox 923 768 1179 822; x_wconf 88' lang='lat' dir='ltr'>“regnum”</span> <span class='ocrx_word' id='word_1_56' title='bbox 1220 767 1496 821; x_wconf 89' lang='lat' dir='ltr'>significetur</span> <span class='ocrx_word' id='word_1_57' title='bbox 1541 767 1762 808; x_wconf 82' lang='lat' dir='ltr'>Dominus</span> 
     </span>
     <span class='ocr_line' id='line_1_8' title="bbox 245 823 1762 885; baseline -0.001 -13"><span class='ocrx_word' id='word_1_58' title='bbox 245 823 422 884; x_wconf 82' lang='lat' dir='ltr'>&#39;quoad</span> <span class='ocrx_word' id='word_1_59' title='bbox 457 832 668 872; x_wconf 90' lang='lat' dir='ltr'>Divinum</span> <span class='ocrx_word' id='word_1_60' title='bbox 704 832 977 880; x_wconf 88' lang='lat' dir='ltr'>Humanum,</span> <span class='ocrx_word' id='word_1_61' title='bbox 1008 838 1078 872; x_wconf 88' lang='lat' dir='ltr'>est</span> <span class='ocrx_word' id='word_1_62' title='bbox 1110 832 1212 885; x_wconf 90' lang='lat' dir='ltr'>quia</span> <span class='ocrx_word' id='word_1_63' title='bbox 1244 831 1300 871; x_wconf 88' lang='lat' dir='ltr'>ab</span> <span class='ocrx_word' id='word_1_64' title='bbox 1333 831 1438 884; x_wconf 91' lang='lat' dir='ltr'>Ipso</span> <span class='ocrx_word' id='word_1_65' title='bbox 1470 844 1604 871; x_wconf 91' lang='lat' dir='ltr'>omne</span> <span class='ocrx_word' id='word_1_66' title='bbox 1637 830 1762 871; x_wconf 30' lang='lat' dir='ltr'>Dirvi-</span> 
     </span>
     <span class='ocr_line' id='line_1_9' title="bbox 277 892 1764 948; baseline -0.001 -14"><span class='ocrx_word' id='word_1_67' title='bbox 277 909 381 936; x_wconf 90' lang='lat' dir='ltr'>num</span> <span class='ocrx_word' id='word_1_68' title='bbox 409 895 579 935; x_wconf 88' lang='lat' dir='ltr'>Verum</span> <span class='ocrx_word' id='word_1_69' title='bbox 606 895 838 948; x_wconf 87' lang='lat' dir='ltr'>procedit;</span> <span class='ocrx_word' id='word_1_70' title='bbox 873 901 919 935; x_wconf 91' lang='lat' dir='ltr'>et</span> <span class='ocrx_word' id='word_1_71' title='bbox 945 894 1065 948; x_wconf 92' lang='lat' dir='ltr'>quod</span> <span class='ocrx_word' id='word_1_72' title='bbox 1097 908 1175 947; x_wconf 88' lang='lat' dir='ltr'>per</span> <span class='ocrx_word' id='word_1_73' title='bbox 1203 893 1459 946; x_wconf 91' lang='lat' dir='ltr'>“regnum”</span> <span class='ocrx_word' id='word_1_74' title='bbox 1486 892 1764 946; x_wconf 88' lang='lat' dir='ltr'>significetur</span> 
     </span>
     <span class='ocr_line' id='line_1_10' title="bbox 275 955 1761 1011; baseline -0.001 -14"><span class='ocrx_word' id='word_1_75' title='bbox 275 957 465 1006; x_wconf 88' lang='lat' dir='ltr'>caelum,</span> <span class='ocrx_word' id='word_1_76' title='bbox 505 964 574 998; x_wconf 90' lang='lat' dir='ltr'>est</span> <span class='ocrx_word' id='word_1_77' title='bbox 615 959 716 1011; x_wconf 89' lang='lat' dir='ltr'>quia</span> <span class='ocrx_word' id='word_1_78' title='bbox 753 957 929 998; x_wconf 91' lang='lat' dir='ltr'>caelum</span> <span class='ocrx_word' id='word_1_79' title='bbox 966 957 1083 1010; x_wconf 90' lang='lat' dir='ltr'>apud</span> <span class='ocrx_word' id='word_1_80' title='bbox 1120 956 1309 1009; x_wconf 85' lang='lat' dir='ltr'>angelos</span> <span class='ocrx_word' id='word_1_81' title='bbox 1346 969 1437 996; x_wconf 92' lang='lat' dir='ltr'>non</span> <span class='ocrx_word' id='word_1_82' title='bbox 1473 955 1654 996; x_wconf 84' lang='lat' dir='ltr'>aliunde</span> <span class='ocrx_word' id='word_1_83' title='bbox 1691 961 1761 996; x_wconf 88' lang='lat' dir='ltr'>est</span> 
     </span>
     <span class='ocr_line' id='line_1_11' title="bbox 275 1018 1762 1073; baseline 0 -14"><span class='ocrx_word' id='word_1_84' title='bbox 275 1034 408 1072; x_wconf 91' lang='lat' dir='ltr'>quam</span> <span class='ocrx_word' id='word_1_85' title='bbox 440 1035 499 1061; x_wconf 84' lang='lat' dir='ltr'>ex</span> <span class='ocrx_word' id='word_1_86' title='bbox 538 1020 702 1061; x_wconf 90' lang='lat' dir='ltr'>Divino</span> <span class='ocrx_word' id='word_1_87' title='bbox 735 1021 858 1061; x_wconf 89' lang='lat' dir='ltr'>Vero</span> <span class='ocrx_word' id='word_1_88' title='bbox 890 1020 1009 1073; x_wconf 88' lang='lat' dir='ltr'>quod</span> <span class='ocrx_word' id='word_1_89' title='bbox 1047 1019 1250 1072; x_wconf 88' lang='lat' dir='ltr'>procedit</span> <span class='ocrx_word' id='word_1_90' title='bbox 1286 1033 1312 1059; x_wconf 95' lang='lat' dir='ltr'>a</span> <span class='ocrx_word' id='word_1_91' title='bbox 1350 1018 1515 1060; x_wconf 91' lang='lat' dir='ltr'>Divino</span> <span class='ocrx_word' id='word_1_92' title='bbox 1549 1018 1762 1059; x_wconf 89' lang='lat' dir='ltr'>Humano</span> 
     </span>
     <span class='ocr_line' id='line_1_12' title="bbox 276 1082 1624 1131; baseline -0.001 -8"><span class='ocrx_word' id='word_1_93' title='bbox 276 1082 457 1123; x_wconf 73' lang='lat' dir='ltr'>Domini</span> <span class='ocrx_word' id='word_1_94' title='bbox 484 1092 640 1131; x_wconf 84' lang='lat' dir='ltr'>(videatur</span> <span class='ocrx_word' id='word_1_95' title='bbox 654 1094 686 1122; x_wconf 89' lang='lat' dir='ltr'>in</span> <span class='ocrx_word' id='word_1_96' title='bbox 701 1103 795 1131; x_wconf 88' lang='lat' dir='ltr'>opere</span> <span class='ocrx_word' id='word_1_97' title='bbox 812 1094 862 1122; x_wconf 80' lang='lat' dir='ltr'>Dc</span> <span class='ocrx_word' id='word_1_98' title='bbox 881 1093 971 1122; x_wconf 83' lang='lat' dir='ltr'>Caelo</span> <span class='ocrx_word' id='word_1_99' title='bbox 986 1096 1016 1121; x_wconf 82' lang='lat' dir='ltr'>et</span> <span class='ocrx_word' id='word_1_100' title='bbox 1029 1093 1165 1131; x_wconf 77' lang='lat' dir='ltr'>Inferna,</span> <span class='ocrx_word' id='word_1_101' title='bbox 1181 1101 1212 1122; x_wconf 89' lang='lat' dir='ltr'>n.</span> <span class='ocrx_word' id='word_1_102' title='bbox 1227 1101 1316 1128; x_wconf 90' lang='lat'>7-12‚</span> <span class='ocrx_word' id='word_1_103' title='bbox 1332 1092 1441 1128; x_wconf 88' lang='lat'>78-86,</span> <span class='ocrx_word' id='word_1_104' title='bbox 1459 1089 1624 1129; x_wconf 90' lang='lat'>126—140).</span> 
     </span>
    </p>

    <p class='ocr_par' dir='ltr' id='par_1_3' title="bbox 273 1143 1760 2635">
     <span class='ocr_line' id='line_1_13' title="bbox 356 1143 1760 1199; baseline -0.001 -14"><span class='ocrx_word' id='word_1_105' title='bbox 356 1156 454 1199; x_wconf 86' lang='lat'>49.</span> <span class='ocrx_word' id='word_1_106' title='bbox 500 1146 585 1185; x_wconf 70' lang='lat' dir='ltr'>“ft</span> <span class='ocrx_word' id='word_1_107' title='bbox 627 1145 844 1198; x_wconf 72' lang='lat' dir='ltr'>[patiente]</span> <span class='ocrx_word' id='word_1_108' title='bbox 892 1144 1194 1197; x_wconf 72' lang='lat' dir='ltr'>exspectatione</span> <span class='ocrx_word' id='word_1_109' title='bbox 1231 1145 1346 1184; x_wconf 72' lang='lat' dir='ltr'>Jesu</span> <span class='ocrx_word' id='word_1_110' title='bbox 1374 1143 1551 1184; x_wconf 69' lang='lat' dir='ltr'>christi!</span> <span class='ocrx_word' id='word_1_111' title='bbox 1557 1143 1760 1196; x_wconf 79' lang='lat' dir='ltr'>&#39;—Quod</span> 
     </span>
     <span class='ocr_line' id='line_1_14' title="bbox 275 1205 1758 1261; baseline -0.003 -12"><span class='ocrx_word' id='word_1_112' title='bbox 275 1207 498 1261; x_wconf 87' lang='lat' dir='ltr'>significet</span> <span class='ocrx_word' id='word_1_113' title='bbox 540 1207 617 1247; x_wconf 83' lang='lat' dir='ltr'>ubz</span> <span class='ocrx_word' id='word_1_114' title='bbox 646 1221 713 1260; x_wconf 51' lang='lat' dir='ltr'>coo</span> <span class='ocrx_word' id='word_1_115' title='bbox 699 1207 831 1247; x_wconf 79' lang='lat' dir='ltr'>‹r&#39;mtio</span> <span class='ocrx_word' id='word_1_116' title='bbox 864 1206 1026 1247; x_wconf 83' lang='lat' dir='ltr'>Dzvi&#39;nz</span> <span class='ocrx_word' id='word_1_117' title='bbox 1055 1206 1238 1246; x_wconf 84' lang='lat' dir='ltr'>Domzni</span> <span class='ocrx_word' id='word_1_118' title='bbox 1273 1219 1318 1246; x_wconf 87' lang='lat' dir='ltr'>zn</span> <span class='ocrx_word' id='word_1_119' title='bbox 1352 1205 1559 1246; x_wconf 84' lang='lat' dir='ltr'><em>Humano</em></span> <span class='ocrx_word' id='word_1_120' title='bbox 1594 1206 1758 1258; x_wconf 31' lang='lat' dir='ltr'>Ipszffus</span> 
     </span>
     <span class='ocr_line' id='line_1_15' title="bbox 275 1267 1759 1323; baseline -0.002 -11"><span class='ocrx_word' id='word_1_121' title='bbox 275 1277 458 1312; x_wconf 88' lang='lat' dir='ltr'>constat</span> <span class='ocrx_word' id='word_1_122' title='bbox 500 1284 558 1310; x_wconf 88' lang='lat' dir='ltr'>ex</span> <span class='ocrx_word' id='word_1_123' title='bbox 601 1269 931 1323; x_wconf 87' lang='lat' dir='ltr'>significatione</span> <span class='ocrx_word' id='word_1_124' title='bbox 970 1273 994 1290; x_wconf 88' lang='lat'>“</span> <span class='ocrx_word' id='word_1_125' title='bbox 1011 1267 1367 1323; x_wconf 69' lang='lat' dir='ltr'>exspe&amp;ationis</span> <span class='ocrx_word' id='word_1_126' title='bbox 1406 1269 1511 1322; x_wconf 90' lang='lat' dir='ltr'>Jesu</span> <span class='ocrx_word' id='word_1_127' title='bbox 1553 1268 1759 1318; x_wconf 53' lang='lat' dir='ltr'>Christiss&#39;</span> 
     </span>
     <span class='ocr_line' id='line_1_16' title="bbox 275 1330 1758 1387; baseline -0.001 -14"><span class='ocrx_word' id='word_1_128' title='bbox 275 1333 394 1387; x_wconf 91' lang='lat' dir='ltr'>quod</span> <span class='ocrx_word' id='word_1_129' title='bbox 412 1331 635 1385; x_wconf 89' lang='lat' dir='ltr'>significet</span> <span class='ocrx_word' id='word_1_130' title='bbox 650 1332 829 1385; x_wconf 90' lang='lat' dir='ltr'>quando</span> <span class='ocrx_word' id='word_1_131' title='bbox 847 1332 890 1372; x_wconf 93' lang='lat' dir='ltr'>id</span> <span class='ocrx_word' id='word_1_132' title='bbox 909 1338 1087 1385; x_wconf 90' lang='lat' dir='ltr'>tempus</span> <span class='ocrx_word' id='word_1_133' title='bbox 1102 1332 1225 1372; x_wconf 86' lang='lat' dir='ltr'>venit</span> <span class='ocrx_word' id='word_1_134' title='bbox 1240 1344 1340 1371; x_wconf 92' lang='lat' dir='ltr'>cum</span> <span class='ocrx_word' id='word_1_135' title='bbox 1356 1330 1548 1371; x_wconf 90' lang='lat' dir='ltr'>ecclesia</span> <span class='ocrx_word' id='word_1_136' title='bbox 1562 1344 1758 1384; x_wconf 90' lang='lat' dir='ltr'>cognos-</span> 
     </span>
     <span class='ocr_line' id='line_1_17' title="bbox 275 1394 1758 1448; baseline -0.001 -10"><span class='ocrx_word' id='word_1_137' title='bbox 275 1399 335 1438; x_wconf 87' lang='lat' dir='ltr'>cit</span> <span class='ocrx_word' id='word_1_138' title='bbox 354 1397 598 1437; x_wconf 91' lang='lat' dir='ltr'>Dominum</span> <span class='ocrx_word' id='word_1_139' title='bbox 617 1410 624 1446; x_wconf 90' lang='lat'>;</span> <span class='ocrx_word' id='word_1_140' title='bbox 649 1402 695 1436; x_wconf 90' lang='lat' dir='ltr'>et</span> <span class='ocrx_word' id='word_1_141' title='bbox 711 1396 949 1448; x_wconf 87' lang='lat' dir='ltr'>cognoscit</span> <span class='ocrx_word' id='word_1_142' title='bbox 965 1394 1157 1445; x_wconf 87' lang='lat' dir='ltr'>ecclesia</span> <span class='ocrx_word' id='word_1_143' title='bbox 1175 1394 1418 1435; x_wconf 92' lang='lat' dir='ltr'>Dominum</span> <span class='ocrx_word' id='word_1_144' title='bbox 1435 1407 1534 1435; x_wconf 93' lang='lat' dir='ltr'>cum</span> <span class='ocrx_word' id='word_1_145' title='bbox 1550 1396 1758 1447; x_wconf 88' lang='lat' dir='ltr'>agnoscit</span> 
     </span>
     <span class='ocr_line' id='line_1_18' title="bbox 276 1449 1759 1512; baseline -0.002 -11"><span class='ocrx_word' id='word_1_146' title='bbox 276 1461 486 1501; x_wconf 89' lang='lat' dir='ltr'>Divinum</span> <span class='ocrx_word' id='word_1_147' title='bbox 509 1461 552 1500; x_wconf 93' lang='lat' dir='ltr'>in</span> <span class='ocrx_word' id='word_1_148' title='bbox 578 1459 790 1500; x_wconf 92' lang='lat' dir='ltr'>Humano</span> <span class='ocrx_word' id='word_1_149' title='bbox 814 1449 970 1512; x_wconf 59' lang='lat' dir='ltr'>Ipsi&#39;uS.</span> <span class='ocrx_word' id='word_1_150' title='bbox 1028 1457 1161 1511; x_wconf 79' lang='lat' dir='ltr'>Quod</span> <span class='ocrx_word' id='word_1_151' title='bbox 1185 1472 1263 1511; x_wconf 89' lang='lat' dir='ltr'>per</span> <span class='ocrx_word' id='word_1_152' title='bbox 1287 1458 1475 1511; x_wconf 90' lang='lat' dir='ltr'>“Jesum</span> <span class='ocrx_word' id='word_1_153' title='bbox 1499 1458 1727 1499; x_wconf 89' lang='lat' dir='ltr'>Christum</span> <span class='ocrx_word' id='word_1_154' title='bbox 1740 1459 1759 1475; x_wconf 81' lang='lat'>&#39;⁹</span> 
     </span>
     <span class='ocr_line' id='line_1_19' title="bbox 275 1521 1755 1575; baseline -0.001 -12"><span class='ocrx_word' id='word_1_155' title='bbox 275 1522 557 1575; x_wconf 86' lang='lat' dir='ltr'>intelligatur</span> <span class='ocrx_word' id='word_1_156' title='bbox 589 1522 808 1562; x_wconf 87' lang='lat' dir='ltr'>Dominus</span> <span class='ocrx_word' id='word_1_157' title='bbox 841 1521 988 1575; x_wconf 89' lang='lat' dir='ltr'>quoad</span> <span class='ocrx_word' id='word_1_158' title='bbox 1026 1521 1238 1561; x_wconf 91' lang='lat' dir='ltr'>Divinum</span> <span class='ocrx_word' id='word_1_159' title='bbox 1274 1521 1318 1561; x_wconf 91' lang='lat' dir='ltr'>in</span> <span class='ocrx_word' id='word_1_160' title='bbox 1352 1521 1565 1562; x_wconf 87' lang='lat' dir='ltr'>Humano</span> <span class='ocrx_word' id='word_1_161' title='bbox 1598 1521 1755 1575; x_wconf 87' lang='lat' dir='ltr'>Ipsius,</span> 
     </span>
     <span class='ocr_line' id='line_1_20' title="bbox 274 1583 1758 1639; baseline -0.001 -13"><span class='ocrx_word' id='word_1_162' title='bbox 274 1586 479 1627; x_wconf 89' lang='lat' dir='ltr'>videatur</span> <span class='ocrx_word' id='word_1_163' title='bbox 501 1599 632 1639; x_wconf 87' lang='lat' dir='ltr'>supra</span> <span class='ocrx_word' id='word_1_164' title='bbox 657 1583 718 1638; x_wconf 86' lang='lat' dir='ltr'>(n.</span> <span class='ocrx_word' id='word_1_165' title='bbox 738 1584 826 1638; x_wconf 89' lang='lat'>26).</span> <span class='ocrx_word' id='word_1_166' title='bbox 888 1585 1096 1626; x_wconf 87' lang='lat' dir='ltr'>Ecclesia</span> <span class='ocrx_word' id='word_1_167' title='bbox 1118 1585 1173 1625; x_wconf 93' lang='lat' dir='ltr'>de</span> <span class='ocrx_word' id='word_1_168' title='bbox 1196 1598 1283 1638; x_wconf 89' lang='lat' dir='ltr'>qua</span> <span class='ocrx_word' id='word_1_169' title='bbox 1304 1584 1416 1625; x_wconf 89' lang='lat' dir='ltr'>haec</span> <span class='ocrx_word' id='word_1_170' title='bbox 1440 1585 1662 1634; x_wconf 89' lang='lat' dir='ltr'>dicuntur,</span> <span class='ocrx_word' id='word_1_171' title='bbox 1687 1590 1758 1625; x_wconf 88' lang='lat' dir='ltr'>est</span> 
     </span>
     <span class='ocr_line' id='line_1_21' title="bbox 275 1648 1756 1702; baseline -0.001 -12"><span class='ocrx_word' id='word_1_172' title='bbox 275 1648 467 1690; x_wconf 88' lang='lat' dir='ltr'>ecclesia</span> <span class='ocrx_word' id='word_1_173' title='bbox 489 1662 603 1702; x_wconf 89' lang='lat' dir='ltr'>quae</span> <span class='ocrx_word' id='word_1_174' title='bbox 625 1654 815 1688; x_wconf 88' lang='lat' dir='ltr'>ventura</span> <span class='ocrx_word' id='word_1_175' title='bbox 837 1654 940 1701; x_wconf 94' lang='lat' dir='ltr'>post</span> <span class='ocrx_word' id='word_1_176' title='bbox 963 1648 1079 1688; x_wconf 92' lang='lat' dir='ltr'>hanc</span> <span class='ocrx_word' id='word_1_177' title='bbox 1098 1662 1107 1699; x_wconf 89' lang='lat'>;</span> <span class='ocrx_word' id='word_1_178' title='bbox 1141 1661 1245 1688; x_wconf 92' lang='lat' dir='ltr'>nam</span> <span class='ocrx_word' id='word_1_179' title='bbox 1271 1648 1433 1688; x_wconf 91' lang='lat' dir='ltr'>dicitur</span> <span class='ocrx_word' id='word_1_180' title='bbox 1461 1649 1542 1688; x_wconf 88' lang='lat' dir='ltr'>“in</span> <span class='ocrx_word' id='word_1_181' title='bbox 1565 1661 1756 1701; x_wconf 88' lang='lat' dir='ltr'>exspec-</span> 
     </span>
     <span class='ocr_line' id='line_1_22' title="bbox 275 1710 1756 1765; baseline -0.001 -12"><span class='ocrx_word' id='word_1_182' title='bbox 275 1711 486 1753; x_wconf 85' lang='lat' dir='ltr'>tatione.&#39;’</span> <span class='ocrx_word' id='word_1_183' title='bbox 546 1710 754 1752; x_wconf 85' lang='lat' dir='ltr'>Ecclesia</span> <span class='ocrx_word' id='word_1_184' title='bbox 779 1725 892 1764; x_wconf 91' lang='lat' dir='ltr'>quae</span> <span class='ocrx_word' id='word_1_185' title='bbox 924 1710 1058 1752; x_wconf 89' lang='lat' dir='ltr'>hodie</span> <span class='ocrx_word' id='word_1_186' title='bbox 1085 1717 1168 1759; x_wconf 90' lang='lat' dir='ltr'>est,</span> <span class='ocrx_word' id='word_1_187' title='bbox 1197 1711 1376 1764; x_wconf 92' lang='lat' dir='ltr'>quidem</span> <span class='ocrx_word' id='word_1_188' title='bbox 1408 1711 1494 1752; x_wconf 92' lang='lat' dir='ltr'>scit</span> <span class='ocrx_word' id='word_1_189' title='bbox 1525 1712 1644 1765; x_wconf 91' lang='lat' dir='ltr'>quod</span> <span class='ocrx_word' id='word_1_190' title='bbox 1677 1712 1756 1752; x_wconf 95' lang='lat' dir='ltr'>Di-</span> 
     </span>
     <span class='ocr_line' id='line_1_23' title="bbox 274 1773 1756 1822; baseline 0.001 -8"><span class='ocrx_word' id='word_1_191' title='bbox 274 1775 425 1814; x_wconf 92' lang='lat' dir='ltr'>vinum</span> <span class='ocrx_word' id='word_1_192' title='bbox 452 1775 509 1814; x_wconf 90' lang='lat' dir='ltr'>sit</span> <span class='ocrx_word' id='word_1_193' title='bbox 536 1775 578 1814; x_wconf 93' lang='lat' dir='ltr'>in</span> <span class='ocrx_word' id='word_1_194' title='bbox 609 1774 821 1814; x_wconf 89' lang='lat' dir='ltr'>Humano</span> <span class='ocrx_word' id='word_1_195' title='bbox 849 1773 1044 1822; x_wconf 91' lang='lat' dir='ltr'>Domini,</span> <span class='ocrx_word' id='word_1_196' title='bbox 1073 1787 1175 1814; x_wconf 90' lang='lat' dir='ltr'>nam</span> <span class='ocrx_word' id='word_1_197' title='bbox 1209 1773 1286 1814; x_wconf 92' lang='lat' dir='ltr'>illa</span> <span class='ocrx_word' id='word_1_198' title='bbox 1311 1774 1558 1815; x_wconf 89' lang='lat' dir='ltr'>secundum</span> <span class='ocrx_word' id='word_1_199' title='bbox 1589 1773 1756 1816; x_wconf 71' lang='lat' dir='ltr'>doctri-</span> 
     </span>
     <span class='ocr_line' id='line_1_24' title="bbox 275 1836 1756 1890; baseline 0.002 -14"><span class='ocrx_word' id='word_1_200' title='bbox 275 1850 378 1877; x_wconf 89' lang='lat' dir='ltr'>nam</span> <span class='ocrx_word' id='word_1_201' title='bbox 404 1843 635 1890; x_wconf 87' lang='lat' dir='ltr'>receptam</span> <span class='ocrx_word' id='word_1_202' title='bbox 662 1837 747 1876; x_wconf 90' lang='lat' dir='ltr'>scit</span> <span class='ocrx_word' id='word_1_203' title='bbox 774 1836 894 1890; x_wconf 89' lang='lat' dir='ltr'>quod</span> <span class='ocrx_word' id='word_1_204' title='bbox 926 1836 1139 1877; x_wconf 89' lang='lat' dir='ltr'>Divinum</span> <span class='ocrx_word' id='word_1_205' title='bbox 1171 1843 1216 1878; x_wconf 90' lang='lat' dir='ltr'>et</span> <span class='ocrx_word' id='word_1_206' title='bbox 1251 1837 1511 1878; x_wconf 87' lang='lat' dir='ltr'>Humanum</span> <span class='ocrx_word' id='word_1_207' title='bbox 1543 1838 1634 1879; x_wconf 91' lang='lat' dir='ltr'>sint</span> <span class='ocrx_word' id='word_1_208' title='bbox 1665 1851 1756 1889; x_wconf 82' lang='lat' dir='ltr'>non</span> 
     </span>
     <span class='ocr_line' id='line_1_25' title="bbox 273 1899 1755 1954; baseline 0.001 -15"><span class='ocrx_word' id='word_1_209' title='bbox 273 1900 361 1940; x_wconf 92' lang='lat' dir='ltr'>duo</span> <span class='ocrx_word' id='word_1_210' title='bbox 388 1900 466 1940; x_wconf 90' lang='lat' dir='ltr'>sed</span> <span class='ocrx_word' id='word_1_211' title='bbox 499 1900 628 1940; x_wconf 91' lang='lat' dir='ltr'>unica</span> <span class='ocrx_word' id='word_1_212' title='bbox 654 1899 863 1949; x_wconf 88' lang='lat' dir='ltr'>Persona,</span> <span class='ocrx_word' id='word_1_213' title='bbox 892 1906 939 1940; x_wconf 91' lang='lat' dir='ltr'>et</span> <span class='ocrx_word' id='word_1_214' title='bbox 970 1913 1145 1954; x_wconf 91' lang='lat' dir='ltr'>quoque</span> <span class='ocrx_word' id='word_1_215' title='bbox 1177 1900 1296 1953; x_wconf 89' lang='lat' dir='ltr'>quod</span> <span class='ocrx_word' id='word_1_216' title='bbox 1329 1901 1419 1941; x_wconf 90' lang='lat' dir='ltr'>sint</span> <span class='ocrx_word' id='word_1_217' title='bbox 1451 1901 1565 1941; x_wconf 91' lang='lat' dir='ltr'>sicut</span> <span class='ocrx_word' id='word_1_218' title='bbox 1596 1902 1641 1941; x_wconf 91' lang='lat' dir='ltr'>in</span> <span class='ocrx_word' id='word_1_219' title='bbox 1672 1900 1755 1942; x_wconf 93' lang='lat' dir='ltr'>ho-</span> 
     </span>
     <span class='ocr_line' id='line_1_26' title="bbox 274 1960 1755 2016; baseline 0.001 -15"><span class='ocrx_word' id='word_1_220' title='bbox 274 1962 392 2002; x_wconf 90' lang='lat' dir='ltr'>mine</span> <span class='ocrx_word' id='word_1_221' title='bbox 423 1962 577 2011; x_wconf 45' lang='lat' dir='ltr'>,anima</span> <span class='ocrx_word' id='word_1_222' title='bbox 613 1967 659 2002; x_wconf 94' lang='lat' dir='ltr'>et</span> <span class='ocrx_word' id='word_1_223' title='bbox 696 1974 857 2014; x_wconf 89' lang='lat' dir='ltr'>corpus</span> <span class='ocrx_word' id='word_1_224' title='bbox 901 1960 1127 2014; x_wconf 87' lang='lat' dir='ltr'>(videatur</span> <span class='ocrx_word' id='word_1_225' title='bbox 1163 1975 1307 2015; x_wconf 88' lang='lat' dir='ltr'>supra,</span> <span class='ocrx_word' id='word_1_226' title='bbox 1346 1975 1388 2002; x_wconf 91' lang='lat' dir='ltr'>n.</span> <span class='ocrx_word' id='word_1_227' title='bbox 1430 1972 1491 2010; x_wconf 91' lang='lat'>10,</span> <span class='ocrx_word' id='word_1_228' title='bbox 1530 1961 1631 2016; x_wconf 89' lang='lat'>26);</span> <span class='ocrx_word' id='word_1_229' title='bbox 1674 1962 1755 2003; x_wconf 91' lang='lat' dir='ltr'>sed</span> 
     </span>
     <span class='ocr_line' id='line_1_27' title="bbox 273 2023 1753 2076; baseline 0.001 -13"><span class='ocrx_word' id='word_1_230' title='bbox 273 2037 411 2076; x_wconf 89' lang='lat' dir='ltr'>usque</span> <span class='ocrx_word' id='word_1_231' title='bbox 434 2036 524 2063; x_wconf 92' lang='lat' dir='ltr'>non</span> <span class='ocrx_word' id='word_1_232' title='bbox 547 2023 784 2076; x_wconf 88' lang='lat' dir='ltr'>cognoscit</span> <span class='ocrx_word' id='word_1_233' title='bbox 809 2023 927 2076; x_wconf 90' lang='lat' dir='ltr'>quod</span> <span class='ocrx_word' id='word_1_234' title='bbox 956 2023 1215 2064; x_wconf 87' lang='lat' dir='ltr'>Humanum</span> <span class='ocrx_word' id='word_1_235' title='bbox 1240 2024 1421 2063; x_wconf 90' lang='lat' dir='ltr'>Domini</span> <span class='ocrx_word' id='word_1_236' title='bbox 1443 2025 1500 2064; x_wconf 94' lang='lat' dir='ltr'>sit</span> <span class='ocrx_word' id='word_1_237' title='bbox 1526 2023 1753 2073; x_wconf 90' lang='lat' dir='ltr'>Divinum,</span> 
     </span>
     <span class='ocr_line' id='line_1_28' title="bbox 274 2086 1754 2140; baseline 0.001 -14"><span class='ocrx_word' id='word_1_238' title='bbox 274 2092 453 2139; x_wconf 87' lang='lat' dir='ltr'>separat</span> <span class='ocrx_word' id='word_1_239' title='bbox 480 2087 598 2126; x_wconf 91' lang='lat' dir='ltr'>enim</span> <span class='ocrx_word' id='word_1_240' title='bbox 625 2099 760 2126; x_wconf 90' lang='lat' dir='ltr'>unum</span> <span class='ocrx_word' id='word_1_241' title='bbox 783 2086 840 2126; x_wconf 93' lang='lat' dir='ltr'>ab</span> <span class='ocrx_word' id='word_1_242' title='bbox 861 2086 1021 2135; x_wconf 88' lang='lat' dir='ltr'>altero,</span> <span class='ocrx_word' id='word_1_243' title='bbox 1045 2087 1164 2140; x_wconf 92' lang='lat' dir='ltr'>quod</span> <span class='ocrx_word' id='word_1_244' title='bbox 1191 2093 1319 2140; x_wconf 91' lang='lat' dir='ltr'>patet</span> <span class='ocrx_word' id='word_1_245' title='bbox 1342 2100 1401 2127; x_wconf 88' lang='lat' dir='ltr'>ex</span> <span class='ocrx_word' id='word_1_246' title='bbox 1427 2100 1495 2135; x_wconf 90' lang='lat' dir='ltr'>eo,</span> <span class='ocrx_word' id='word_1_247' title='bbox 1520 2087 1639 2140; x_wconf 92' lang='lat' dir='ltr'>quod</span> <span class='ocrx_word' id='word_1_248' title='bbox 1663 2101 1754 2128; x_wconf 90' lang='lat' dir='ltr'>non</span> 
     </span>
     <span class='ocr_line' id='line_1_29' title="bbox 273 2148 1754 2202; baseline 0.001 -14"><span class='ocrx_word' id='word_1_249' title='bbox 273 2149 520 2189; x_wconf 88' lang='lat' dir='ltr'>admittant</span> <span class='ocrx_word' id='word_1_250' title='bbox 546 2161 706 2188; x_wconf 89' lang='lat' dir='ltr'>vocem</span> <span class='ocrx_word' id='word_1_251' title='bbox 736 2148 896 2188; x_wconf 83' lang='lat' dir='ltr'>Dz‘vz&#39;nz&#39;</span> <span class='ocrx_word' id='word_1_252' title='bbox 912 2148 1123 2196; x_wconf 82' lang='lat' dir='ltr'>Humani,</span> <span class='ocrx_word' id='word_1_253' title='bbox 1152 2154 1197 2189; x_wconf 92' lang='lat' dir='ltr'>et</span> <span class='ocrx_word' id='word_1_254' title='bbox 1229 2162 1404 2202; x_wconf 91' lang='lat' dir='ltr'>quoque</span> <span class='ocrx_word' id='word_1_255' title='bbox 1435 2149 1554 2202; x_wconf 90' lang='lat' dir='ltr'>quod</span> <span class='ocrx_word' id='word_1_256' title='bbox 1586 2149 1754 2190; x_wconf 90' lang='lat' dir='ltr'>adeant</span> 
     </span>
     <span class='ocr_line' id='line_1_30' title="bbox 274 2210 1754 2264; baseline 0.001 -14"><span class='ocrx_word' id='word_1_257' title='bbox 274 2210 454 2250; x_wconf 87' lang='lat' dir='ltr'>Patrem</span> <span class='ocrx_word' id='word_1_258' title='bbox 486 2216 534 2250; x_wconf 92' lang='lat' dir='ltr'>ut</span> <span class='ocrx_word' id='word_1_259' title='bbox 567 2211 831 2251; x_wconf 88' lang='lat' dir='ltr'>misereatur</span> <span class='ocrx_word' id='word_1_260' title='bbox 862 2217 1046 2263; x_wconf 86' lang='lat' dir='ltr'>propter</span> <span class='ocrx_word' id='word_1_261' title='bbox 1077 2210 1253 2259; x_wconf 87' lang='lat' dir='ltr'>Filium,</span> <span class='ocrx_word' id='word_1_262' title='bbox 1283 2223 1383 2250; x_wconf 91' lang='lat' dir='ltr'>cum</span> <span class='ocrx_word' id='word_1_263' title='bbox 1415 2216 1569 2251; x_wconf 89' lang='lat' dir='ltr'>tamen</span> <span class='ocrx_word' id='word_1_264' title='bbox 1602 2211 1754 2264; x_wconf 92' lang='lat' dir='ltr'>Ipsum</span> 
     </span>
     <span class='ocr_line' id='line_1_31' title="bbox 274 2271 1756 2322; baseline 0.001 -10"><span class='ocrx_word' id='word_1_265' title='bbox 274 2271 486 2312; x_wconf 90' lang='lat' dir='ltr'>Divinum</span> <span class='ocrx_word' id='word_1_266' title='bbox 530 2272 574 2312; x_wconf 91' lang='lat' dir='ltr'>in</span> <span class='ocrx_word' id='word_1_267' title='bbox 611 2271 738 2312; x_wconf 89' lang='lat' dir='ltr'>caelo</span> <span class='ocrx_word' id='word_1_268' title='bbox 776 2278 846 2313; x_wconf 89' lang='lat' dir='ltr'>est</span> <span class='ocrx_word' id='word_1_269' title='bbox 887 2272 1099 2313; x_wconf 88' lang='lat' dir='ltr'>Di&#39;vinum</span> <span class='ocrx_word' id='word_1_270' title='bbox 1141 2272 1400 2312; x_wconf 90' lang='lat' dir='ltr'>Humanum</span> <span class='ocrx_word' id='word_1_271' title='bbox 1438 2282 1594 2322; x_wconf 85' lang='lat' dir='ltr'>(videatur</span> <span class='ocrx_word' id='word_1_272' title='bbox 1612 2283 1643 2311; x_wconf 87' lang='lat' dir='ltr'>in</span> <span class='ocrx_word' id='word_1_273' title='bbox 1661 2292 1756 2320; x_wconf 85' lang='lat' dir='ltr'>opere</span> 
     </span>
     <span class='ocr_line' id='line_1_32' title="bbox 275 2332 1755 2386; baseline 0.003 -15"><span class='ocrx_word' id='word_1_274' title='bbox 275 2344 324 2371; x_wconf 74' lang='lat' dir='ltr'>De</span> <span class='ocrx_word' id='word_1_275' title='bbox 339 2343 429 2372; x_wconf 76' lang='lat' dir='ltr'>caelo</span> <span class='ocrx_word' id='word_1_276' title='bbox 444 2343 624 2381; x_wconf 74' lang='lat' dir='ltr'>etlnfirno,</span> <span class='ocrx_word' id='word_1_277' title='bbox 641 2352 670 2372; x_wconf 89' lang='lat' dir='ltr'>n.</span> <span class='ocrx_word' id='word_1_278' title='bbox 686 2343 812 2381; x_wconf 89' lang='lat'><strong>78—86).</strong></span> <span class='ocrx_word' id='word_1_279' title='bbox 864 2333 926 2374; x_wconf 93' lang='lat' dir='ltr'>Et</span> <span class='ocrx_word' id='word_1_280' title='bbox 944 2334 1046 2386; x_wconf 89' lang='lat' dir='ltr'>quia</span> <span class='ocrx_word' id='word_1_281' title='bbox 1067 2332 1178 2374; x_wconf 91' lang='lat' dir='ltr'>haec</span> <span class='ocrx_word' id='word_1_282' title='bbox 1203 2333 1405 2385; x_wconf 89' lang='lat' dir='ltr'>cognitio</span> <span class='ocrx_word' id='word_1_283' title='bbox 1427 2339 1480 2377; x_wconf 70' lang='lat' dir='ltr'>et.</span> <span class='ocrx_word' id='word_1_284' title='bbox 1496 2335 1669 2386; x_wconf 89' lang='lat' dir='ltr'>agnitio</span> <span class='ocrx_word' id='word_1_285' title='bbox 1691 2335 1755 2376; x_wconf 89' lang='lat' dir='ltr'>ita</span> 
     </span>
     <span class='ocr_line' id='line_1_33' title="bbox 274 2394 1754 2448; baseline 0.002 -13"><span class='ocrx_word' id='word_1_286' title='bbox 274 2395 480 2448; x_wconf 86' lang='lat' dir='ltr'>perierat,</span> <span class='ocrx_word' id='word_1_287' title='bbox 505 2401 551 2436; x_wconf 89' lang='lat' dir='ltr'>et</span> <span class='ocrx_word' id='word_1_288' title='bbox 574 2402 726 2435; x_wconf 90' lang='lat' dir='ltr'>tamen</span> <span class='ocrx_word' id='word_1_289' title='bbox 750 2395 793 2435; x_wconf 90' lang='lat' dir='ltr'>id</span> <span class='ocrx_word' id='word_1_290' title='bbox 816 2401 886 2436; x_wconf 91' lang='lat' dir='ltr'>est</span> <span class='ocrx_word' id='word_1_291' title='bbox 909 2394 1152 2448; x_wconf 86' lang='lat' dir='ltr'>principale</span> <span class='ocrx_word' id='word_1_292' title='bbox 1175 2395 1373 2435; x_wconf 89' lang='lat' dir='ltr'>omnium</span> <span class='ocrx_word' id='word_1_293' title='bbox 1396 2395 1615 2436; x_wconf 90' lang='lat' dir='ltr'>ecclesiae</span> <span class='ocrx_word' id='word_1_294' title='bbox 1638 2397 1754 2438; x_wconf 89' lang='lat' dir='ltr'>sicut</span> 
     </span>
     <span class='ocr_line' id='line_1_34' title="bbox 274 2456 1753 2511; baseline 0.002 -15"><span class='ocrx_word' id='word_1_295' title='bbox 274 2462 343 2496; x_wconf 91' lang='lat' dir='ltr'>est</span> <span class='ocrx_word' id='word_1_296' title='bbox 371 2456 616 2509; x_wconf 89' lang='lat' dir='ltr'>principale</span> <span class='ocrx_word' id='word_1_297' title='bbox 642 2458 842 2497; x_wconf 90' lang='lat' dir='ltr'>omnium</span> <span class='ocrx_word' id='word_1_298' title='bbox 867 2457 911 2497; x_wconf 90' lang='lat' dir='ltr'>in</span> <span class='ocrx_word' id='word_1_299' title='bbox 938 2456 1079 2505; x_wconf 89' lang='lat' dir='ltr'>caelo,</span> <span class='ocrx_word' id='word_1_300' title='bbox 1106 2457 1209 2497; x_wconf 93' lang='lat' dir='ltr'>ideo</span> <span class='ocrx_word' id='word_1_301' title='bbox 1241 2456 1372 2497; x_wconf 88' lang='lat' dir='ltr'>Nova</span> <span class='ocrx_word' id='word_1_302' title='bbox 1400 2456 1609 2497; x_wconf 89' lang='lat' dir='ltr'>Ecclesia</span> <span class='ocrx_word' id='word_1_303' title='bbox 1635 2459 1753 2511; x_wconf 92' lang='lat' dir='ltr'>apud</span> 
     </span>
     <span class='ocr_line' id='line_1_35' title="bbox 274 2518 1753 2570; baseline 0.001 -12"><span class='ocrx_word' id='word_1_304' title='bbox 274 2524 436 2570; x_wconf 88' lang='lat' dir='ltr'>gentes</span> <span class='ocrx_word' id='word_1_305' title='bbox 462 2532 487 2558; x_wconf 92' lang='lat' dir='ltr'>a</span> <span class='ocrx_word' id='word_1_306' title='bbox 520 2518 717 2558; x_wconf 92' lang='lat' dir='ltr'>Domino</span> <span class='ocrx_word' id='word_1_307' title='bbox 743 2519 1029 2567; x_wconf 88' lang='lat' dir='ltr'>instauratur,</span> <span class='ocrx_word' id='word_1_308' title='bbox 1058 2519 1131 2559; x_wconf 88' lang='lat' dir='ltr'>ubi</span> <span class='ocrx_word' id='word_1_309' title='bbox 1156 2518 1199 2559; x_wconf 95' lang='lat' dir='ltr'>id</span> <span class='ocrx_word' id='word_1_310' title='bbox 1231 2531 1322 2559; x_wconf 93' lang='lat' dir='ltr'>non</span> <span class='ocrx_word' id='word_1_311' title='bbox 1348 2519 1484 2558; x_wconf 90' lang='lat' dir='ltr'>modo</span> <span class='ocrx_word' id='word_1_312' title='bbox 1511 2520 1650 2560; x_wconf 87' lang='lat' dir='ltr'>scitur</span> <span class='ocrx_word' id='word_1_313' title='bbox 1674 2520 1753 2561; x_wconf 92' lang='lat' dir='ltr'>sed</span> 
     </span>
     <span class='ocr_line' id='line_1_36' title="bbox 273 2579 1755 2635; baseline 0.002 -16"><span class='ocrx_word' id='word_1_314' title='bbox 273 2580 411 2619; x_wconf 87' lang='lat' dir='ltr'>etiam</span> <span class='ocrx_word' id='word_1_315' title='bbox 451 2581 724 2632; x_wconf 90' lang='lat' dir='ltr'>agnoscitur.</span> <span class='ocrx_word' id='word_1_316' title='bbox 771 2580 900 2620; x_wconf 92' lang='lat' dir='ltr'>Hoc</span> <span class='ocrx_word' id='word_1_317' title='bbox 938 2593 1054 2620; x_wconf 91' lang='lat' dir='ltr'>nunc</span> <span class='ocrx_word' id='word_1_318' title='bbox 1096 2586 1166 2621; x_wconf 92' lang='lat' dir='ltr'>est</span> <span class='ocrx_word' id='word_1_319' title='bbox 1203 2580 1321 2634; x_wconf 93' lang='lat' dir='ltr'>quod</span> <span class='ocrx_word' id='word_1_320' title='bbox 1363 2579 1641 2633; x_wconf 88' lang='lat' dir='ltr'>significatur</span> <span class='ocrx_word' id='word_1_321' title='bbox 1675 2594 1755 2635; x_wconf 86' lang='lat' dir='ltr'>per</span> 
     </span>
    </p>

    <p class='ocr_par' dir='ltr' id='par_1_4' title="bbox 275 2640 1065 2710">
     <span class='ocr_line' id='line_1_37' title="bbox 275 2640 1065 2710; baseline 0.004 -30.164"><span class='ocrx_word' id='word_1_322' title='bbox 275 2640 705 2710; x_wconf 63' lang='lat' dir='ltr'>“exspectationem</span> <span class='ocrx_word' id='word_1_323' title='bbox 729 2641 835 2694; x_wconf 91' lang='lat' dir='ltr'>Jesu</span> <span class='ocrx_word' id='word_1_324' title='bbox 862 2641 1065 2683; x_wconf 50' lang='lat' dir='ltr'>Christi?</span> 
     </span>
    </p>

    <p class='ocr_par' dir='ltr' id='par_1_5' title="bbox 272 2702 1751 3003">
     <span class='ocr_line' id='line_1_38' title="bbox 350 2702 1751 2756; baseline 0.002 -15"><span class='ocrx_word' id='word_1_325' title='bbox 350 2711 448 2754; x_wconf 84' lang='lat'>50.</span> <span class='ocrx_word' id='word_1_326' title='bbox 494 2702 649 2741; x_wconf 76' lang='lat' dir='ltr'>“Et-am</span> <span class='ocrx_word' id='word_1_327' title='bbox 678 2703 717 2741; x_wconf 79' lang='lat' dir='ltr'>in</span> <span class='ocrx_word' id='word_1_328' title='bbox 750 2702 883 2742; x_wconf 76' lang='lat' dir='ltr'>insula</span> <span class='ocrx_word' id='word_1_329' title='bbox 919 2706 1061 2743; x_wconf 70' lang='lat' dir='ltr'>vocata</span> <span class='ocrx_word' id='word_1_330' title='bbox 1093 2703 1285 2743; x_wconf 63' lang='lat' dir='ltr'>Patmos!</span> <span class='ocrx_word' id='word_1_331' title='bbox 1290 2702 1494 2755; x_wconf 81' lang='lat' dir='ltr'>&#39;—Quod</span> <span class='ocrx_word' id='word_1_332' title='bbox 1530 2703 1751 2756; x_wconf 90' lang='lat' dir='ltr'>significet</span> 
     </span>
     <span class='ocr_line' id='line_1_39' title="bbox 273 2762 1752 2817; baseline 0.003 -15"><span class='ocrx_word' id='word_1_333' title='bbox 273 2762 578 2803; x_wconf 75' lang='lat' dir='ltr'>revelatzonem</span> <span class='ocrx_word' id='word_1_334' title='bbox 594 2763 812 2815; x_wconf 77' lang='lat' dir='ltr'>gentzbus,</span> <span class='ocrx_word' id='word_1_335' title='bbox 837 2770 1020 2806; x_wconf 85' lang='lat' dir='ltr'>constat</span> <span class='ocrx_word' id='word_1_336' title='bbox 1046 2778 1105 2804; x_wconf 84' lang='lat' dir='ltr'>ex</span> <span class='ocrx_word' id='word_1_337' title='bbox 1131 2763 1460 2817; x_wconf 87' lang='lat' dir='ltr'>significatione</span> <span class='ocrx_word' id='word_1_338' title='bbox 1489 2765 1752 2813; x_wconf 52' lang='lat' dir='ltr'>“Patmosss’</span> 
     </span>
     <span class='ocr_line' id='line_1_40' title="bbox 272 2823 1749 2878; baseline 0.003 -15"><span class='ocrx_word' id='word_1_339' title='bbox 272 2823 391 2876; x_wconf 92' lang='lat' dir='ltr'>quod</span> <span class='ocrx_word' id='word_1_340' title='bbox 423 2824 480 2864; x_wconf 92' lang='lat' dir='ltr'>sit</span> <span class='ocrx_word' id='word_1_341' title='bbox 511 2824 729 2865; x_wconf 85' lang='lat' dir='ltr'>revelatio</span> <span class='ocrx_word' id='word_1_342' title='bbox 755 2835 868 2878; x_wconf 83' lang='lat' dir='ltr'>quae</span> <span class='ocrx_word' id='word_1_343' title='bbox 899 2826 943 2865; x_wconf 89' lang='lat' dir='ltr'>in</span> <span class='ocrx_word' id='word_1_344' title='bbox 968 2825 1270 2877; x_wconf 80' lang='lat' dir='ltr'>Apocalypsi:</span> <span class='ocrx_word' id='word_1_345' title='bbox 1307 2827 1457 2867; x_wconf 89' lang='lat' dir='ltr'>omnia</span> <span class='ocrx_word' id='word_1_346' title='bbox 1484 2828 1600 2867; x_wconf 90' lang='lat' dir='ltr'>enim</span> <span class='ocrx_word' id='word_1_347' title='bbox 1633 2827 1749 2876; x_wconf 89' lang='lat' dir='ltr'>loca,</span> 
     </span>
     <span class='ocr_line' id='line_1_41' title="bbox 272 2885 1751 2942; baseline 0.003 -18"><span class='ocrx_word' id='word_1_348' title='bbox 272 2898 385 2937; x_wconf 89' lang='lat' dir='ltr'>quae</span> <span class='ocrx_word' id='word_1_349' title='bbox 416 2886 459 2925; x_wconf 93' lang='lat' dir='ltr'>in</span> <span class='ocrx_word' id='word_1_350' title='bbox 491 2885 645 2926; x_wconf 92' lang='lat' dir='ltr'>Verbo</span> <span class='ocrx_word' id='word_1_351' title='bbox 677 2893 996 2936; x_wconf 86' lang='lat' dir='ltr'>memorantur,</span> <span class='ocrx_word' id='word_1_352' title='bbox 1029 2887 1284 2940; x_wconf 89' lang='lat' dir='ltr'>significant</span> <span class='ocrx_word' id='word_1_353' title='bbox 1315 2901 1412 2937; x_wconf 88' lang='lat' dir='ltr'>res;</span> <span class='ocrx_word' id='word_1_354' title='bbox 1441 2894 1500 2939; x_wconf 63' lang='lat' dir='ltr'>⁴et</span> <span class='ocrx_word' id='word_1_355' title='bbox 1528 2902 1613 2937; x_wconf 91' lang='lat' dir='ltr'>res,</span> <span class='ocrx_word' id='word_1_356' title='bbox 1641 2901 1751 2942; x_wconf 90' lang='lat' dir='ltr'>quas</span> 
     </span>
     <span class='ocr_line' id='line_1_42' title="bbox 272 2945 1749 3003; baseline 0.003 -18"><span class='ocrx_word' id='word_1_357' title='bbox 272 2945 542 2998; x_wconf 89' lang='lat' dir='ltr'>significant,</span> <span class='ocrx_word' id='word_1_358' title='bbox 572 2954 675 2988; x_wconf 88' lang='lat' dir='ltr'>sunt</span> <span class='ocrx_word' id='word_1_359' title='bbox 701 2947 772 2988; x_wconf 89' lang='lat' dir='ltr'>vel</span> <span class='ocrx_word' id='word_1_360' title='bbox 800 2962 825 2988; x_wconf 88' lang='lat' dir='ltr'>a</span> <span class='ocrx_word' id='word_1_361' title='bbox 851 2947 974 2989; x_wconf 91' lang='lat' dir='ltr'>cultu</span> <span class='ocrx_word' id='word_1_362' title='bbox 1001 2948 1071 2997; x_wconf 90' lang='lat' dir='ltr'>ibi,</span> <span class='ocrx_word' id='word_1_363' title='bbox 1100 2948 1170 2989; x_wconf 90' lang='lat' dir='ltr'>vel</span> <span class='ocrx_word' id='word_1_364' title='bbox 1198 2962 1223 2988; x_wconf 86' lang='lat' dir='ltr'>a</span> <span class='ocrx_word' id='word_1_365' title='bbox 1249 2949 1528 2990; x_wconf 87' lang='lat' dir='ltr'>memorabili</span> <span class='ocrx_word' id='word_1_366' title='bbox 1546 2949 1665 3003; x_wconf 92' lang='lat' dir='ltr'>quod</span> <span class='ocrx_word' id='word_1_367' title='bbox 1690 2949 1749 2990; x_wconf 86' lang='lat' dir='ltr'>ibi</span> 
     </span>
    </p>
   </div>
  </div>
 </body>
</html>
