2060 3476
305 338 389 392 380
676 339 678 342 ’
717 343 1051 378 APOCALYPSIS
1081 342 1382 376 EXPLICATA.

306 458 449 513 (quod
473 456 697 499 “vestes'’
719 457 811 498 sint
832 469 955 505 vera,
977 455 1187 496 videatur
1208 468 1358 508 supra,
1379 467 1422 494 n.
1446 462 1520 506 195
1530 452 1627 508 [c]).
1686 463 1798 504 (Quod

303 523 320 534 ¹·
332 520 438 549 nudus
447 518 464 529 '²
477 519 572 548 etiam
586 517 741 556 significet
753 518 876 547 bonum
891 516 1100 551 innocentiae,
1115 516 1260 545 videatur
1273 516 1306 544 in
1320 514 1461 544 Arcanis
1476 515 1673 550 Caele-itibus,
1685 523 1716 545 n.
1729 515 1798 552 165»

303 568 392 604 8375,
408 566 504 604 9960:
527 570 559 595 et
572 565 604 594 in
619 574 715 604 opere
731 565 782 594 De
800 564 892 594 Caelo
907 567 938 593 et
950 564 1089 603 biferno,
1105 572 1136 593 n.
1154 572 1222 600 179,
1240 564 1307 597 180,
1324 561 1408 599 280.)

383 642 508 688 241.
538 643 644 682 [Vers.
663 643 724 682 18.]
747 631 936 673 “Suadeo
956 629 1256 683 wilt—Quod
1279 628 1502 682 significet
1518 627 1710 669 medium
1726 642 1796 668 re-

300 694 593 746 formationis
619 693 797 734 illorum
818 693 897 747 qui
916 693 961 734 in
982 691 1184 733 doHrina
1209 691 1261 732 de
1284 690 1380 732 sola
1392 689 1503 744 fide,
1531 695 1715 730 constat
1737 703 1797 730 ex

305 756 392 798 illis
410 771 523 811 quae
546 770 663 798 nunc
687 762 945 810 sequuntur,
968 767 1073 796 nam
1096 755 1245 807 agitur
1262 766 1379 794 nunc
1400 753 1456 794 de
1477 753 1798 804 reformatione

306 834 460 862 eorum
478 821 552 874 qui
573 821 618 861 in
640 819 717 861 illa
734 817 938 860 do&rina
956 824 1060 859 sunt
1077 831 1086 868 ;
1119 817 1222 859 inde
1243 820 1269 837 ‘⁴
1282 815 1461 858 Suadeo
1479 816 1560 857 tibi
1570 815 1589 831 ’'
1606 814 1797 857 involvit

307 889 553 937 praecepta
578 882 807 936 quomodo
837 881 901 922 illi
926 878 1084 922 vi&uri
1115 886 1164 921 ut
1195 879 1506 928 reformentur,
1535 884 1582 920 et
1613 878 1674 920 sic
1707 877 1796 919 sal-

307 951 481 988 ventur.

384 1015 592 1070 242[a].
631 1015 810 1056 “Emere
840 1028 865 1055 α
898 1014 960 1055 Me
989 1027 1132 1055 aut-um
1166 1013 1418 1067 exploratum
1445 1012 1539 1067 ique
1573 1015 1618 1054 ut
1649 1011 1800 1054 ditatus

307 1076 601 1129 sis.¹'-÷Qu0d
631 1074 860 1129 significet
889 1081 939 1116 ut
966 1088 995 1115 a
1022 1074 1214 1115 Domino
1241 1079 1497 1126 comparent
1523 1072 1617 1114 sibi
1638 1073 1798 1126 genui·

307 1152 409 1179 num
431 1138 586 1178 bonum
607 1143 655 1178 ut
679 1137 871 1190 recipere
888 1135 1069 1189 possint
1091 1150 1201 1176 vera
1214 1135 1342 1189 fidei,
1367 1140 1552 1175 constat
1578 1148 1637 1175 ex
1659 1134 1798 1188 signi-

306 1202 519 1244 ficatione
565 1200 796 1250 “emere,”
835 1200 957 1255 quod
999 1200 1060 1241 sit
1103 1212 1371 1253 comparare
1414 1204 1462 1239 et
1504 1199 1799 1252 appropriare

309 1265 393 1306 Sibi
411 1276 466 1314 (de
478 1284 582 1313 quan.
592 1282 782 1314 4397‚5374‚
793 1281 882 1312 5397,
893 1274 1083 1312 5406,5410.
1093 1273 1206 1314 5426);
1233 1276 1292 1303 CX
1310 1261 1646 1315 Significatione
1666 1261 1799 1303 “auri

309 1327 537 1381 explorati
568 1326 712 1380 igne,‘’
744 1325 865 1380 quod
897 1326 956 1366 sit
987 1325 1156 1366 bonum
1188 1324 1446 1378 genuinum,
1481 1324 1544 1364 ita
1574 1323 1742 1364 bonum
1774 1336 1800 1363 a

311 1391 509 1432 Domino
530 1388 606 1443 (de
627 1403 715 1443 qua
737 1387 956 1443 sequitur)
976 1401 985 1439 ;
1018 1393 1064 1429 et
1087 1402 1147 1428 ex
1169 1386 1500 1440 significatione
1518 1389 1605 1426 “ut
1628 1386 1800 1426 ditatus

310 1453 408 1503 sis,'’
430 1453 550 1507 quod
578 1453 635 1493 sit
662 1458 710 1493 ut
737 1452 935 1505 recipere
961 1451 1104 1505 possit
1126 1463 1233 1490 vera
1258 1449 1373 1490 fidei.
1429 1448 1564 1503 Quod
1590 1449 1799 1489 “ditatus

310 1516 432 1559 fieri‘’
462 1516 506 1557 id
537 1514 776 1569 significet,
810 1520 882 1556 est
914 1514 1016 1567 quia
1050 1513 1273 1554 “divitiae
1286 1512 1305 1528 ''
1336 1518 1383 1554 et
1417 1510 1599 1566 “opes'’
1631 1510 1800 1564 signifi-

311 1586 418 1622 cant
446 1579 731 1638 cognitiones
758 1577 851 1618 veri
877 1583 923 1618 et
949 1577 1070 1625 boni,
1099 1582 1146 1617 et
1175 1576 1376 1616 “divites
1389 1575 1408 1591 ''
1430 1574 1532 1616 illos
1558 1574 1632 1628 qui
1663 1574 1707 1613 in
1733 1573 1800 1613 in-

312 1642 570 1696 telligentia
596 1635 674 1695 per
699 1640 799 1681 illas
825 1645 944 1688 sunt,
973 1639 1044 1679 hic
1072 1639 1146 1693 qui
1171 1638 1214 1679 in
1241 1637 1327 1678 fide
1353 1651 1432 1692 per
1457 1636 1571 1686 illas,
1600 1636 1702 1690 quia
1727 1635 1798 1676 hic

311 1706 367 1747 de
394 1705 480 1746 illis
506 1705 579 1758 qui
607 1704 650 1744 in
673 1701 878 1744 doetrina
900 1702 956 1742 de
983 1701 1081 1742 sola
1102 1700 1190 1742 fide
1216 1707 1335 1749 sunt,
1360 1701 1543 1753 agiturq
1583 1698 1695 1740 Inde
1722 1711 1800 1752 pa-

242 1771 249 1780 '
311 1775 380 1810 tet
418 1767 538 1822 quod
577 1780 655 1820 per
686 1769 873 1806 “emere
913 1779 939 1806 a
980 1763 1056 1806 Me
1090 1777 1245 1804 aurum
1283 1760 1573 1816 exploratum
1610 1763 1716 1815 igne
1753 1767 1801 1802 ut

314 1832 485 1872 ditatus
505 1829 604 1879 sis,”
622 1821 898 1882 significetur
916 1834 964 1869 ut
988 1832 1255 1881 comparent
1273 1826 1355 1867 sibi
1372 1826 1616 1879 genuinum
1634 1824 1802 1865 bonum

313 1909 338 1936 a
365 1893 576 1941 Domino,
606 1898 654 1933 ut
680 1892 879 1945 recipere
906 1891 1083 1944 possint
1109 1903 1215 1930 vera
1241 1888 1356 1930 fidei.
1419 1886 1662 1941 Quomodo
1687 1886 1800 1927 haec

315 1955 613 2009 intelligenda
645 1960 764 2002 sunt,
799 1954 990 2007 primum
1023 1953 1212 1994 dicetur.
1279 1951 1415 2006 Quod
1447 1964 1536 1991 non
1569 1950 1699 1991 detur
1723 1963 1802 1990 ve-

314 2033 409 2061 rum
437 2018 556 2073 quod
578 2015 733 2058 verum
759 2018 803 2057 in
830 2031 878 2058 se
905 2023 975 2057 est
1002 2016 1085 2056 nisi
1111 2030 1169 2056 ex
1197 2015 1333 2063 bono,
1357 2015 1420 2055 ita
1447 2026 1529 2054 nec
1553 2012 1662 2053 fides
1688 2025 1802 2066 quae

313 2082 424 2123 fides
457 2082 540 2122 nisi
576 2094 636 2121 ex
668 2080 908 2128 charitate,
937 2079 1115 2132 saepius
1151 2078 1270 2131 prius
1307 2075 1475 2119 dietum
1507 2082 1604 2117 est:
1647 2087 1802 2116 verum

315 2146 435 2187 enim
461 2144 582 2198 quod
613 2145 657 2184 in
684 2157 731 2184 se
758 2155 911 2183 verum
938 2149 1022 2190 est,
1052 2154 1142 2182 non
1174 2141 1306 2181 datur
1331 2140 1415 2180 nisi
1441 2141 1536 2180 vita
1561 2137 1803 2192 spiritualis

315 2209 355 2249 ei
380 2208 515 2257 insit;
548 2213 595 2247 et
627 2212 734 2247 tunc
761 2206 858 2246 vita
882 2204 1124 2258 spiritualis
1151 2204 1190 2244 ei
1221 2204 1339 2244 inest
1370 2203 1477 2243 dum
1502 2202 1719 2243 formatur
1744 2214 1803 2241 ex

315 2272 436 2312 bono
458 2269 721 2319 charitatis;
755 2281 859 2308 narn
881 2281 1036 2308 verum
1062 2274 1132 2308 est
1158 2267 1300 2307 forma
1326 2266 1446 2314 boni,
1471 2271 1517 2306 et
1543 2265 1712 2306 bonum
1734 2270 1804 2305 est

315 2347 414 2374 esse
440 2333 547 2381 veri,
574 2333 640 2372 ita
670 2344 848 2384 quoque
874 2336 944 2371 est
970 2330 1065 2370 vita
1091 2329 1198 2382 ejus,
1227 2335 1273 2369 et
1304 2328 1473 2369 bonum
1499 2341 1591 2368 non
1623 2327 1803 2368 aliunde

317 2402 388 2437 est
419 2408 553 2449 quam
579 2408 606 2435 a
637 2394 860 2444 Domino;
894 2399 941 2433 et
973 2405 1075 2433 cum
1107 2392 1275 2432 bonum
1306 2405 1332 2431 a
1365 2390 1563 2431 Domino
1594 2396 1680 2439 est,
1707 2396 1804 2431 tum

317 2471 471 2498 verum
503 2457 622 2510 quod
656 2471 715 2497 ex
755 2456 876 2496 bono
908 2461 978 2495 est
1011 2452 1188 2507 spe6'mt
1221 2453 1470 2494 Dominum
1501 2453 1725 2506 primario,
1758 2458 1806 2493 et

317 2534 493 2575 quoque
525 2520 782 2574 proximum
814 2525 861 2559 et
893 2517 985 2571 ejus
1017 2518 1214 2567 bonum;
1260 2529 1365 2557 nam
1402 2515 1623 2556 Dominus
1663 2507 1806 2556 influit

317 2597 418 2625 cum
449 2583 584 2632 bono,
613 2589 659 2623 et
691 2596 750 2623 ex
779 2595 834 2622 eo
865 2581 1029 2622 format
1055 2593 1224 2628 verum,
1252 2579 1374 2633 quod
1405 2585 1475 2620 est
1501 2591 1655 2619 verum
1686 2577 1803 2626 fidei,

317 2659 369 2687 ac
401 2645 508 2686 facit
539 2651 588 2685 ut
615 2645 734 2685 visus
767 2643 1009 2697 spiritualis
1046 2643 1240 2683 hominis
1272 2639 1449 2695 spe&et
1480 2641 1538 2681 ad
1574 2641 1728 2696 Ipsum
1759 2646 1806 2684 et

318 2706 376 2747 ad
398 2706 672 2759 proximum.
731 2715 843 2754 (Quod
855 2715 899 2745 ita
909 2715 958 2749 sit,
971 2719 1134 2743 ostensum
1146 2714 1291 2743 videatur
1302 2713 1334 2742 in
1347 2722 1443 2755 opere
1458 2713 1509 2742 De
1524 2713 1614 2742 Caelo
1627 2715 1658 2742 et
1670 2712 1806 2750 Inferna,

317 2774 348 2795 n.
367 2772 434 2802 145,
450 2772 518 2802 251,
535 2765 624 2801 quod
639 2773 754 2801 nempe
771 2764 929 2792 Dominus
943 2762 1074 2800 aspiciat
1088 2762 1219 2799 angelos
1230 2766 1262 2790 et
1275 2761 1420 2790 homines
1434 2760 1466 2789 in
1481 2760 1592 2794 fronte,
1604 2764 1635 2789 et
1648 2760 1681 2789 hi
1697 2759 1808 2790 Domi-

317 2819 394 2839 num
409 2819 466 2847 per
479 2810 598 2843 oculos,
615 2818 653 2837 ex
675 2818 770 2837 causa
785 2809 859 2845 quia
880 2808 966 2837 frons
987 2807 1214 2844 correspondet
1230 2807 1320 2836 ,bono
1339 2806 1464 2840 amoris,
1479 2814 1517 2835 ac
1532 2805 1615 2834 oculi
1635 2803 1808 2834 intelle-itui

317 2855 392 2884 inde
405 2855 568 2889 illustram,
583 2854 717 2891 proinde
732 2854 811 2882 veris
826 2862 910 2890 quae
924 2853 997 2882 fidei
1012 2857 1101 2887 sunt;
1124 2856 1156 2880 et
1170 2860 1298 2889 quoque
1319 2851 1351 2879 in
1373 2851 1487 2879 eodem
1507 2858 1612 2887 opere,
1626 2858 1658 2879 n.
1675 2857 1722 2885 17,
1740 2856 1807 2886 123,

321 2908 389 2936 124,
406 2908 553 2936 142-144,
570 2905 639 2935 510,
654 2902 816 2927 ostensum
832 2902 878 2926 est
892 2898 982 2935 quod
1001 2897 1034 2926 in
1050 2897 1172 2926 mundo
1193 2895 1346 2934 spirituali
1366 2903 1478 2924 omnes
1492 2898 1652 2923 vertantur
1671 2893 1713 2922 ad
1734 2901 1808 2922 suos

318 2953 452 2979 amores,
464 2948 496 2973 et
509 2944 552 2972 illi
567 2944 621 2980 qui
634 2943 810 2972 Dominum
821 2946 1021 2980 agnoverunt
1031 2942 1105 2971 etin
1118 2942 1228 2979 Ipsum
1239 2941 1450 2974 crediderunt,
1462 2943 1623 2968 vertantur
1632 2938 1675 2967 ad
1686 2938 1807 2975 Ipsum,

304 2995 306 2998 '
319 2998 350 3023 et
364 2994 452 3031 quod
469 2994 545 3023 inde
556 2993 617 3022 illis
629 2993 762 3027 bonum,
778 2997 809 3021 et
822 3001 879 3030 per
892 2992 1014 3021 bonum
1029 2991 1194 3021 illustratio
1208 2990 1316 3028 quoad
1330 2989 1430 3028 vera.)
1486 2977 1563 3018 EX
1592 2977 1661 3018 his
1692 2989 1715 3017 C
1720 2989 1803 3017 on-
