2060 3476
316 372 402 428 644
727 369 1058 419 APOCALYPSIS
1090 385 1387 419 EXPLICATA.

317 495 455 551 Apud
485 496 661 546 Mosen,

385 577 407 590 ‘⁴
421 574 560 607 Faciam
578 581 612 607 te
636 575 671 606 in
688 581 831 616 gentem
848 586 1027 617 magnam,
1047 582 1082 608 et
1105 577 1312 608 benedicam
1329 576 1392 609 tibi
1396 600 1488 615 .....
1495 582 1534 608 ut
1550 576 1613 608 fias
1636 576 1801 609 benedic-

489 618 560 650 tio:
592 618 698 650 etiam
723 619 930 651 benedicam
954 620 1244 652 benedicentibus
1269 620 1343 658 tibi,
1363 625 1398 652 et
1422 619 1712 652 maledicentibus
1736 620 1800 652 tibi

490 661 709 699 maledicam,
729 668 765 694 et
781 663 1035 695 benedicentur
1051 663 1087 694 in
1105 669 1139 695 te
1155 673 1281 695 omnes
1294 663 1449 695 familiae
1462 669 1576 695 terrae
1588 662 1607 675 ’'
1624 663 1721 703 (Gen.
1737 663 1797 695 xii.

491 713 520 743 2·
538 706 590 745 3);

315 780 434 834 apud
460 781 670 830 eundem,

438 857 460 870 ‘⁸
473 855 707 888 Benedicetur
722 856 758 888 in
776 857 836 888 illo
853 857 1020 888 omnibus
1037 857 1201 897 gentibus
1219 863 1333 889 terrae
1344 857 1362 870 ”
1379 856 1476 898 (Gen.
1492 858 1590 890 xviii.
1609 857 1682 898 18);

314 944 426 986 haec
465 945 522 986 de
559 944 825 986 Abrahamo
857 944 977 987 dic'ta
1014 951 1134 995 sunt,
1168 952 1214 987 et
1251 960 1330 1000 per
1359 946 1484 987 illum
1515 947 1559 987 in
1591 959 1800 1000 supremo

314 1021 448 1048 sensu
474 1008 743 1062 intelligitur
767 1009 1003 1057 Dominus,
1032 1014 1079 1049 et
1105 1009 1148 1049 in
1174 1022 1308 1049 sensu
1333 1008 1585 1062 respectivo
1610 1022 1797 1062 regnum

315 1069 498 1111 Domini
535 1071 734 1112 caeleste
775 1078 822 1112 et
862 1071 1054 1112 ecclesia
1098 1071 1333 1113 caelestis:
1382 1072 1486 1113 inde
1527 1078 1656 1126 patet
1696 1072 1798 1126 quid

314 1132 552 1186 significat,
583 1134 806 1175 “Faciam
833 1140 879 1175 te
910 1135 954 1174 in
980 1140 1166 1187 gentem
1199 1147 1426 1188 magnam,
1455 1141 1501 1175 et
1533 1134 1799 1175 benedicam

313 1196 394 1236 tibi
418 1202 466 1237 ut
488 1196 567 1237 fias
589 1195 883 1245 benedi&io,”
906 1197 1025 1250 quod
1048 1210 1209 1250 nempe
1233 1203 1281 1238 ut
1307 1197 1366 1238 ibi
1389 1197 1600 1237 Divinum
1625 1196 1799 1238 Bonum

313 1266 360 1300 et
383 1259 594 1301 Divinum
612 1260 808 1316 Verumj
839 1263 990 1313 “gens
1013 1260 1209 1313 magna”
1227 1260 1389 1300 dicitur
1406 1260 1461 1300 de
1485 1260 1648 1301 Divino
1672 1260 1799 1302 Bono

317 1321 542 1376 (videatur
567 1337 714 1377 supra,
742 1337 783 1364 n.
809 1323 926 1377 331),
954 1329 1000 1364 et
1026 1321 1348 1364 “benedictio”
1375 1323 1430 1364 de
1457 1322 1622 1363 Divino
1648 1323 1797 1365 Vero:

316 1385 627 1427 “Benedicam
663 1386 1037 1427 benedicentibus
1074 1386 1168 1434 tibi,
1205 1385 1270 1439 [et
1308 1386 1681 1426 maledicentibus
1718 1387 1797 1428 tibi

315 1448 645 1503 maledicam,]”
670 1447 895 1502 significat
921 1448 1041 1502 quod
1068 1448 1280 1489 Divinum
1307 1448 1478 1489 Verum
1504 1449 1587 1489 erit
1613 1448 1700 1489 illis
1726 1450 1798 1503 qui

314 1513 551 1566 recipiunt,
575 1518 622 1552 et
644 1511 806 1552 salsum
833 1510 938 1552 mali
964 1510 1051 1552 illis
1073 1512 1146 1565 qui
1172 1525 1263 1552 non
1289 1512 1533 1564 recipiunt3
1569 1511 1798 1552 “Benedi-

313 1581 473 1616 centur
494 1575 538 1615 in
561 1580 608 1615 te
625 1587 783 1615 omnes
805 1573 998 1615 familiae
1016 1574 1201 1622 terrae,”
1224 1580 1270 1615 et
1295 1577 1319 1594 ‘⁴
1333 1573 1633 1614 Benedicetur
1654 1574 1698 1614 in
1720 1574 1798 1616 illo

313 1638 522 1679 omnibus
552 1638 765 1692 gentibus
797 1637 983 1685 terrae,''
1009 1636 1234 1690 significat
1265 1651 1325 1678 ex
1355 1637 1615 1690 receptione
1648 1637 1799 1680 Divini

313 1701 422 1743 Veri
448 1707 494 1743 et
526 1701 676 1742 Divini
709 1701 822 1742 Boni
848 1700 1024 1742 caelum
1051 1706 1097 1741 et
1123 1700 1313 1741 felicitas
1340 1706 1525 1741 aeterna
1548 1699 1660 1751 illis;
1696 1700 1799 1741 “fa-

314 1764 463 1806 miliae
494 1760 676 1806 terrae'’
708 1763 965 1817 significant
997 1762 1099 1804 illos
1130 1763 1203 1816 qui
1233 1763 1277 1803 in
1299 1763 1415 1803 veris
1435 1774 1505 1803 ‘ex
1531 1762 1652 1803 bono
1678 1769 1797 1813 sunt,

316 1831 341 1848 “
353 1827 569 1868 samiliae”
581 1833 684 1868 sunt
696 1829 850 1875 vera,“
862 1832 1026 1879 gentes
1038 1825 1057 1841 ”
1070 1831 1174 1867 sunt
1184 1825 1351 1874 bona,“
1365 1823 1619 1866 benediffio
1632 1825 1650 1840 '’
1661 1826 1796 1879 signi-

313 1889 419 1932 ficat
437 1890 557 1944 quod
578 1890 683 1931 inde
701 1889 787 1930 illis
804 1889 981 1930 caelum
1003 1894 1050 1930 et
1072 1888 1262 1929 felicitas
1283 1894 1482 1929 aeterna.
1533 1887 1686 1929 Simile
1707 1889 1795 1942 sig·

314 1952 519 1994 nificatur
536 1966 614 2007 per
631 1944 994 1993 benedictionem
1013 1950 1191 1992 Israelis
1208 1956 1255 1992 et
1267 1950 1437 2003 Jacobi,
1454 1950 1572 2003 apud
1589 1950 1796 2000 eundem,

381 2043 404 2058 ‘⁴
416 2041 675 2126 Benedicenges
691 2041 755 2073 tibi
772 2039 991 2079 benedidtus,
1012 2046 1048 2072 et
1064 2040 1318 2072 maledicentes
1335 2039 1398 2071 tibi
1415 2037 1624 2071 maledicstus
1635 2038 1654 2052 '¹
1671 2038 1791 2079 (Num

486 2095 582 2118 xxw.
599 2095 619 2126 9
645 2095 652 2124 ;

313 2167 360 2203 et
386 2161 505 2215 apud
532 2161 740 2210 eundem,

385 2239 404 2253 ‘¹
416 2237 492 2269 Erit
508 2247 632 2269 semen
649 2242 748 2268 tuum
762 2237 852 2267 sicut
868 2235 984 2276 pulvis
1002 2241 1127 2273 terrae,
1143 2240 1179 2267 et
1191 2234 1368 2275 expandet
1385 2244 1423 2265 se
1437 2243 1562 2265 versus
1579 2234 1796 2266 occidentem

486 2286 522 2313 et
538 2290 662 2312 versus
676 2280 849 2311 orientem
863 2285 898 2310 et
911 2289 1034 2310 versus
1052 2279 1331 2318 septentrionem
1346 2284 1381 2309 et
1394 2287 1516 2309 versus
1534 2277 1718 2309 meridiem
1732 2287 1739 2314 ;
1764 2283 1797 2310 et

486 2324 741 2356 benedicentur
757 2323 793 2354 in
814 2329 847 2354 te
867 2332 994 2354 omnes
1011 2322 1166 2353 familiae
1184 2327 1309 2359 terrae,
1329 2327 1364 2352 et
1383 2321 1420 2352 in
1437 2321 1573 2352 semine
1591 2326 1651 2352 tuo
1664 2320 1682 2332 ''
1698 2321 1794 2361 (Gen.

486 2368 608 2400 xxviii.
628 2367 700 2407 14):

313 2464 392 2504 per
427 2448 711 2491 “Israelem”
748 2454 794 2489 et
834 2446 1121 2501 “Jacobum'’
1158 2447 1295 2487 etiam
1336 2447 1379 2486 in
1421 2459 1628 2499 supremo
1665 2458 1796 2486 sensu

312 2512 580 2566 intelligitur
612 2512 846 2560 Dominus,
880 2524 931 2551 ac
958 2510 1003 2550 in
1033 2523 1168 2550 sensu
1198 2507 1451 2562 respectivo
1482 2521 1670 2561 regnum
1703 2508 1798 2548 Do-

313 2577 420 2617 mini
447 2575 677 2630 spirituale
709 2581 755 2616 et
788 2573 981 2615 ecclesia
1013 2571 1268 2626 spiritualis,
1297 2585 1376 2625 per
1409 2571 1691 2612 “Israelem’'
1723 2583 1798 2612 ec-

313 2638 452 2680 clesia
481 2638 558 2679 illa
586 2639 776 2686 interna,
804 2651 883 2691 per
911 2635 1196 2689 “Jacobum’'
1222 2641 1439 2685 externa;
1471 2648 1550 2688 per
1577 2633 1799 2675 “semen'’

313 2702 434 2756 quod
476 2702 598 2742 “erit
639 2701 753 2741 sicut
791 2699 934 2753 pulvis
975 2698 1160 2747 terrae‚'’
1201 2704 1247 2738 et
1283 2698 1402 2751 quod
1441 2696 1711 2750 “expandet
1750 2709 1798 2737 se

313 2778 466 2805 versus
489 2764 790 2812 occidentem,
815 2763 1050 2810 orientem,
1074 2761 1430 2814 septentrionem
1456 2765 1502 2800 et
1529 2758 1799 2807 meridiem,”

314 2826 592 2880 significatur
614 2826 826 2866 Divinum
845 2825 1015 2865 Verum
1038 2823 1287 2877 procedens
1310 2836 1336 2863 a
1359 2822 1555 2862 Domino
1573 2835 1623 2862 ac
1642 2835 1797 2875 recep-

312 2897 410 2932 tum
436 2890 492 2931 ab
517 2890 568 2930 iis
594 2890 667 2943 qui
693 2889 750 2929 ab
775 2888 968 2929 ecclesia
993 2887 1070 2928 illa
1095 2893 1225 2937 sunt;
1258 2884 1537 2926 fructificatio
1562 2885 1668 2925 boni
1693 2885 1797 2925 inde

313 2952 591 3006 significatur
621 2965 699 3006 per
724 2951 844 3005 quod
874 2950 1146 3003 “expandet
1177 2963 1224 2990 se
1250 2962 1403 2990 versus
1434 2947 1719 2988 occidentem
1751 2953 1797 2988 et

313 3015 573 3065 orientem,‘'
596 3021 642 3056 et
672 3013 988 3068 multiplicatio
1013 3013 1104 3054 veri
1130 3012 1234 3053 inde
1260 3010 1536 3064 significatur
1568 3024 1646 3063 per
1671 3010 1791 3064 quod
