2060 3476
1107 265 1114 281 1

724 341 832 374 CAP.
856 343 902 384 1.,
927 342 1067 375 VERS.
1096 343 1267 375 10.—N.
1294 343 1358 388 55.
1741 345 1791 390 57

291 457 403 499 Inde
435 463 506 499 est
537 457 657 512 quod
694 456 915 499 revelatio
950 455 1069 498 facta
1105 458 1163 498 sit
1193 457 1390 510 Johanni
1427 457 1499 498 die
1536 456 1789 499 Dominica.

291 520 534 562 Revelatio
559 521 618 563 ibi
644 528 715 563 est
741 522 982 562 instructio
1008 521 1065 562 de
1091 528 1217 562 statu
1243 520 1477 562 ecclesiae.
1569 516 1571 518 ’

367 596 462 640 55.
509 586 596 627 “ft
616 585 753 626 audivi
763 589 864 638 post
882 598 947 626 me
979 598 1114 626 vocem
1137 599 1328 639 magnam
1353 589 1546 638 tanquam
1566 585 1791 626 iubae.''—-

289 646 424 700 Quod
446 649 670 704 significet
687 648 1008 701 perceptionem
1024 648 1312 700 manifestam
1327 647 1490 688 Dz'vz'ni
1510 647 1619 689 Veri
1634 662 1658 688 e
1676 647 1791 688 caelo

287 712 526 762 revelandi,
551 719 735 754 constat
758 726 818 753 ex
841 710 1174 765 significatione
1200 710 1431 760 “audire,''
1454 711 1575 765 quod
1601 712 1660 752 sit
1687 725 1788 765 per-

286 776 435 828 cipere
466 783 512 818 et
545 776 730 818 obedire
758 785 814 824 (de
828 794 894 823 qua
908 794 940 815 n.
956 792 1046 823 2542,
1062 785 1151 823 3869,
1167 785 1257 823 4653,
1273 792 1363 822 5017,
1379 785 1470 822 7216,
1487 785 1576 823 8361,
1593 787 1683 823 8990,
1699 794 1789 823 9311.

285 844 505 891 9397);·ex
532 837 874 894 significatione
895 839 1039 894 “post
1067 840 1178 889 me,”
1204 840 1325 894 quod
1357 841 1416 882 sit
1443 840 1683 881 manifeste
1713 839 1789 894 (de

286 916 374 956 qua
395 903 615 958 sequitur)
636 918 644 954 ;
678 917 738 944 ex
761 902 1093 956 significatione
1114 903 1315 953 “vocis,”
1333 917 1436 945 cum
1458 918 1482 945 e
1505 903 1648 951 caelo,
1668 904 1788 957 quod

286 967 344 1007 Sit
372 966 587 1007 Divinum
610 966 782 1008 Verum
809 977 865 1014 (de
879 986 944 1015 qua
957 965 1074 1015 n.'219,
1091 974 1160 1018 2220,
1176 978 1266 1015 3563,
1282 978 1372 1016 6971,
1389 980 1478 1015 8813,
1495 978 1588 1015 8914)
1606 981 1616 1018 ;
1654 974 1700 1008 et
1728 981 1787 1008 eX

285 1029 616 1082 significatione
641 1029 857 1079 “tubae,'’
879 1029 999 1083 quod
1026 1030 1085 1070 sit
1110 1029 1155 1070 id
1182 1043 1207 1070 e
1233 1029 1362 1070 caelo
1387 1029 1681 1071 revelandum
1712 1029 1788 1084 (de

285 1107 373 1147 qua
390 1095 530 1134 etiam
547 1093 784 1148 sequitur).
848 1092 983 1146 Quod
1005 1096 1146 1146 “post
1166 1106 1238 1134 me
1250 1093 1270 1108 ''
1288 1093 1513 1147 significet
1532 1094 1785 1142 manifeste,

285 1163 356 1197 est
382 1158 486 1210 quia
516 1157 594 1198 illa
619 1171 734 1211 quae
765 1156 954 1197 influunt
987 1170 1011 1197 e
1038 1156 1167 1197 caelo
1198 1157 1243 1197 in
1274 1155 1560 1198 affeetionem
1592 1158 1787 1199 hominis

284 1219 474 1261 influunt
506 1221 550 1261 in
583 1221 844 1274 occipitium
876 1219 983 1272 ejus,
1017 1226 1063 1261 et
1098 1221 1160 1261 sic
1192 1221 1380 1262 veniunt
1417 1222 1462 1261 in
1498 1222 1787 1263 manifestam

285 1282 378 1336 ejus
400 1285 767 1338 perceptionem:
797 1297 902 1324 nam
920 1297 1034 1337 quae
1056 1284 1230 1324 intrant
1253 1285 1297 1324 in
1320 1282 1620 1334 affectionem,
1642 1287 1786 1326 mani-

283 1347 398 1388 feste
425 1349 757 1402 percipiuntur;
791 1354 861 1388 est
885 1348 1005 1388 enim
1032 1348 1178 1388 omnis
1201 1349 1296 1388 vita
1322 1349 1627 1402 perceptionis
1653 1349 1784 1399 inde;

283 1417 331 1452 at
349 1425 464 1464 quae
482 1411 671 1452 influunt
689 1411 952 1452 immediate
971 1412 1015 1451 in
1033 1412 1365 1464 cogitationem
1387 1425 1411 1452 e
1434 1411 1576 1461 caelo,
1596 1413 1785 1454 influunt

283 1474 327 1514 in
364 1476 597 1528 regionem
634 1489 768 1529 supra
808 1474 1137 1527 frontispicium
1173 1485 1230 1523 (de
1247 1494 1313 1522 quo
1334 1485 1460 1514 influxu
1476 1486 1622 1515 videatur
1638 1487 1670 1515 in
1692 1496 1788 1525 opere

286 1548 337 1576 De
355 1549 447 1578 Caelo
461 1553 492 1578 et
505 1537 792 1588 Insern0,'n.251).
856 1537 968 1578 Inde
1001 1543 1130 1591 patet
1163 1536 1269 1591 quid
1301 1536 1527 1590 significat
1554 1538 1674 1591 quod
1707 1552 1784 1579 au-

283 1601 445 1642 diverit
462 1607 570 1654 post
584 1615 642 1650 se,
662 1608 709 1642 et
732 1602 836 1642 dein
859 1601 979 1655 quod
1001 1614 1236 1641 conversus
1258 1600 1321 1641 sit
1339 1600 1490 1641 videre
1508 1615 1650 1641 vocem
1672 1616 1786 1655 quae

283 1663 552 1717 loquebatur
569 1678 671 1705 cum
694 1664 785 1705 illo.
830 1663 965 1718 Quod
986 1663 1166 1705 “tuba”
1184 1677 1263 1704 seu
1282 1663 1508 1704 “buccina
1522 1663 1541 1678 ”
1559 1664 1784 1717 significet

284 1726 497 1767 Divinum
517 1727 688 1783 Verum
711 1742 735 1768 e
757 1727 886 1769 caelo
908 1727 1217 1775 revelandum,
1237 1733 1307 1768 est
1331 1728 1433 1780 quia
1456 1728 1520 1768 ita
1542 1727 1784 1781 aliquoties

282 1790 462 1831 auditur
494 1791 707 1831 Divinum
733 1790 907 1832 Verum
933 1804 1034 1832 cum
1062 1790 1218 1831 defluit
1245 1804 1271 1830 a
1299 1790 1498 1831 Domino
1525 1805 1604 1844 per
1629 1791 1782 1833 caelos

283 1853 401 1906 apud
434 1853 692 1902 hominem;
725 1861 919 1907 augetur
946 1855 1067 1895 enim
1098 1855 1142 1894 in
1173 1854 1410 1901 descensu,
1438 1860 1484 1894 et
1517 1854 1579 1894 sic
1611 1854 1782 1905 influit;

282 1916 362 1956 sed
388 1917 452 1958 ita
474 1917 653 1958 auditur
675 1917 822 1958 solum
843 1919 888 1958 in
914 1918 1043 1958 initio
1065 1917 1184 1970 apud
1211 1916 1314 1957 illos
1340 1930 1419 1970 per
1441 1931 1553 1970 quos
1576 1917 1783 1958 revelan-

282 1980 389 2020 dum
417 1987 488 2021 est
516 1980 729 2021 Divinum
754 1980 925 2021 Verum
957 1982 1002 2021 in
1028 1980 1190 2021 ultimo
1216 1993 1365 2027 sensu,
1393 1981 1468 2034 qui
1499 1987 1570 2021 est
1602 1995 1782 2034 reprae-

281 2045 536 2084 sentativus
550 2045 814 2085 interiorum
831 2058 840 2095 3
865 2044 943 2085 sed
962 2050 1124 2097 postea
1138 2043 1318 2085 auditur
1331 2044 1446 2084 sicut
1461 2057 1554 2084 vox
1570 2043 1780 2084 humana.

281 2106 358 2148 Ex
384 2107 453 2148 his
479 2114 609 2161 patet
637 2107 756 2148 unde
782 2114 852 2148 est
882 2107 1002 2161 quod
1032 2111 1164 2148 “vox
1191 2106 1361 2148 tubae‘’
1388 2121 1467 2148 seu
1496 2108 1751 2149 “buccinae
1763 2107 1782 2123 ”

282 2170 506 2224 significet
539 2171 752 2212 Divinum
775 2170 947 2212 Verum
979 2185 1003 2212 e
1035 2170 1164 2212 caelo
1195 2170 1502 2213 revelandum.
1566 2170 1654 2224 Qui
1694 2172 1781 2212 scit

282 2234 402 2288 quod
437 2234 695 2275 “buccina'’
726 2248 805 2276 seu
839 2234 1019 2276 “tuba'’
1055 2233 1280 2288 significet
1314 2234 1527 2275 Divinum
1554 2234 1725 2275 Verum
1758 2249 1782 2275 e

282 2296 424 2346 caelo,
454 2298 491 2339 is
521 2298 779 2352 intelligere
810 2305 967 2352 potest
999 2298 1127 2351 plura
1159 2297 1260 2339 loca
1290 2298 1335 2338 in
1367 2297 1538 2347 Verbo,
1571 2298 1646 2339 ubi
1677 2297 1782 2339 illae

282 2362 574 2402 nominantur
589 2361 727 2403 :—Ut
755 2363 875 2416 apud
900 2362 1196 2411 Matthaeum,

352 2450 506 2482 “Mittet
529 2451 679 2491 angelos
703 2460 784 2482 cum
809 2451 915 2482 tubae
939 2460 1027 2481 voce
1052 2460 1194 2491 magna,
1222 2457 1258 2483 et
1281 2452 1553 2492 congregabunt
1577 2449 1711 2483 eletstos
1737 2461 1781 2483 ex

458 2501 611 2536 quatuor
626 2495 744 2526 ventis
755 2493 774 2506 ’'
791 2493 900 2534 (xxiv.
922 2494 976 2534 31)
992 2504 999 2532 ;

282 2570 402 2623 apud
427 2569 631 2620 Esaiam,

352 2659 523 2691 “Omnes
547 2660 766 2692 habitatores
790 2660 887 2692 orbis
915 2666 951 2691 et
975 2660 1113 2692 incolae
1137 2667 1263 2698 terrae,
1292 2661 1435 2702 quando
1460 2660 1604 2692 tolletur
1635 2671 1777 2702 Signum

458 2703 647 2741 montium,
667 2704 814 2745 aspicite
829 2714 836 2743 ;
861 2710 896 2736 et
913 2714 992 2736 cum
1010 2704 1197 2745 clangetur
1213 2705 1309 2742 tuba,
1329 2705 1448 2736 audite
1459 2704 1478 2716 '’
1495 2705 1605 2745 (xviii.
1623 2705 1676 2745 3);

282 2779 401 2833 apud
423 2778 687 2829 Jeremiam,

352 2870 374 2883 ‘¹
387 2867 611 2900 Proclamate
623 2870 707 2900 tuba
720 2869 755 2900 in
770 2876 873 2908 terra,
885 2895 892 2902 .
907 2895 915 2902 .
929 2871 1068 2911 .erigite
1082 2872 1224 2911 signum
1239 2871 1387 2903 Zionem
1400 2882 1536 2904 versus.
1577 2897 1672 2904 .....
1682 2872 1777 2913 Quo—

458 2922 570 2953 usque
594 2913 722 2944 videbo
751 2914 920 2954 signum?
949 2915 1091 2946 audiam
1115 2925 1240 2946 vocem
1269 2917 1399 2948 tubae?
1429 2916 1596 2956 quoniam
1626 2917 1778 2948 stolidus

456 2956 609 2996 populus
627 2966 729 2987 meus
734 2982 825 2994 .....
835 2957 897 2988 filii
916 2958 1015 2989 stulti
1037 2958 1098 2997 illi,
1119 2965 1154 2990 et
1171 2969 1244 2990 non
1263 2960 1507 3000 intelligentes
1525 2960 1575 2991 illi
1587 2959 1605 2971 ”
1622 2960 1681 2999 (iv.
1701 2968 1729 2998 5,
1746 2961 1767 2990 ὁ

457 2998 526 3041 21[›
542 2998 633 3041 22]);
