2060 3476
594 347 700 382 CAP.
724 347 811 388 111-.,
836 346 973 379 vens.
998 346 1173 379 20.—N.
1197 347 1220 378 2
1228 335 1357 391 50[c].
1636 345 1717 388 401

231 461 470 504 Praeterea
495 462 632 504 etiam
656 462 702 503 in
727 460 1019 515 sequentibus
1035 459 1245 514 :—Apud
1270 458 1538 508 Jolzannem,

474 553 496 566 “
507 551 544 584 si
560 552 628 583 hoe
644 551 753 589 scitis,
773 550 867 583 beati
884 550 971 582 estis
987 550 1017 582 si
1034 549 1188 581 feceritis
1206 548 1294 580 illa”
1310 548 1396 589 (xiii.
1415 548 1468 588 17)
1482 558 1490 581 :

230 627 351 682 apud
375 627 554 678 Lucam,

362 705 385 719 “
397 704 490 745 Quid
507 705 642 736 vocatis
660 703 721 736 Me
738 703 906 741 Domine,
925 709 961 736 et
977 710 1051 735 non
1068 702 1184 734 facitis
1201 711 1292 744 quae
1308 702 1388 734 dico
1397 700 1432 734 Y'
1448 700 1508 742 (vi.
1522 701 1566 741 46
1578 700 1602 742 z)

230 779 348 834 apud
373 779 666 829 Mamaeum,

301 858 324 871 ¹⁴
335 856 404 898 Qui
420 857 506 889 facit
521 863 558 890 et
573 858 688 896 docet,
709 864 862 898 magnus
878 857 1064 889 vocabitur
1080 857 1116 888 in
1134 865 1246 898 regno
1263 856 1443 888 caelorum
1454 854 1473 868 ’'
1490 854 1537 896 (v.
1555 852 1664 896 [¹119);

231 934 351 988 apud
376 935 585 984 eundem,

300 1006 460 1039 “Omnis
477 1008 585 1039 arbor
602 1005 727 1049 [²]quae
745 1018 818 1039 non
836 1008 905 1040 fert
920 1006 1075 1040 fructum
1088 1008 1234 1045 bonum,
1251 1006 1478 1039 exscindetur
1493 1012 1528 1038 et
1546 1006 1582 1037 in
1599 1006 1719 1046 ignem

405 1051 653 1091 conjicietur;.
668 1077 675 1083 .
689 1076 696 1083 .
711 1062 800 1083 ‚non
818 1052 978 1093 quisquis
991 1051 1075 1083 dicit
1094 1051 1194 1089 Mihi,
1213 1051 1378 1088 Domine,
1397 1047 1599 1092 [Domine,]
1619 1050 1727 1081 intra-

405 1095 508 1126 bitin
526 1105 676 1135 regnum
694 1096 885 1133 caelorum,
906 1096 970 1127 sed
993 1095 1052 1136 qui
1076 1095 1161 1126 facit
1183 1094 1406 1126 voluntatem
1433 1094 1548 1125 Patris
1573 1093 1643 1125 mei
1667 1093 1726 1134 qui
1783 1103 1787 1106 ’

405 1144 460 1170 est
477 1138 513 1169 in
531 1139 650 1170 caelis.
705 1163 801 1171 .....
810 1139 879 1180 Qui
903 1139 1002 1170 audit
1017 1140 1128 1170 verba
1150 1148 1232 1170 mea
1247 1144 1283 1169 et
1306 1138 1390 1169 facit
1414 1138 1484 1174 illa,
1506 1137 1724 1177 comparabo

404 1182 484 1214 viro·
495 1182 661 1232 prudenti
675 1192 699 1220 ;.
714 1207 722 1214 .
734 1207 742 1214 .
757 1183 831 1223 ‚qui
848 1188 968 1214 autem
981 1183 1080 1215 audit
1094 1183 1204 1214 verba-
1214 1191 1296 1213 mea
1307 1187 1343 1213 et
1359 1191 1433 1213 non
1450 1181 1534 1213 facit
1547 1181 1617 1218 illa,
1631 1190 1727 1212 com-

405 1226 538 1266 parabo
555 1236 632 1257 vuo
650 1226 758 1258 stulto
771 1226 788 1238 '¹
805 1226 878 1266 (vii.
896 1227 1024 1267 19—27).

232 1300 372 1355 Apud
399 1302 609 1351 eundem,

298 1375 321 1389 ‘⁴
332 1374 401 1417 Qui
418 1375 454 1406 in
472 1380 602 1406 terram
620 1376 752 1407 bonam
769 1375 966 1407 seminatus
984 1381 1048 1413 est,
1064 1375 1122 1407 hic
1138 1381 1193 1406 est
1216 1374 1275 1416 qui
1288 1375 1435 1406 verbum
1452 1373 1550 1405 audit
1566 1378 1602 1405 et
1625 1373 1728 1405 intel-

405 1418 493 1459 ligit,
510 1419 568 1460 qui
585 1417 740 1450 fructum
757 1418 826 1450 fert
842 1425 878 1450 et
894 1418 1008 1450 facit''
1025 1419 1111 1457 (xiii.
1125 1426 1165 1457 23
1180 1417 1202 1459 ;)

295 1461 416 1503 (Apud
429 1463 604 1500 Marcum,
620 1463 643 1477 ⁸‘
656 1461 705 1494 Hi
722 1468 806 1494 sunt
823 1463 881 1504 qui
898 1463 935 1493 in
953 1468 1084 1494 terram
1101 1463 1235 1494 bonam
1253 1462 1421 1493 seminati
1439 1467 1533 1499 sunt,
1553 1461 1612 1502 qui
1629 1461 1727 1492 audi-

403 1511 469 1537 unt
484 1507 633 1537 verbum
651 1512 686 1537 et
703 1506 887 1547 recipiunt.
908 1512 943 1538 et
959 1504 1113 1537 fructum
1131 1504 1287 1543 ferunt,”
1305 1506 1352 1537 iv.
1366 1503 1445 1536 [³120
1458 1505 1480 1544 ;)

295 1548 415 1590 (Apud
430 1550 574 1588 Lucam,
598 1550 761 1581 “Semen
786 1550 881 1591 quod
905 1549 941 1581 in
966 1555 1096 1581 terram
1121 1550 1253 1581 bonam
1278 1549 1415 1587 cecidit,
1436 1554 1520 1580 sunt
1536 1548 1596 1589 qui
1620 1548 1727 1580 corde

405 1593 559 1634 simplici
582 1599 618 1625 et
641 1594 738 1625 bono
762 1593 911 1625 audiunt
934 1594 1094 1631 verbum,
1122 1593 1288 1631 retinent,
1316 1599 1351 1625 et
1374 1591 1530 1624 frustum
1555 1591 1726 1629 faciunt,'’

404 1637 479 1669 viii.
495 1637 568 1677 15):

297 1679 388 1712 Cum
407 1680 584 1712 Dominus
601 1681 662 1712 illa
677 1681 777 1719 dixit,
797 1681 965 1712 clamavit
980 1681 1114 1718 dicens,
1131 1682 1154 1695 ‘¹
1166 1680 1235 1722 Qui
1260 1681 1368 1712 habet
1391 1690 1496 1712 aures
1512 1680 1558 1711 ad
1581 1679 1727 1711 audien-

404 1724 488 1755 dum
505 1724 626 1756 audiat
637 1724 656 1736 ’'
671 1724 816 1765 (Matth.
831 1725 903 1758 xiii.
917 1734 938 1765 9
951 1734 958 1763 ;
983 1724 1096 1757 Marc.
1111 1722 1193 1757 [ssiv.
1207 1734 1227 1766 9
1241 1734 1248 1762 ;
1273 1724 1357 1756 Luc.
1372 1724 1444 1756 viii.
1463 1723 1507 1764 8).

232 1806 370 1860 Apud
390 1806 687 1856 Matthaeum,

299 1882 484 1915 “Amabis
504 1883 699 1915 Dominum
719 1883 835 1915 Deum
854 1881 987 1925 [tuum]
1006 1894 1050 1915 ex
1073 1890 1150 1915 toto
1174 1884 1280 1915 corde
1305 1889 1378 1922 tuo,
1395 1889 1431 1915 et
1454 1893 1499 1915 ex
1515 1889 1590 1914 tota
1605 1883 1728 1914 anima

404 1932 480 1958 tua.
495 1951 502 1959 .
516 1952 524 1959 .
538 1936 566 1965 .;
586 1927 673 1959 illud
687 1933 742 1959 est
755 1929 907 1968 primum
921 1933 957 1959 et
970 1927 1141 1968 magnum
1155 1927 1380 1965 mandatum;
1400 1927 1596 1959 secundum
1610 1927 1726 1958 simile

404 1976 459 2002 est
471 1970 563 2007 huic,
577 1970 727 2002 Amabis
742 1971 944 2011 proximum
958 1977 1056 2003 tuum
1074 1977 1113 2002 ut
1130 1977 1163 2003 te
1181 1971 1297 2012 ipsum
1313 1982 1319 2003 :
1345 1981 1389 2002 ex
1401 1971 1458 2003 his
1474 1971 1613 2002 duobus
1627 1980 1727 2002 man-

403 2014 496 2046 datis
513 2015 671 2055 pendent
689 2014 762 2046 Lex
779 2021 814 2046 et
833 2015 1034 2055 Prophetae
1046 2014 1064 2027 '¹
1081 2014 1179 2054 (xxii.
1194 2014 1337 2055 37-4o);

235 2102 375 2143 “Lex
417 2108 464 2144 et
506 2102 762 2157 Prophetae
773 2102 793 2118 '’
833 2109 938 2144 sunt
977 2103 1180 2144 Verbum
1221 2104 1266 2144 in
1303 2103 1427 2144 omni
1466 2091 1725 2157 complexu.

234 2163 370 2218 Quod
398 2169 587 2207 “amare
610 2166 855 2207 Dominum
878 2166 1066 2215 Deum,”
1088 2167 1146 2207 sit
1169 2167 1315 2207 facere
1337 2166 1474 2207 verba
1495 2179 1574 2207 seu
1595 2179 1726 2220 prae-

233 2234 369 2282 cepta
394 2229 553 2282 Ipsius,
582 2229 685 2283 Ipse
711 2229 848 2271 docet
874 2230 993 2284 apud
1019 2229 1287 2279 Johannem,

299 2319 323 2333 “
333 2318 403 2360 Qui
419 2325 516 2350 amat
529 2318 602 2358 Me,
616 2320 727 2351 verba
738 2329 820 2351 mea
835 2326 965 2358 servat,
982 2326 1017 2352 et
1036 2319 1143 2351 Pater
1155 2329 1256 2351 meus
1270 2320 1404 2351 amabit
1421 2329 1514 2358 eum,
1531 2324 1566 2351 et
1582 2319 1628 2351 ad
1644 2329 1726 2351 eum

406 2363 602 2401 veniemus,
622 2369 658 2394 et
673 2364 900 2395 mansionem
917 2364 1011 2404 apud
1027 2363 1126 2395 illum
1144 2363 1315 2395 faciemus
1329 2373 1337 2401 ;
1361 2364 1420 2405 qui
1436 2373 1523 2395 vero
1539 2373 1612 2395 non
1630 2370 1727 2395 amat

407 2406 480 2445 Me,
499 2407 609 2438 verba
624 2416 705 2438 mea
720 2416 794 2438 non
812 2407 958 2439 servat’'
975 2407 1060 2448 (xiv.
1077 2415 1130 2446 21,
1146 2415 1198 2447 23,
1213 2407 1268 2446 24)
1282 2417 1289 2446 ;

232 2495 279 2530 et
306 2503 484 2543 quoque
509 2489 628 2543 apud
653 2490 948 2540 Matthaeum,

299 2565 478 2598 Dominus
494 2566 584 2598 dixit
600 2567 644 2598 ad
659 2567 779 2599 hircos
795 2567 854 2608 qui
871 2574 974 2600 erant
989 2578 1011 2599 a
1028 2567 1194 2606 sinistris,
1211 2568 1306 2610 quod
1322 2567 1462 2600 abirent
1479 2568 1515 2599 in
1534 2568 1652 2609 ignem
1670 2578 1725 2600 ae·

407 2615 549 2642 ternum
564 2619 572 2649 ;
596 2616 631 2642 et
647 2611 692 2642 ad
708 2620 795 2643 oves
808 2621 898 2653 quae
914 2617 1016 2643 erant
1029 2622 1051 2643 a
1066 2612 1211 2650 dextris,
1225 2612 1320 2653 quod
1337 2612 1429 2644 irent
1442 2612 1479 2643 in
1490 2613 1601 2645 vitam
1618 2621 1726 2645 aeter.

406 2663 491 2685 nam
502 2653 521 2666 ¹’
538 2654 633 2694 (xxv.
647 2654 788 2695 31—46);

232 2741 352 2797 quod
377 2741 558 2782 “hirci'’
585 2742 675 2783 sint
701 2742 774 2796 qui
800 2756 891 2783 non
913 2742 1083 2784 faciunt
1108 2743 1230 2784 bona
1255 2743 1505 2793 charitatis,
1529 2749 1576 2785 et
1603 2743 1721 2797 quod

235 2807 382 2846 “oves
393 2804 413 2820 ”
435 2805 508 2858 qui
529 2804 711 2854 faciunt,
732 2811 860 2859 patet
882 2819 909 2846 a
926 2806 1073 2847 verbis
1095 2806 1180 2847 ibi:
1208 2807 1344 2848 ambo
1366 2807 1579 2848 dixerunt
1603 2806 1722 2861 quod

234 2868 507 2909 nesciverint
526 2868 647 2922 quod
668 2868 815 2910 facere
831 2869 1001 2910 bonum
1020 2870 1229 2923 proximo
1252 2871 1310 2911 sit
1332 2870 1479 2911 facere
1497 2870 1696 2926 Domino
1715 2884 1722 2919 ;

236 2930 316 2972 sed
338 2931 632 2980 instruuntur,
657 2931 692 2972 si
719 2945 809 2972 non
835 2932 954 2986 prius
980 2945 1119 2987 usque
1145 2932 1217 2974 die
1238 2932 1403 2986 judicii,
1428 2933 1548 2987 quod
1579 2933 1722 2974 facere

233 2993 402 3055 bonum
425 2994 483 3035 sit
506 3007 658 3035 amare
681 2994 940 3036 Dominum.
1002 2995 1084 3037 Per
1107 2996 1340 3051 “quinque
1361 2996 1557 3050 virgines
1579 2996 1724 3037 fatuas
