<?xml version="1.0" encoding="UTF-8"?>
<!DOCTYPE html PUBLIC "-//W3C//DTD XHTML 1.0 Transitional//EN"
    "http://www.w3.org/TR/xhtml1/DTD/xhtml1-transitional.dtd">
<html xmlns="http://www.w3.org/1999/xhtml" xml:lang="en" lang="en">
 <head>
  <title>
</title>
<meta http-equiv="Content-Type" content="text/html;charset=utf-8" />
  <meta name='ocr-system' content='tesseract 3.04.00' />
  <meta name='ocr-capabilities' content='ocr_page ocr_carea ocr_par ocr_line ocrx_word'/>
</head>
<body>
  <div class='ocr_page' id='page_1' title='image "apocalypsisexpli01sweduoft_0529.png"; bbox 0 0 2060 3476; ppageno 0'>
   <div class='ocr_carea' id='block_1_1' title="bbox 615 365 1722 421">
    <p class='ocr_par' dir='ltr' id='par_1_1' title="bbox 615 365 1722 421">
     <span class='ocr_line' id='line_1_1' title="bbox 615 365 1722 421; baseline -0.005 -10"><span class='ocrx_word' id='word_1_1' title='bbox 615 377 722 411; x_wconf 84' lang='lat' dir='ltr'>CAP.</span> <span class='ocrx_word' id='word_1_2' title='bbox 744 377 803 419; x_wconf 88' lang='lat' dir='ltr'>v.,</span> <span class='ocrx_word' id='word_1_3' title='bbox 827 377 966 410; x_wconf 82' lang='lat' dir='ltr'>VERS.</span> <span class='ocrx_word' id='word_1_4' title='bbox 991 376 1136 421; x_wconf 86' lang='lat' dir='ltr'><strong>3.—-N.</strong></span> <span class='ocrx_word' id='word_1_5' title='bbox 1161 365 1336 421; x_wconf 84' lang='lat' dir='ltr'>3o4[d].</span> <span class='ocrx_word' id='word_1_6' title='bbox 1645 375 1722 419; x_wconf 83' lang='lat'>523</span> 
     </span>
    </p>
   </div>
   <div class='ocr_carea' id='block_1_2' title="bbox 229 489 1724 926">
    <p class='ocr_par' dir='ltr' id='par_1_2' title="bbox 229 489 1724 926">
     <span class='ocr_line' id='line_1_2' title="bbox 230 489 1724 548; baseline -0.004 -14"><span class='ocrx_word' id='word_1_7' title='bbox 230 492 335 534; x_wconf 86' lang='lat' dir='ltr'>ficat</span> <span class='ocrx_word' id='word_1_8' title='bbox 361 492 482 548; x_wconf 91' lang='lat' dir='ltr'>quod</span> <span class='ocrx_word' id='word_1_9' title='bbox 515 491 638 534; x_wconf 86' lang='lat' dir='ltr'>nulla</span> <span class='ocrx_word' id='word_1_10' title='bbox 663 491 855 547; x_wconf 92' lang='lat' dir='ltr'>amplius</span> <span class='ocrx_word' id='word_1_11' title='bbox 881 491 1175 533; x_wconf 82' lang='lat' dir='ltr'>cohaerentia</span> <span class='ocrx_word' id='word_1_12' title='bbox 1199 491 1293 532; x_wconf 90' lang='lat' dir='ltr'>veri</span> <span class='ocrx_word' id='word_1_13' title='bbox 1319 502 1420 531; x_wconf 93' lang='lat' dir='ltr'>cum</span> <span class='ocrx_word' id='word_1_14' title='bbox 1446 489 1593 540; x_wconf 87' lang='lat' dir='ltr'>bono;</span> <span class='ocrx_word' id='word_1_15' title='bbox 1629 491 1724 529; x_wconf 87' lang='lat' dir='ltr'>“en</span> 
     </span>
     <span class='ocr_line' id='line_1_3' title="bbox 229 552 1724 610; baseline -0.004 -12"><span class='ocrx_word' id='word_1_16' title='bbox 229 562 350 597; x_wconf 89' lang='lat' dir='ltr'>terra</span> <span class='ocrx_word' id='word_1_17' title='bbox 382 556 755 606; x_wconf 89' lang='lat' dir='ltr'>Chaldaeorum,’&#39;</span> <span class='ocrx_word' id='word_1_18' title='bbox 781 554 1006 610; x_wconf 90' lang='lat' dir='ltr'>significat</span> <span class='ocrx_word' id='word_1_19' title='bbox 1033 553 1154 609; x_wconf 92' lang='lat' dir='ltr'>quod</span> <span class='ocrx_word' id='word_1_20' title='bbox 1185 555 1247 595; x_wconf 83' lang='lat' dir='ltr'>sie</span> <span class='ocrx_word' id='word_1_21' title='bbox 1280 553 1534 608; x_wconf 86' lang='lat' dir='ltr'>profanatio</span> <span class='ocrx_word' id='word_1_22' title='bbox 1565 558 1612 593; x_wconf 91' lang='lat' dir='ltr'>et</span> <span class='ocrx_word' id='word_1_23' title='bbox 1644 552 1724 593; x_wconf 93' lang='lat' dir='ltr'>de-</span> 
     </span>
     <span class='ocr_line' id='line_1_4' title="bbox 229 614 1724 671; baseline -0.003 -12"><span class='ocrx_word' id='word_1_24' title='bbox 229 618 418 661; x_wconf 71' lang='lat' dir='ltr'>strutffio</span> <span class='ocrx_word' id='word_1_25' title='bbox 439 620 557 671; x_wconf 88' lang='lat' dir='ltr'>veri;</span> <span class='ocrx_word' id='word_1_26' title='bbox 593 619 806 660; x_wconf 88' lang='lat' dir='ltr'>“Aschur</span> <span class='ocrx_word' id='word_1_27' title='bbox 826 619 1031 660; x_wconf 87' lang='lat' dir='ltr'>fundavit</span> <span class='ocrx_word' id='word_1_28' title='bbox 1053 631 1154 659; x_wconf 89' lang='lat' dir='ltr'>eam</span> <span class='ocrx_word' id='word_1_29' title='bbox 1180 617 1224 658; x_wconf 90' lang='lat' dir='ltr'>in</span> <span class='ocrx_word' id='word_1_30' title='bbox 1250 615 1476 665; x_wconf 86' lang='lat' dir='ltr'>acerVOS,’&#39;</span> <span class='ocrx_word' id='word_1_31' title='bbox 1498 614 1724 669; x_wconf 87' lang='lat' dir='ltr'>significat</span> 
     </span>
     <span class='ocr_line' id='line_1_5' title="bbox 229 678 1724 736; baseline -0.003 -12"><span class='ocrx_word' id='word_1_32' title='bbox 229 683 349 736; x_wconf 92' lang='lat' dir='ltr'>quod</span> <span class='ocrx_word' id='word_1_33' title='bbox 365 683 652 724; x_wconf 84' lang='lat' dir='ltr'>ratiocinatio</span> <span class='ocrx_word' id='word_1_34' title='bbox 667 697 726 724; x_wconf 87' lang='lat' dir='ltr'>ex</span> <span class='ocrx_word' id='word_1_35' title='bbox 741 682 863 724; x_wconf 88' lang='lat' dir='ltr'>falsis</span> <span class='ocrx_word' id='word_1_36' title='bbox 877 682 1156 723; x_wconf 85' lang='lat' dir='ltr'>destruxerit</span> <span class='ocrx_word' id='word_1_37' title='bbox 1174 695 1183 732; x_wconf 92' lang='lat'>;</span> <span class='ocrx_word' id='word_1_38' title='bbox 1207 681 1380 722; x_wconf 89' lang='lat' dir='ltr'>“redire</span> <span class='ocrx_word' id='word_1_39' title='bbox 1395 680 1451 720; x_wconf 88' lang='lat' dir='ltr'>ad</span> <span class='ocrx_word' id='word_1_40' title='bbox 1467 678 1724 720; x_wconf 88' lang='lat' dir='ltr'>mercedem</span> 
     </span>
     <span class='ocr_line' id='line_1_6' title="bbox 229 742 1723 797; baseline -0.003 -10"><span class='ocrx_word' id='word_1_41' title='bbox 229 747 545 795; x_wconf 89' lang='lat' dir='ltr'>meretriciam,</span> <span class='ocrx_word' id='word_1_42' title='bbox 565 752 611 787; x_wconf 91' lang='lat' dir='ltr'>et</span> <span class='ocrx_word' id='word_1_43' title='bbox 634 747 823 787; x_wconf 87' lang='lat' dir='ltr'>scortari</span> <span class='ocrx_word' id='word_1_44' title='bbox 845 759 946 787; x_wconf 91' lang='lat' dir='ltr'>cum</span> <span class='ocrx_word' id='word_1_45' title='bbox 969 744 1177 786; x_wconf 85' lang='lat' dir='ltr'>omnibus</span> <span class='ocrx_word' id='word_1_46' title='bbox 1199 745 1350 797; x_wconf 89' lang='lat' dir='ltr'>regnis</span> <span class='ocrx_word' id='word_1_47' title='bbox 1373 756 1506 796; x_wconf 91' lang='lat' dir='ltr'>super</span> <span class='ocrx_word' id='word_1_48' title='bbox 1526 742 1723 783; x_wconf 89' lang='lat' dir='ltr'>faciebus</span> 
     </span>
     <span class='ocr_line' id='line_1_7' title="bbox 229 806 1724 863; baseline -0.003 -13"><span class='ocrx_word' id='word_1_49' title='bbox 229 809 389 858; x_wconf 90' lang='lat' dir='ltr'>orbis,’&#39;</span> <span class='ocrx_word' id='word_1_50' title='bbox 408 808 645 863; x_wconf 20' lang='lat' dir='ltr'>&#39;significat</span> <span class='ocrx_word' id='word_1_51' title='bbox 682 809 1042 851; x_wconf 89' lang='lat' dir='ltr'>falsificationem</span> <span class='ocrx_word' id='word_1_52' title='bbox 1074 808 1274 849; x_wconf 90' lang='lat' dir='ltr'>omnium</span> <span class='ocrx_word' id='word_1_53' title='bbox 1305 808 1550 848; x_wconf 90' lang='lat' dir='ltr'>veritatum</span> <span class='ocrx_word' id='word_1_54' title='bbox 1582 806 1724 847; x_wconf 91' lang='lat' dir='ltr'>totius</span> 
     </span>
     <span class='ocr_line' id='line_1_8' title="bbox 229 871 897 926; baseline 0.002 -13"><span class='ocrx_word' id='word_1_55' title='bbox 229 871 462 913; x_wconf 90' lang='lat' dir='ltr'>ecclesiae.</span> <span class='ocrx_word' id='word_1_56' title='bbox 522 872 661 926; x_wconf 92' lang='lat' dir='ltr'>Apud</span> <span class='ocrx_word' id='word_1_57' title='bbox 688 873 897 920; x_wconf 82' lang='lat' dir='ltr'>eundem,</span> 
     </span>
    </p>
   </div>
   <div class='ocr_carea' id='block_1_3' title="bbox 301 967 1726 1055">
    <p class='ocr_par' dir='ltr' id='par_1_3' title="bbox 301 967 1726 1055">
     <span class='ocr_line' id='line_1_9' title="bbox 301 967 1725 1012; baseline -0.003 -10"><span class='ocrx_word' id='word_1_58' title='bbox 301 970 378 1002; x_wconf 87' lang='lat' dir='ltr'>Rex</span> <span class='ocrx_word' id='word_1_59' title='bbox 395 970 591 1002; x_wconf 85' lang='lat' dir='ltr'>Aschuris‘</span> <span class='ocrx_word' id='word_1_60' title='bbox 598 972 678 1002; x_wconf 83' lang='lat' dir='ltr'>‘ibit</span> <span class='ocrx_word' id='word_1_61' title='bbox 695 981 758 1012; x_wconf 92' lang='lat' dir='ltr'>per</span> <span class='ocrx_word' id='word_1_62' title='bbox 770 971 956 1012; x_wconf 86' lang='lat' dir='ltr'>Jehudam,</span> <span class='ocrx_word' id='word_1_63' title='bbox 974 971 1159 1002; x_wconf 90' lang='lat' dir='ltr'>inundabit</span> <span class='ocrx_word' id='word_1_64' title='bbox 1173 977 1208 1002; x_wconf 92' lang='lat' dir='ltr'>et</span> <span class='ocrx_word' id='word_1_65' title='bbox 1221 970 1395 1006; x_wconf 82' lang='lat' dir='ltr'>transibit.</span> <span class='ocrx_word' id='word_1_66' title='bbox 1412 979 1522 1010; x_wconf 87' lang='lat' dir='ltr'>usque</span> <span class='ocrx_word' id='word_1_67' title='bbox 1535 969 1579 999; x_wconf 93' lang='lat' dir='ltr'>ad</span> <span class='ocrx_word' id='word_1_68' title='bbox 1596 967 1725 999; x_wconf 90' lang='lat' dir='ltr'>collum</span> 
     </span>
     <span class='ocr_line' id='line_1_10' title="bbox 408 1011 1726 1055; baseline -0.004 -9"><span class='ocrx_word' id='word_1_69' title='bbox 408 1015 607 1055; x_wconf 77' lang='lat' dir='ltr'>pertinget:</span> <span class='ocrx_word' id='word_1_70' title='bbox 631 1021 665 1046; x_wconf 93' lang='lat' dir='ltr'>et</span> <span class='ocrx_word' id='word_1_71' title='bbox 682 1022 785 1046; x_wconf 87' lang='lat' dir='ltr'>erunt</span> <span class='ocrx_word' id='word_1_72' title='bbox 799 1015 1042 1046; x_wconf 84' lang='lat' dir='ltr'>motitationes</span> <span class='ocrx_word' id='word_1_73' title='bbox 1056 1013 1224 1046; x_wconf 69' lang='lat' dir='ltr'>malarum</span> <span class='ocrx_word' id='word_1_74' title='bbox 1238 1014 1316 1055; x_wconf 83' lang='lat' dir='ltr'>ejus</span> <span class='ocrx_word' id='word_1_75' title='bbox 1333 1013 1517 1054; x_wconf 90' lang='lat' dir='ltr'>plenitudo</span> <span class='ocrx_word' id='word_1_76' title='bbox 1531 1011 1726 1043; x_wconf 82' lang='lat' dir='ltr'>latitudinis</span> 
     </span>
    </p>
   </div>
   <div class='ocr_carea' id='block_1_4' title="bbox 173 1152 1729 1894">
    <p class='ocr_par' dir='ltr' id='par_1_4' title="bbox 173 1152 1729 1894">
     <span class='ocr_line' id='line_1_11' title="bbox 237 1152 1725 1206; baseline -0.002 -12"><span class='ocrx_word' id='word_1_77' title='bbox 237 1157 358 1194; x_wconf 86' lang='lat' dir='ltr'>“rex</span> <span class='ocrx_word' id='word_1_78' title='bbox 399 1152 651 1194; x_wconf 88' lang='lat' dir='ltr'>Aschuris&#39;&#39;</span> <span class='ocrx_word' id='word_1_79' title='bbox 687 1153 825 1194; x_wconf 91' lang='lat' dir='ltr'>etiam</span> <span class='ocrx_word' id='word_1_80' title='bbox 865 1153 935 1194; x_wconf 94' lang='lat' dir='ltr'>hic</span> <span class='ocrx_word' id='word_1_81' title='bbox 977 1152 1203 1206; x_wconf 87' lang='lat' dir='ltr'>significat</span> <span class='ocrx_word' id='word_1_82' title='bbox 1243 1152 1634 1194; x_wconf 89' lang='lat' dir='ltr'>ratiocinationem</span> <span class='ocrx_word' id='word_1_83' title='bbox 1666 1165 1725 1192; x_wconf 82' lang='lat' dir='ltr'>ex</span> 
     </span>
     <span class='ocr_line' id='line_1_12' title="bbox 234 1214 1725 1268; baseline -0.001 -12"><span class='ocrx_word' id='word_1_84' title='bbox 234 1215 356 1257; x_wconf 88' lang='lat' dir='ltr'>falsis</span> <span class='ocrx_word' id='word_1_85' title='bbox 382 1221 542 1257; x_wconf 88' lang='lat' dir='ltr'>contra</span> <span class='ocrx_word' id='word_1_86' title='bbox 562 1229 668 1256; x_wconf 91' lang='lat' dir='ltr'>vera</span> <span class='ocrx_word' id='word_1_87' title='bbox 683 1229 693 1266; x_wconf 90' lang='lat'>;</span> <span class='ocrx_word' id='word_1_88' title='bbox 722 1216 840 1256; x_wconf 91' lang='lat' dir='ltr'>“ibit</span> <span class='ocrx_word' id='word_1_89' title='bbox 867 1229 945 1268; x_wconf 89' lang='lat' dir='ltr'>per</span> <span class='ocrx_word' id='word_1_90' title='bbox 965 1215 1200 1268; x_wconf 89' lang='lat' dir='ltr'>Jehudam,</span> <span class='ocrx_word' id='word_1_91' title='bbox 1224 1214 1461 1268; x_wconf 84' lang='lat' dir='ltr'>inundabit</span> <span class='ocrx_word' id='word_1_92' title='bbox 1488 1220 1534 1255; x_wconf 90' lang='lat' dir='ltr'>et</span> <span class='ocrx_word' id='word_1_93' title='bbox 1560 1214 1725 1255; x_wconf 89' lang='lat' dir='ltr'>transi-</span> 
     </span>
     <span class='ocr_line' id='line_1_13' title="bbox 234 1276 1726 1332; baseline -0.002 -12"><span class='ocrx_word' id='word_1_94' title='bbox 234 1278 338 1327; x_wconf 91' lang='lat' dir='ltr'>bit,&#39;’</span> <span class='ocrx_word' id='word_1_95' title='bbox 360 1277 584 1332; x_wconf 87' lang='lat' dir='ltr'>significat</span> <span class='ocrx_word' id='word_1_96' title='bbox 607 1278 726 1332; x_wconf 93' lang='lat' dir='ltr'>quod</span> <span class='ocrx_word' id='word_1_97' title='bbox 753 1278 955 1319; x_wconf 90' lang='lat' dir='ltr'>destruet</span> <span class='ocrx_word' id='word_1_98' title='bbox 982 1278 1149 1319; x_wconf 92' lang='lat' dir='ltr'>bonum</span> <span class='ocrx_word' id='word_1_99' title='bbox 1171 1277 1390 1319; x_wconf 89' lang='lat' dir='ltr'>ecclesiae</span> <span class='ocrx_word' id='word_1_100' title='bbox 1416 1276 1726 1332; x_wconf 85' lang='lat' dir='ltr'>(“inundare”</span> 
     </span>
     <span class='ocr_line' id='line_1_14' title="bbox 235 1339 1725 1395; baseline -0.001 -13"><span class='ocrx_word' id='word_1_101' title='bbox 235 1341 397 1383; x_wconf 92' lang='lat' dir='ltr'>dicitur</span> <span class='ocrx_word' id='word_1_102' title='bbox 421 1341 477 1382; x_wconf 92' lang='lat' dir='ltr'>de</span> <span class='ocrx_word' id='word_1_103' title='bbox 502 1341 624 1382; x_wconf 87' lang='lat' dir='ltr'>falsis</span> <span class='ocrx_word' id='word_1_104' title='bbox 655 1341 758 1395; x_wconf 90' lang='lat' dir='ltr'>quia</span> <span class='ocrx_word' id='word_1_105' title='bbox 785 1344 965 1395; x_wconf 89' lang='lat' dir='ltr'>“aquae</span> <span class='ocrx_word' id='word_1_106' title='bbox 976 1340 995 1356; x_wconf 90' lang='lat'>&#39;&#39;</span> <span class='ocrx_word' id='word_1_107' title='bbox 1019 1340 1278 1394; x_wconf 88' lang='lat' dir='ltr'>significant</span> <span class='ocrx_word' id='word_1_108' title='bbox 1305 1339 1401 1394; x_wconf 90' lang='lat' dir='ltr'>illa)</span> <span class='ocrx_word' id='word_1_109' title='bbox 1422 1355 1431 1391; x_wconf 92' lang='lat'>;</span> <span class='ocrx_word' id='word_1_110' title='bbox 1466 1343 1641 1394; x_wconf 87' lang='lat' dir='ltr'>“usque</span> <span class='ocrx_word' id='word_1_111' title='bbox 1667 1339 1725 1380; x_wconf 90' lang='lat' dir='ltr'>ad</span> 
     </span>
     <span class='ocr_line' id='line_1_15' title="bbox 235 1403 1726 1458; baseline -0.001 -14"><span class='ocrx_word' id='word_1_112' title='bbox 235 1403 402 1446; x_wconf 91' lang='lat' dir='ltr'>collum</span> <span class='ocrx_word' id='word_1_113' title='bbox 427 1404 689 1458; x_wconf 88' lang='lat' dir='ltr'>pertinget”</span> <span class='ocrx_word' id='word_1_114' title='bbox 711 1403 936 1457; x_wconf 84' lang='lat' dir='ltr'>significat</span> <span class='ocrx_word' id='word_1_115' title='bbox 967 1404 1030 1445; x_wconf 89' lang='lat' dir='ltr'>sic</span> <span class='ocrx_word' id='word_1_116' title='bbox 1062 1404 1254 1457; x_wconf 91' lang='lat' dir='ltr'>amplius</span> <span class='ocrx_word' id='word_1_117' title='bbox 1280 1403 1450 1444; x_wconf 90' lang='lat' dir='ltr'>nullam</span> <span class='ocrx_word' id='word_1_118' title='bbox 1476 1403 1726 1444; x_wconf 90' lang='lat' dir='ltr'>communi-</span> 
     </span>
     <span class='ocr_line' id='line_1_16' title="bbox 236 1464 1726 1518; baseline -0.001 -10"><span class='ocrx_word' id='word_1_119' title='bbox 236 1467 463 1508; x_wconf 91' lang='lat' dir='ltr'>cationem</span> <span class='ocrx_word' id='word_1_120' title='bbox 500 1467 606 1508; x_wconf 92' lang='lat' dir='ltr'>boni</span> <span class='ocrx_word' id='word_1_121' title='bbox 643 1473 689 1508; x_wconf 94' lang='lat' dir='ltr'>et</span> <span class='ocrx_word' id='word_1_122' title='bbox 725 1467 844 1518; x_wconf 89' lang='lat' dir='ltr'>veri;</span> <span class='ocrx_word' id='word_1_123' title='bbox 888 1473 935 1508; x_wconf 92' lang='lat' dir='ltr'>et</span> <span class='ocrx_word' id='word_1_124' title='bbox 974 1470 1142 1508; x_wconf 87' lang='lat' dir='ltr'>“erunt</span> <span class='ocrx_word' id='word_1_125' title='bbox 1180 1467 1495 1508; x_wconf 87' lang='lat' dir='ltr'>motitationes</span> <span class='ocrx_word' id='word_1_126' title='bbox 1521 1464 1726 1506; x_wconf 66' lang='lat' dir='ltr'>malarum</span> 
     </span>
     <span class='ocr_line' id='line_1_17' title="bbox 173 1528 1726 1584; baseline -0.001 -13"><span class='ocrx_word' id='word_1_127' title='bbox 173 1543 176 1547; x_wconf 71' lang='grc'>’</span> <span class='ocrx_word' id='word_1_128' title='bbox 237 1529 330 1583; x_wconf 89' lang='lat' dir='ltr'>ejus</span> <span class='ocrx_word' id='word_1_129' title='bbox 351 1530 586 1584; x_wconf 90' lang='lat' dir='ltr'>plenitudo</span> <span class='ocrx_word' id='word_1_130' title='bbox 609 1530 859 1571; x_wconf 88' lang='lat' dir='ltr'>latitudinis</span> <span class='ocrx_word' id='word_1_131' title='bbox 881 1536 1027 1571; x_wconf 88' lang='lat' dir='ltr'>terrae</span> <span class='ocrx_word' id='word_1_132' title='bbox 1052 1536 1171 1579; x_wconf 92' lang='lat' dir='ltr'>tuae,</span> <span class='ocrx_word' id='word_1_133' title='bbox 1192 1529 1484 1579; x_wconf 91' lang='lat' dir='ltr'>Immanuel,”</span> <span class='ocrx_word' id='word_1_134' title='bbox 1502 1528 1726 1582; x_wconf 86' lang='lat' dir='ltr'>significat</span> 
     </span>
     <span class='ocr_line' id='line_1_18' title="bbox 237 1592 1728 1647; baseline -0.001 -13"><span class='ocrx_word' id='word_1_135' title='bbox 237 1593 357 1647; x_wconf 93' lang='lat' dir='ltr'>quod</span> <span class='ocrx_word' id='word_1_136' title='bbox 378 1592 489 1634; x_wconf 87' lang='lat' dir='ltr'>falsa</span> <span class='ocrx_word' id='word_1_137' title='bbox 505 1600 636 1634; x_wconf 91' lang='lat' dir='ltr'>erunt</span> <span class='ocrx_word' id='word_1_138' title='bbox 654 1599 814 1634; x_wconf 92' lang='lat' dir='ltr'>contra</span> <span class='ocrx_word' id='word_1_139' title='bbox 837 1594 988 1634; x_wconf 91' lang='lat' dir='ltr'>omnia</span> <span class='ocrx_word' id='word_1_140' title='bbox 1008 1607 1115 1634; x_wconf 89' lang='lat' dir='ltr'>vera</span> <span class='ocrx_word' id='word_1_141' title='bbox 1131 1593 1349 1634; x_wconf 90' lang='lat' dir='ltr'>ecclesiae</span> <span class='ocrx_word' id='word_1_142' title='bbox 1368 1592 1574 1633; x_wconf 90' lang='lat' dir='ltr'>Domini:</span> <span class='ocrx_word' id='word_1_143' title='bbox 1608 1592 1728 1646; x_wconf 93' lang='lat' dir='ltr'>quod</span> 
     </span>
     <span class='ocr_line' id='line_1_19' title="bbox 239 1655 1729 1709; baseline -0.001 -12"><span class='ocrx_word' id='word_1_144' title='bbox 239 1656 472 1697; x_wconf 86' lang='lat' dir='ltr'>“latitudo</span> <span class='ocrx_word' id='word_1_145' title='bbox 495 1662 641 1697; x_wconf 89' lang='lat' dir='ltr'>terrae</span> <span class='ocrx_word' id='word_1_146' title='bbox 654 1656 672 1672; x_wconf 89' lang='lat'>”</span> <span class='ocrx_word' id='word_1_147' title='bbox 690 1655 912 1709; x_wconf 85' lang='lat' dir='ltr'>significet</span> <span class='ocrx_word' id='word_1_148' title='bbox 931 1670 1038 1697; x_wconf 89' lang='lat' dir='ltr'>vera</span> <span class='ocrx_word' id='word_1_149' title='bbox 1059 1656 1292 1705; x_wconf 91' lang='lat' dir='ltr'>ecclesiae,</span> <span class='ocrx_word' id='word_1_150' title='bbox 1307 1656 1513 1697; x_wconf 88' lang='lat' dir='ltr'>videatur</span> <span class='ocrx_word' id='word_1_151' title='bbox 1526 1656 1571 1696; x_wconf 90' lang='lat' dir='ltr'>in</span> <span class='ocrx_word' id='word_1_152' title='bbox 1594 1668 1729 1708; x_wconf 90' lang='lat' dir='ltr'>opere</span> 
     </span>
     <span class='ocr_line' id='line_1_20' title="bbox 236 1715 1727 1771; baseline -0.001 -14"><span class='ocrx_word' id='word_1_153' title='bbox 236 1717 305 1758; x_wconf 84' lang='lat' dir='ltr'>De</span> <span class='ocrx_word' id='word_1_154' title='bbox 327 1716 459 1771; x_wconf 75' lang='lat' dir='ltr'>Caelo</span> <span class='ocrx_word' id='word_1_155' title='bbox 477 1723 521 1758; x_wconf 85' lang='lat' dir='ltr'>et</span> <span class='ocrx_word' id='word_1_156' title='bbox 542 1717 725 1769; x_wconf 76' lang='lat' dir='ltr'>Inferna</span> <span class='ocrx_word' id='word_1_157' title='bbox 746 1727 792 1766; x_wconf 88' lang='lat' dir='ltr'>(n.</span> <span class='ocrx_word' id='word_1_158' title='bbox 814 1727 900 1766; x_wconf 91' lang='lat'>197),</span> <span class='ocrx_word' id='word_1_159' title='bbox 924 1722 972 1758; x_wconf 92' lang='lat' dir='ltr'>et</span> <span class='ocrx_word' id='word_1_160' title='bbox 996 1717 1101 1758; x_wconf 91' lang='lat' dir='ltr'>inde</span> <span class='ocrx_word' id='word_1_161' title='bbox 1123 1717 1168 1757; x_wconf 93' lang='lat' dir='ltr'>in</span> <span class='ocrx_word' id='word_1_162' title='bbox 1190 1717 1406 1771; x_wconf 86' lang='lat' dir='ltr'>opposito</span> <span class='ocrx_word' id='word_1_163' title='bbox 1427 1730 1564 1758; x_wconf 90' lang='lat' dir='ltr'>sensu</span> <span class='ocrx_word' id='word_1_164' title='bbox 1584 1715 1700 1757; x_wconf 87' lang='lat' dir='ltr'>falsa</span> <span class='ocrx_word' id='word_1_165' title='bbox 1719 1730 1727 1766; x_wconf 88' lang='lat'>;</span> 
     </span>
     <span class='ocr_line' id='line_1_21' title="bbox 237 1776 1729 1832; baseline -0.001 -13"><span class='ocrx_word' id='word_1_166' title='bbox 237 1792 374 1832; x_wconf 90' lang='lat' dir='ltr'>quare</span> <span class='ocrx_word' id='word_1_167' title='bbox 403 1779 752 1819; x_wconf 89' lang='lat' dir='ltr'>“motitationes</span> <span class='ocrx_word' id='word_1_168' title='bbox 779 1776 982 1819; x_wconf 74' lang='lat' dir='ltr'>[¹1a1arum</span> <span class='ocrx_word' id='word_1_169' title='bbox 1014 1777 1107 1831; x_wconf 89' lang='lat' dir='ltr'>ejus</span> <span class='ocrx_word' id='word_1_170' title='bbox 1119 1778 1138 1794; x_wconf 88' lang='lat'>’&#39;</span> <span class='ocrx_word' id='word_1_171' title='bbox 1163 1777 1420 1832; x_wconf 87' lang='lat' dir='ltr'>significant</span> <span class='ocrx_word' id='word_1_172' title='bbox 1450 1777 1729 1819; x_wconf 90' lang='lat' dir='ltr'>ratiocinati-</span> 
     </span>
     <span class='ocr_line' id='line_1_22' title="bbox 240 1840 1727 1894; baseline -0.001 -12"><span class='ocrx_word' id='word_1_173' title='bbox 240 1855 351 1882; x_wconf 85' lang='lat' dir='ltr'>ones</span> <span class='ocrx_word' id='word_1_174' title='bbox 382 1855 441 1882; x_wconf 87' lang='lat' dir='ltr'>ex</span> <span class='ocrx_word' id='word_1_175' title='bbox 473 1841 595 1882; x_wconf 90' lang='lat' dir='ltr'>falsis</span> <span class='ocrx_word' id='word_1_176' title='bbox 626 1847 785 1882; x_wconf 88' lang='lat' dir='ltr'>contra</span> <span class='ocrx_word' id='word_1_177' title='bbox 810 1855 942 1892; x_wconf 88' lang='lat' dir='ltr'>vera;</span> <span class='ocrx_word' id='word_1_178' title='bbox 976 1841 1280 1894; x_wconf 86' lang='lat' dir='ltr'>“plenitudo”</span> <span class='ocrx_word' id='word_1_179' title='bbox 1307 1840 1531 1894; x_wconf 86' lang='lat' dir='ltr'>significat</span> <span class='ocrx_word' id='word_1_180' title='bbox 1563 1840 1727 1888; x_wconf 90' lang='lat' dir='ltr'>omnia,</span> 
     </span>
    </p>
   </div>
   <div class='ocr_carea' id='block_1_5' title="bbox 238 1902 1728 2021">
    <p class='ocr_par' dir='ltr' id='par_1_5' title="bbox 238 1902 1728 2021">
     <span class='ocr_line' id='line_1_23' title="bbox 238 1902 1728 1957; baseline -0.001 -12"><span class='ocrx_word' id='word_1_181' title='bbox 238 1904 304 1945; x_wconf 92' lang='lat' dir='ltr'>ita</span> <span class='ocrx_word' id='word_1_182' title='bbox 341 1903 614 1957; x_wconf 88' lang='lat' dir='ltr'>“plenitudo</span> <span class='ocrx_word' id='word_1_183' title='bbox 653 1903 903 1945; x_wconf 89' lang='lat' dir='ltr'>latitudinis</span> <span class='ocrx_word' id='word_1_184' title='bbox 944 1904 1120 1946; x_wconf 92' lang='lat' dir='ltr'>terrae”</span> <span class='ocrx_word' id='word_1_185' title='bbox 1159 1905 1310 1946; x_wconf 91' lang='lat' dir='ltr'>omnia</span> <span class='ocrx_word' id='word_1_186' title='bbox 1348 1917 1455 1944; x_wconf 87' lang='lat' dir='ltr'>vera</span> <span class='ocrx_word' id='word_1_187' title='bbox 1494 1902 1728 1944; x_wconf 90' lang='lat' dir='ltr'>ecclesiae.</span> 
     </span>
     <span class='ocr_line' id='line_1_24' title="bbox 239 1966 614 2021; baseline 0 -13"><span class='ocrx_word' id='word_1_188' title='bbox 239 1966 380 2021; x_wconf 90' lang='lat' dir='ltr'>Apud</span> <span class='ocrx_word' id='word_1_189' title='bbox 405 1966 614 2015; x_wconf 90' lang='lat' dir='ltr'>eundem,</span> 
     </span>
    </p>
   </div>
   <div class='ocr_carea' id='block_1_6' title="bbox 305 2059 1732 2147">
    <p class='ocr_par' dir='ltr' id='par_1_6' title="bbox 305 2059 1732 2147">
     <span class='ocr_line' id='line_1_25' title="bbox 305 2059 1732 2104; baseline -0.001 -10"><span class='ocrx_word' id='word_1_190' title='bbox 305 2062 381 2095; x_wconf 87' lang='lat' dir='ltr'>“In</span> <span class='ocrx_word' id='word_1_191' title='bbox 401 2063 458 2094; x_wconf 91' lang='lat' dir='ltr'>die</span> <span class='ocrx_word' id='word_1_192' title='bbox 478 2062 539 2095; x_wconf 89' lang='lat' dir='ltr'>illo</span> <span class='ocrx_word' id='word_1_193' title='bbox 557 2063 624 2094; x_wconf 84' lang='lat' dir='ltr'>erit</span> <span class='ocrx_word' id='word_1_194' title='bbox 642 2072 791 2103; x_wconf 89' lang='lat' dir='ltr'>germen</span> <span class='ocrx_word' id='word_1_195' title='bbox 810 2061 970 2104; x_wconf 88' lang='lat' dir='ltr'>Jehovae</span> <span class='ocrx_word' id='word_1_196' title='bbox 990 2061 1027 2094; x_wconf 89' lang='lat' dir='ltr'>in</span> <span class='ocrx_word' id='word_1_197' title='bbox 1046 2061 1153 2093; x_wconf 90' lang='lat' dir='ltr'>decus</span> <span class='ocrx_word' id='word_1_198' title='bbox 1173 2067 1208 2093; x_wconf 88' lang='lat' dir='ltr'>et</span> <span class='ocrx_word' id='word_1_199' title='bbox 1226 2061 1390 2102; x_wconf 85' lang='lat' dir='ltr'>gloriam,</span> <span class='ocrx_word' id='word_1_200' title='bbox 1410 2067 1446 2092; x_wconf 90' lang='lat' dir='ltr'>et</span> <span class='ocrx_word' id='word_1_201' title='bbox 1464 2059 1600 2093; x_wconf 67' lang='lat' dir='ltr'>fructus</span> <span class='ocrx_word' id='word_1_202' title='bbox 1618 2066 1732 2092; x_wconf 86' lang='lat' dir='ltr'>terrae</span> 
     </span>
     <span class='ocr_line' id='line_1_26' title="bbox 409 2104 1513 2147; baseline -0.002 -9"><span class='ocrx_word' id='word_1_203' title='bbox 409 2107 446 2138; x_wconf 89' lang='lat' dir='ltr'>in</span> <span class='ocrx_word' id='word_1_204' title='bbox 463 2106 763 2147; x_wconf 85' lang='lat' dir='ltr'>magnificentiam</span> <span class='ocrx_word' id='word_1_205' title='bbox 782 2112 817 2138; x_wconf 89' lang='lat' dir='ltr'>et</span> <span class='ocrx_word' id='word_1_206' title='bbox 833 2112 999 2138; x_wconf 88' lang='lat' dir='ltr'>ornatum</span> <span class='ocrx_word' id='word_1_207' title='bbox 1017 2106 1174 2147; x_wconf 89' lang='lat' dir='ltr'>reliquiis</span> <span class='ocrx_word' id='word_1_208' title='bbox 1193 2105 1334 2137; x_wconf 88' lang='lat' dir='ltr'>Israelis</span> <span class='ocrx_word' id='word_1_209' title='bbox 1346 2104 1364 2117; x_wconf 88' lang='lat'>&#39;¹</span> <span class='ocrx_word' id='word_1_210' title='bbox 1381 2105 1442 2145; x_wconf 91' lang='lat' dir='ltr'>(iv.</span> <span class='ocrx_word' id='word_1_211' title='bbox 1459 2104 1492 2145; x_wconf 90' lang='lat'>2)</span> <span class='ocrx_word' id='word_1_212' title='bbox 1506 2114 1513 2143; x_wconf 87' lang='lat'>;</span> 
     </span>
    </p>
   </div>
   <div class='ocr_carea' id='block_1_7' title="bbox 236 2190 1733 2767">
    <p class='ocr_par' dir='ltr' id='par_1_7' title="bbox 236 2190 1733 2767">
     <span class='ocr_line' id='line_1_27' title="bbox 239 2190 1731 2262; baseline -0.002 -12"><span class='ocrx_word' id='word_1_213' title='bbox 239 2212 265 2229; x_wconf 90' lang='lat'>“</span> <span class='ocrx_word' id='word_1_214' title='bbox 278 2190 465 2262; x_wconf 57' lang='lat' dir='ltr'>germen</span> <span class='ocrx_word' id='word_1_215' title='bbox 477 2207 703 2262; x_wconf 90' lang='lat' dir='ltr'>Jehovae”</span> <span class='ocrx_word' id='word_1_216' title='bbox 718 2208 839 2262; x_wconf 94' lang='lat' dir='ltr'>quod</span> <span class='ocrx_word' id='word_1_217' title='bbox 854 2208 938 2249; x_wconf 93' lang='lat' dir='ltr'>erit</span> <span class='ocrx_word' id='word_1_218' title='bbox 952 2208 997 2248; x_wconf 91' lang='lat' dir='ltr'>in</span> <span class='ocrx_word' id='word_1_219' title='bbox 1011 2208 1148 2249; x_wconf 92' lang='lat' dir='ltr'>decus</span> <span class='ocrx_word' id='word_1_220' title='bbox 1163 2214 1209 2249; x_wconf 93' lang='lat' dir='ltr'>et</span> <span class='ocrx_word' id='word_1_221' title='bbox 1224 2208 1268 2248; x_wconf 92' lang='lat' dir='ltr'>in</span> <span class='ocrx_word' id='word_1_222' title='bbox 1282 2207 1489 2261; x_wconf 86' lang='lat' dir='ltr'>gloriam,</span> <span class='ocrx_word' id='word_1_223' title='bbox 1506 2206 1731 2260; x_wconf 87' lang='lat' dir='ltr'>significat</span> 
     </span>
     <span class='ocr_line' id='line_1_28' title="bbox 236 2269 1732 2325; baseline -0.001 -12"><span class='ocrx_word' id='word_1_224' title='bbox 236 2285 392 2313; x_wconf 89' lang='lat' dir='ltr'>verum</span> <span class='ocrx_word' id='word_1_225' title='bbox 418 2271 665 2322; x_wconf 87' lang='lat' dir='ltr'>ecclesiae;</span> <span class='ocrx_word' id='word_1_226' title='bbox 711 2278 758 2313; x_wconf 92' lang='lat' dir='ltr'>et</span> <span class='ocrx_word' id='word_1_227' title='bbox 788 2270 993 2312; x_wconf 64' lang='lat' dir='ltr'>“fructus</span> <span class='ocrx_word' id='word_1_228' title='bbox 1026 2271 1205 2312; x_wconf 90' lang='lat' dir='ltr'>terrae”</span> <span class='ocrx_word' id='word_1_229' title='bbox 1228 2272 1301 2325; x_wconf 90' lang='lat' dir='ltr'>qui</span> <span class='ocrx_word' id='word_1_230' title='bbox 1333 2271 1417 2312; x_wconf 90' lang='lat' dir='ltr'>erit</span> <span class='ocrx_word' id='word_1_231' title='bbox 1448 2271 1493 2311; x_wconf 92' lang='lat' dir='ltr'>in</span> <span class='ocrx_word' id='word_1_232' title='bbox 1526 2269 1732 2323; x_wconf 84' lang='lat' dir='ltr'>magnifi-</span> 
     </span>
     <span class='ocr_line' id='line_1_29' title="bbox 237 2333 1733 2388; baseline -0.001 -12"><span class='ocrx_word' id='word_1_233' title='bbox 237 2336 436 2376; x_wconf 88' lang='lat' dir='ltr'>centiam</span> <span class='ocrx_word' id='word_1_234' title='bbox 462 2341 509 2376; x_wconf 92' lang='lat' dir='ltr'>et</span> <span class='ocrx_word' id='word_1_235' title='bbox 536 2341 761 2384; x_wconf 91' lang='lat' dir='ltr'>ornatum,</span> <span class='ocrx_word' id='word_1_236' title='bbox 786 2334 1013 2388; x_wconf 86' lang='lat' dir='ltr'>significat</span> <span class='ocrx_word' id='word_1_237' title='bbox 1040 2334 1209 2375; x_wconf 91' lang='lat' dir='ltr'>bonum</span> <span class='ocrx_word' id='word_1_238' title='bbox 1237 2334 1486 2384; x_wconf 91' lang='lat' dir='ltr'>ecclesiae;</span> <span class='ocrx_word' id='word_1_239' title='bbox 1523 2333 1733 2374; x_wconf 88' lang='lat' dir='ltr'>“Israel&#39;&#39;</span> 
     </span>
     <span class='ocr_line' id='line_1_30' title="bbox 238 2397 1732 2452; baseline -0.001 -13"><span class='ocrx_word' id='word_1_240' title='bbox 238 2397 463 2452; x_wconf 88' lang='lat' dir='ltr'>significat</span> <span class='ocrx_word' id='word_1_241' title='bbox 483 2397 722 2439; x_wconf 88' lang='lat' dir='ltr'>ecclesiam</span> <span class='ocrx_word' id='word_1_242' title='bbox 746 2397 1052 2451; x_wconf 85' lang='lat' dir='ltr'>spiritualem:</span> <span class='ocrx_word' id='word_1_243' title='bbox 1081 2398 1201 2451; x_wconf 93' lang='lat' dir='ltr'>quod</span> <span class='ocrx_word' id='word_1_244' title='bbox 1225 2411 1316 2438; x_wconf 91' lang='lat' dir='ltr'>non</span> <span class='ocrx_word' id='word_1_245' title='bbox 1339 2411 1526 2451; x_wconf 83' lang='lat' dir='ltr'>germen</span> <span class='ocrx_word' id='word_1_246' title='bbox 1549 2403 1596 2438; x_wconf 91' lang='lat' dir='ltr'>et</span> <span class='ocrx_word' id='word_1_247' title='bbox 1618 2397 1732 2438; x_wconf 91' lang='lat' dir='ltr'>fruc-</span> 
     </span>
     <span class='ocr_line' id='line_1_31' title="bbox 238 2459 1732 2514; baseline -0.002 -11"><span class='ocrx_word' id='word_1_248' title='bbox 238 2468 312 2503; x_wconf 88' lang='lat' dir='ltr'>tus</span> <span class='ocrx_word' id='word_1_249' title='bbox 335 2467 482 2502; x_wconf 90' lang='lat' dir='ltr'>terrae</span> <span class='ocrx_word' id='word_1_250' title='bbox 500 2467 630 2502; x_wconf 90' lang='lat' dir='ltr'>erunt</span> <span class='ocrx_word' id='word_1_251' title='bbox 652 2461 696 2501; x_wconf 93' lang='lat' dir='ltr'>in</span> <span class='ocrx_word' id='word_1_252' title='bbox 719 2461 871 2509; x_wconf 89' lang='lat' dir='ltr'>decus,</span> <span class='ocrx_word' id='word_1_253' title='bbox 892 2460 1098 2514; x_wconf 86' lang='lat' dir='ltr'>gloriam,</span> <span class='ocrx_word' id='word_1_254' title='bbox 1120 2459 1506 2513; x_wconf 87' lang='lat' dir='ltr'>magnificentiam</span> <span class='ocrx_word' id='word_1_255' title='bbox 1529 2466 1575 2501; x_wconf 91' lang='lat' dir='ltr'>et</span> <span class='ocrx_word' id='word_1_256' title='bbox 1599 2474 1732 2501; x_wconf 89' lang='lat' dir='ltr'>orna-</span> 
     </span>
     <span class='ocr_line' id='line_1_32' title="bbox 238 2523 1733 2578; baseline -0.001 -13"><span class='ocrx_word' id='word_1_257' title='bbox 238 2531 350 2573; x_wconf 86' lang='lat' dir='ltr'>tum,</span> <span class='ocrx_word' id='word_1_258' title='bbox 384 2530 539 2578; x_wconf 90' lang='lat' dir='ltr'>patet;</span> <span class='ocrx_word' id='word_1_259' title='bbox 581 2524 661 2565; x_wconf 88' lang='lat' dir='ltr'>sed</span> <span class='ocrx_word' id='word_1_260' title='bbox 693 2523 813 2578; x_wconf 91' lang='lat' dir='ltr'>quod</span> <span class='ocrx_word' id='word_1_261' title='bbox 843 2537 999 2564; x_wconf 90' lang='lat' dir='ltr'>verum</span> <span class='ocrx_word' id='word_1_262' title='bbox 1037 2530 1083 2565; x_wconf 92' lang='lat' dir='ltr'>et</span> <span class='ocrx_word' id='word_1_263' title='bbox 1119 2524 1286 2564; x_wconf 91' lang='lat' dir='ltr'>bonum</span> <span class='ocrx_word' id='word_1_264' title='bbox 1324 2523 1558 2564; x_wconf 91' lang='lat' dir='ltr'>ecclesiae.</span> <span class='ocrx_word' id='word_1_265' title='bbox 1620 2523 1733 2565; x_wconf 92' lang='lat' dir='ltr'>Cum</span> 
     </span>
     <span class='ocr_line' id='line_1_33' title="bbox 238 2585 1733 2639; baseline -0.001 -11"><span class='ocrx_word' id='word_1_266' title='bbox 238 2588 402 2629; x_wconf 91' lang='lat' dir='ltr'>dicitur</span> <span class='ocrx_word' id='word_1_267' title='bbox 425 2600 580 2627; x_wconf 85' lang='lat' dir='ltr'>verum</span> <span class='ocrx_word' id='word_1_268' title='bbox 604 2593 648 2627; x_wconf 84' lang='lat' dir='ltr'>et</span> <span class='ocrx_word' id='word_1_269' title='bbox 671 2586 826 2627; x_wconf 83' lang='lat' dir='ltr'><em>bonum</em></span> <span class='ocrx_word' id='word_1_270' title='bbox 848 2586 1060 2636; x_wconf 80' lang='lat' dir='ltr'>ecclesiae,</span> <span class='ocrx_word' id='word_1_271' title='bbox 1084 2585 1356 2639; x_wconf 88' lang='lat' dir='ltr'>intelligitur</span> <span class='ocrx_word' id='word_1_272' title='bbox 1377 2600 1531 2627; x_wconf 89' lang='lat' dir='ltr'>verum</span> <span class='ocrx_word' id='word_1_273' title='bbox 1558 2586 1661 2627; x_wconf 91' lang='lat' dir='ltr'>fidei</span> <span class='ocrx_word' id='word_1_274' title='bbox 1686 2593 1733 2627; x_wconf 91' lang='lat' dir='ltr'>et</span> 
     </span>
     <span class='ocr_line' id='line_1_34' title="bbox 237 2649 1733 2699; baseline -0.001 -7"><span class='ocrx_word' id='word_1_275' title='bbox 237 2651 407 2692; x_wconf 91' lang='lat' dir='ltr'>bonum</span> <span class='ocrx_word' id='word_1_276' title='bbox 430 2650 609 2699; x_wconf 89' lang='lat' dir='ltr'>amoris,</span> <span class='ocrx_word' id='word_1_277' title='bbox 634 2663 739 2691; x_wconf 91' lang='lat' dir='ltr'>nam</span> <span class='ocrx_word' id='word_1_278' title='bbox 766 2663 901 2691; x_wconf 92' lang='lat' dir='ltr'>omne</span> <span class='ocrx_word' id='word_1_279' title='bbox 924 2663 1079 2691; x_wconf 89' lang='lat' dir='ltr'>verum</span> <span class='ocrx_word' id='word_1_280' title='bbox 1106 2655 1176 2691; x_wconf 87' lang='lat' dir='ltr'>est</span> <span class='ocrx_word' id='word_1_281' title='bbox 1202 2649 1304 2691; x_wconf 90' lang='lat' dir='ltr'>fidei</span> <span class='ocrx_word' id='word_1_282' title='bbox 1330 2656 1376 2691; x_wconf 93' lang='lat' dir='ltr'>et</span> <span class='ocrx_word' id='word_1_283' title='bbox 1403 2663 1538 2692; x_wconf 90' lang='lat' dir='ltr'>omne</span> <span class='ocrx_word' id='word_1_284' title='bbox 1564 2650 1733 2691; x_wconf 91' lang='lat' dir='ltr'>bonum</span> 
     </span>
     <span class='ocr_line' id='line_1_35' title="bbox 238 2712 950 2767; baseline -0.004 -11"><span class='ocrx_word' id='word_1_285' title='bbox 238 2720 310 2756; x_wconf 90' lang='lat' dir='ltr'>est</span> <span class='ocrx_word' id='word_1_286' title='bbox 335 2714 514 2755; x_wconf 88' lang='lat' dir='ltr'>amoris.</span> <span class='ocrx_word' id='word_1_287' title='bbox 575 2712 713 2767; x_wconf 91' lang='lat' dir='ltr'>Apud</span> <span class='ocrx_word' id='word_1_288' title='bbox 739 2713 950 2762; x_wconf 86' lang='lat' dir='ltr'>eundem,</span> 
     </span>
    </p>
   </div>
   <div class='ocr_carea' id='block_1_8' title="bbox 307 2811 1802 2854">
    <p class='ocr_par' dir='ltr' id='par_1_8' title="bbox 307 2811 1802 2854">
     <span class='ocr_line' id='line_1_36' title="bbox 307 2811 1802 2854; baseline -0.001 -9"><span class='ocrx_word' id='word_1_289' title='bbox 307 2812 520 2845; x_wconf 86' lang='lat' dir='ltr'>“Addidisti</span> <span class='ocrx_word' id='word_1_290' title='bbox 536 2812 646 2853; x_wconf 84' lang='lat' dir='ltr'>genti,</span> <span class='ocrx_word' id='word_1_291' title='bbox 661 2811 834 2854; x_wconf 88' lang='lat' dir='ltr'>Jehovah,</span> <span class='ocrx_word' id='word_1_292' title='bbox 849 2811 1067 2853; x_wconf 87' lang='lat' dir='ltr'>glorificatus</span> <span class='ocrx_word' id='word_1_293' title='bbox 1083 2821 1134 2850; x_wconf 86' lang='lat' dir='ltr'>es,</span> <span class='ocrx_word' id='word_1_294' title='bbox 1151 2812 1335 2844; x_wconf 87' lang='lat' dir='ltr'>removisti</span> <span class='ocrx_word' id='word_1_295' title='bbox 1352 2822 1478 2844; x_wconf 86' lang='lat' dir='ltr'>omnes</span> <span class='ocrx_word' id='word_1_296' title='bbox 1491 2812 1733 2844; x_wconf 89' lang='lat' dir='ltr'>extremitates</span> <span class='ocrx_word' id='word_1_297' title='bbox 1797 2842 1802 2846; x_wconf 82' lang='grc'><em>,</em></span> 
     </span>
    </p>
   </div>
   <div class='ocr_carea' id='block_1_9' title="bbox 413 2855 773 2896">
    <p class='ocr_par' dir='ltr' id='par_1_9' title="bbox 413 2855 773 2896">
     <span class='ocr_line' id='line_1_37' title="bbox 413 2855 773 2896; baseline -0.003 -8"><span class='ocrx_word' id='word_1_298' title='bbox 413 2863 528 2888; x_wconf 89' lang='lat' dir='ltr'>terrae</span> <span class='ocrx_word' id='word_1_299' title='bbox 538 2855 556 2868; x_wconf 84' lang='lat'>&#39;¹</span> <span class='ocrx_word' id='word_1_300' title='bbox 573 2855 681 2896; x_wconf 83' lang='lat' dir='ltr'>(xxvi.</span> <span class='ocrx_word' id='word_1_301' title='bbox 700 2856 752 2896; x_wconf 89' lang='lat'>15)</span> <span class='ocrx_word' id='word_1_302' title='bbox 765 2865 773 2894; x_wconf 88' lang='lat'>;</span> 
     </span>
    </p>
   </div>
   <div class='ocr_carea' id='block_1_10' title="bbox 238 2950 1732 3068">
    <p class='ocr_par' dir='ltr' id='par_1_10' title="bbox 238 2950 1732 3068">
     <span class='ocr_line' id='line_1_38' title="bbox 240 2950 1732 3006; baseline -0.001 -13"><span class='ocrx_word' id='word_1_303' title='bbox 240 2951 431 3006; x_wconf 86' lang='lat' dir='ltr'>“gens,”</span> <span class='ocrx_word' id='word_1_304' title='bbox 454 2952 523 2993; x_wconf 93' lang='lat' dir='ltr'>cui</span> <span class='ocrx_word' id='word_1_305' title='bbox 548 2950 791 3004; x_wconf 89' lang='lat' dir='ltr'>“Jehovah</span> <span class='ocrx_word' id='word_1_306' title='bbox 818 2950 1034 3000; x_wconf 87' lang='lat' dir='ltr'>addidit,’&#39;</span> <span class='ocrx_word' id='word_1_307' title='bbox 1061 2950 1286 3005; x_wconf 86' lang='lat' dir='ltr'>significat</span> <span class='ocrx_word' id='word_1_308' title='bbox 1312 2951 1414 2993; x_wconf 88' lang='lat' dir='ltr'>illos</span> <span class='ocrx_word' id='word_1_309' title='bbox 1440 2952 1513 3006; x_wconf 92' lang='lat' dir='ltr'>qui</span> <span class='ocrx_word' id='word_1_310' title='bbox 1540 2952 1583 2991; x_wconf 90' lang='lat' dir='ltr'>in</span> <span class='ocrx_word' id='word_1_311' title='bbox 1610 2951 1732 2992; x_wconf 91' lang='lat' dir='ltr'>bono</span> 
     </span>
     <span class='ocr_line' id='line_1_39' title="bbox 238 3013 1731 3068; baseline -0.001 -12"><span class='ocrx_word' id='word_1_312' title='bbox 238 3015 402 3058; x_wconf 87' lang='lat' dir='ltr'>amoris</span> <span class='ocrx_word' id='word_1_313' title='bbox 425 3020 543 3064; x_wconf 88' lang='lat' dir='ltr'>sunt,</span> <span class='ocrx_word' id='word_1_314' title='bbox 563 3028 676 3068; x_wconf 91' lang='lat' dir='ltr'>quos</span> <span class='ocrx_word' id='word_1_315' title='bbox 698 3013 790 3056; x_wconf 87' lang='lat' dir='ltr'>Sibi</span> <span class='ocrx_word' id='word_1_316' title='bbox 812 3014 991 3055; x_wconf 87' lang='lat' dir='ltr'>addixit</span> <span class='ocrx_word' id='word_1_317' title='bbox 1009 3028 1016 3055; x_wconf 93' lang='lat'>:</span> <span class='ocrx_word' id='word_1_318' title='bbox 1046 3016 1404 3056; x_wconf 87' lang='lat' dir='ltr'>“extremitates</span> <span class='ocrx_word' id='word_1_319' title='bbox 1427 3014 1604 3056; x_wconf 88' lang='lat' dir='ltr'>terrae”</span> <span class='ocrx_word' id='word_1_320' title='bbox 1622 3028 1731 3068; x_wconf 91' lang='lat' dir='ltr'>quas</span> 
     </span>
    </p>
   </div>
  </div>
 </body>
</html>
