2060 3476
896 382 1168 417 PROLOGUS.
1751 381 1778 425 7

360 515 431 559 19.
482 498 665 552 Scribe,
686 514 813 561 quae
834 495 1010 551 vidisti,
1031 505 1081 544 et
1105 512 1231 559 quae
1251 504 1378 549 sunt,
1399 504 1450 542 et
1474 511 1601 558 quae
1621 493 1780 541 futura

284 587 399 624 sunt
423 575 640 639 posthac.

355 669 430 700 20.
481 651 775 715 Mysterium
818 660 1010 714 septem
1054 648 1313 702 stellarum,
1357 665 1479 712 quas
1521 647 1682 695 vidisti
1731 647 1778 694 in

285 729 460 776 dextra
478 745 613 783 mea;
651 738 701 775 et
723 737 915 790 septem
935 725 1229 774 candelabra
1246 742 1421 773 aurea:
1450 735 1641 788 septem
1666 723 1778 772 stel-

284 804 359 851 lae
378 803 539 867 angeli
564 812 756 865 septem
783 801 1103 848 Ecclesiarum
1122 810 1248 853 sunt,
1269 810 1319 846 et
1342 810 1531 862 septem
1551 798 1775 847 candela-

285 881 375 928 bra
398 897 526 944 quae
551 878 710 926 vidisti
735 887 923 940 septem
951 876 1198 924 Ecclesiae
1223 886 1349 924 sunt.

370 1148 419 1179 1.
469 1137 582 1179 Sunt
628 1137 776 1192 plures
825 1138 898 1191 qui
948 1137 1107 1178 librum
1157 1137 1274 1178 hunc
1325 1136 1656 1190 propheticum,
1707 1137 1780 1190 qui

285 1202 583 1255 Apocalypsis
608 1207 810 1251 vocatur,
836 1207 1157 1254 exposuerunt,
1184 1200 1264 1241 sed
1291 1213 1448 1241 omnes
1470 1200 1533 1241 illi
1558 1213 1649 1241 non
1676 1213 1779 1241 sen-

286 1279 384 1307 sum
406 1266 631 1307 internum
658 1279 736 1306 seu
761 1264 1038 1318 spiritualem
1065 1264 1206 1305 Verbi
1231 1263 1572 1312 intellexerunt,
1600 1270 1646 1304 et
1678 1264 1780 1304 ideo

285 1329 597 1383 applicuerunt
623 1327 800 1382 singula
831 1342 944 1382 quae
971 1328 1078 1368 inibi
1105 1333 1210 1368 sunt
1241 1327 1298 1367 ad
1330 1326 1608 1367 successivos
1634 1332 1780 1367 status

286 1392 518 1440 ecclesiae,
546 1406 657 1446 quos
684 1406 743 1433 ex
775 1392 972 1432 historiis
1003 1391 1060 1432 de
1091 1390 1178 1431 illis
1204 1396 1339 1431 notos
1365 1390 1447 1430 sibi
1472 1389 1700 1439 fecerunt;
1734 1395 1779 1430 et

286 1463 522 1511 praeterea
552 1455 865 1509 applicuerunt
898 1454 1026 1508 plura
1056 1454 1113 1495 ad
1145 1460 1292 1499 status
1324 1452 1490 1494 civiles.
1566 1452 1678 1493 Inde
1710 1459 1780 1493 est

286 1520 407 1574 quod
443 1519 656 1573 pleraque
696 1516 980 1571 conjecturae
1017 1518 1121 1565 sint,
1159 1531 1274 1571 quae
1310 1529 1528 1570 nusquam
1565 1529 1781 1569 apparere

289 1590 477 1638 possunt
495 1583 539 1623 in
561 1581 641 1624 tali
664 1581 763 1622 luce
785 1587 834 1622 ut
849 1582 1110 1635 potuissent
1133 1579 1341 1621 affirmari
1364 1580 1478 1620 sicut
1501 1592 1633 1629 vera;
1671 1593 1780 1632 qua-

287 1654 471 1701 propter
493 1652 733 1700 postquam
761 1643 879 1686 lecta
904 1651 1022 1692 sunt,
1051 1645 1187 1685 etiam
1213 1644 1331 1684 inter
1356 1643 1590 1696 opiniones
1616 1640 1782 1695 rejecta

260 1709 405 1751 'sunt.
466 1709 626 1758 Causa,
654 1709 773 1763 quod
805 1707 1136 1762 explicationes
1168 1721 1281 1761 quae
1307 1712 1495 1747 exstant
1528 1705 1643 1747 tales
1675 1706 1780 1754 sint,

287 1780 372 1822 est,
405 1773 507 1827 quia
548 1771 658 1830 nihil
696 1772 752 1812 de
793 1785 926 1812 sensu
967 1772 1146 1812 interno
1182 1784 1260 1811 seu
1298 1768 1514 1824 spirituali
1545 1768 1700 1817 Verbi,
1734 1775 1782 1809 ut

288 1835 455 1878 dictum
488 1842 573 1884 est,
598 1841 847 1885 noverunt;
886 1847 986 1875 cum
1019 1840 1173 1875 tamen
1205 1834 1355 1874 omnia
1386 1846 1499 1886 quae
1531 1833 1574 1872 in
1605 1831 1781 1884 Apoca-

287 1900 409 1954 lypsi
428 1900 595 1953 scripta
620 1905 738 1946 sunt,
762 1897 895 1938 simili
917 1896 1040 1950 stylo
1066 1911 1154 1951 quo
1176 1896 1442 1951 prophetica
1464 1895 1646 1936 Veteris
1668 1895 1781 1936 Tes-

287 1964 494 2011 tamenti,
522 1963 689 2016 scripta
720 1967 853 2012 sunt;
895 1962 939 2002 in
972 1974 1152 2014 genere,
1187 1959 1318 2001 simili
1354 1959 1476 2013 stylo
1508 1973 1596 2013 quo
1633 1959 1783 2000 omnia

287 2027 455 2078 Verbi;
489 2033 534 2068 et
552 2025 755 2067 Verbum
778 2026 821 2066 in
845 2025 997 2066 littera
1019 2030 1089 2065 est
1112 2017 1330 2072 naturale,
1354 2030 1402 2064 at
1424 2025 1467 2064 in
1490 2024 1587 2064 sinu
1610 2036 1690 2063 suo
1712 2029 1782 2063 est

287 2090 544 2145 spirituale;
580 2095 626 2131 et
649 2089 767 2143 quod
791 2088 882 2130 tale
905 2095 989 2137 est,
1013 2088 1098 2129 hoc
1122 2088 1328 2128 continet
1354 2087 1398 2127 in
1425 2100 1472 2127 se
1499 2100 1681 2127 sensum
1708 2087 1782 2140 qui

288 2168 467 2208 prorsus
494 2166 583 2194 non
610 2159 798 2206 apparet
824 2153 868 2192 in
896 2151 1059 2192 littera.
1122 2150 1278 2204 Qualis
1304 2149 1553 2191 differentia
1579 2156 1648 2191 est
1674 2150 1785 2190 utri-‘

290 2231 429 2272 usque
455 2230 624 2265 sensus,
653 2223 862 2257 constare
888 2222 1042 2270 potest
1069 2229 1128 2256 ex
1154 2215 1239 2255 illis
1266 2228 1381 2268 quae
1407 2215 1450 2254 in
1477 2213 1693 2267 opusculo
1719 2213 1787 2253 De

287 2280 414 2334 Equo
434 2279 564 2329 Albo,
588 2286 634 2321 et
657 2281 700 2320 in
723 2279 971 2333 appendice
993 2279 1051 2319 ibi
1074 2292 1132 2320 ex
1151 2278 1191 2318 A
1200 2277 1348 2319 rcanis
1370 2276 1646 2319 Caelestz'bus
1664 2275 1784 2317 dieta

289 2351 335 2385 et
362 2350 547 2385 ostensa
572 2350 690 2385 sunt.
1129 2346 1132 2349 ’

373 2417 424 2449 2.
465 2406 539 2447 Ex
566 2408 634 2448 his
660 2410 1044 2460 constarepotest
1076 2405 1196 2459 quod
1216 2403 1529 2458 Apocalypsis,
1557 2417 1699 2458 aeque
1731 2417 1782 2445 ac

290 2470 554 2523 prophetica
575 2470 757 2511 Veteris
784 2469 1084 2518 Testamenti,
1113 2467 1371 2509 nullatenus
1403 2468 1545 2522 possit
1572 2467 1781 2521 intelligi,

291 2546 373 2574 nec
405 2533 570 2587 aliquid
610 2534 682 2583 ibi,
716 2534 799 2574 nisi
839 2547 997 2574 sensus
1036 2531 1276 2586 spiritualis
1308 2533 1487 2580 sciatur,
1522 2538 1568 2572 et
1605 2532 1784 2584 insuper

292 2597 373 2637 nisi
400 2596 616 2638 revelatio
641 2597 699 2638 sit
730 2611 755 2638 e
781 2596 922 2645 caelo,
951 2596 1023 2637 ubi
1055 2602 1203 2637 totum
1227 2595 1428 2636 Verbum
1454 2595 1701 2635 secundum
1729 2594 1782 2635 il-

291 2659 383 2700 lum
405 2673 585 2700 sensum
608 2659 887 2713 intelligitur.
950 2658 1084 2712 Quod
1102 2659 1166 2700 ita
1188 2659 1260 2707 sit,
1281 2657 1565 2718 confirmabit
1588 2658 1682 2711 ipsa
1700 2671 1782 2698 ex-

291 2723 489 2777 plicatio,
517 2736 630 2776 quae
652 2723 863 2776 sequitur.

374 2797 430 2840 3.
476 2786 527 2826 In
565 2799 680 2827 nunc
717 2792 935 2840 sequente
971 2784 1277 2840 explicatione
1322 2785 1520 2827 citantur
1560 2784 1686 2839 plura
1723 2798 1782 2826 ex

290 2848 487 2890 Arcanis
517 2847 823 2897 Caelesdbus:
854 2849 1020 2891 sciatur
1045 2850 1197 2904 itaque
1223 2849 1343 2903 quod
1370 2848 1474 2889 inde
1500 2848 1604 2889 sint.
