2060 3476
611 336 716 370 CAP.
739 336 826 376 111.‚
849 335 988 368 VERS.
1012 336 1186 368 21.-N.
1210 336 1260 380 25
1268 326 1378 381 3[a].
1662 338 1746 381 407

252 449 414 502 fidem;
449 449 670 504 “nuptiae
681 449 701 464 ”
726 449 864 490 etiam
891 446 1148 500 significant
1174 448 1324 489 illam:
1361 448 1550 490 “oleum
1561 448 1581 464 ''
1606 449 1746 503 signi-

252 512 359 555 ficat
375 514 544 554 bonum
562 513 740 561 amoris,
761 518 808 553 et
829 515 854 533 ‘⁴
867 511 1101 566 lampades
1112 511 1132 527 ’'
1148 525 1302 552 verum
1320 511 1437 553 fidei.
1498 512 1564 554 Ut
1588 519 1746 566 pateat

252 576 373 630 quod
400 577 445 617 in
470 575 658 629 singulis
680 589 796 629 quae
822 574 1043 616 Dominus
1070 574 1249 616 locutus
1271 581 1357 623 est,
1382 588 1540 616 sensus
1567 575 1746 628 spiritu-

252 640 336 681 alis
373 640 445 689 sit,
479 638 617 680 velim
654 639 731 680 illa
767 652 882 693 quae
918 638 977 678 ibi
1014 638 1163 692 quoad
1201 650 1303 678 eum
1341 651 1522 679 sensum
1560 639 1744 692 aperire.

255 706 281 723 “
295 703 507 756 Regnum
521 701 789 750 caelorum,”
800 701 869 742 cui
883 701 1043 742 decem
1057 701 1255 754 virgines
1270 700 1589 750 assimilantur,
1607 702 1745 755 signi-

252 764 360 807 ficat
390 765 566 807 caelum
601 771 648 807 et
679 764 949 815 ecclesiam;
994 764 1194 805 “decem
1225 765 1422 818 virgines
1437 764 1456 779 ''
1488 764 1745 818 significant

253 841 412 869 omnes
433 828 508 882 qui
529 828 587 869 ab
609 827 816 876 ecclesia,
838 827 1067 868 “decem’'
1089 840 1262 875 omneS,
1283 834 1329 868 et
1355 828 1590 880 “virgines
1601 827 1621 842 ”
1643 827 1745 868 illos

253 890 327 944 qui
358 897 463 931 sunt
498 891 542 931 in
575 889 811 931 affeetione
842 891 936 931 veri
973 896 1020 931 et
1055 890 1163 931 boni
1200 890 1459 943 spiritualis,
1493 904 1608 944 quae
1638 890 1746 932 facit

252 952 520 1004 ecclesiam;
556 952 680 1007 (inde
706 959 778 994 est
804 953 924 1007 quod
953 953 1067 994 Zion
1094 959 1140 994 et
1169 952 1503 1006 Hierosolyma,
1533 967 1611 1006 per
1636 967 1746 1007 quas

252 1015 532 1069 significatur
563 1015 769 1064 ecclesia,
797 1016 842 1056 in
873 1015 1030 1057 Verbo
1061 1016 1237 1057 dicatur
1264 1016 1470 1069 “virgo,’'
1496 1022 1544 1057 ut
1580 1018 1747 1070 “virgo

252 1074 396 1119 Zion'’'
413 1085 460 1120 et
481 1079 647 1132 “virgo
666 1075 1035 1132 Hierosolymass‘
1049 1085 1096 1120 et
1119 1079 1240 1133 quod
1263 1080 1306 1119 in
1328 1078 1607 1132 Apocalypsi
1623 1080 1746 1121 dica-

252 1148 325 1183 tur
348 1142 469 1196 quod
495 1142 728 1195 “virgines
739 1142 758 1157 ”
780 1148 1026 1195 sequantur
1052 1141 1240 1195 Agnum
1258 1141 1289 1195 ;)
1323 1156 1403 1195 per
1430 1142 1748 1196 “lampadas,“

252 1218 363 1259 quas
395 1211 670 1259 acceperunt
707 1211 756 1246 ut
794 1206 974 1246 exirent
1010 1205 1054 1256 in
1091 1218 1330 1245 occursum
1367 1204 1544 1258 Sponsi,
1578 1205 1747 1259 signifi-

252 1274 414 1309 cantur
449 1282 555 1309 vera
590 1267 719 1319 fidei;
763 1281 842 1322 per
881 1267 1148 1322 “Sponsum
1163 1267 1182 1283 '’
1219 1268 1490 1321 intelligitur
1526 1268 1748 1310 Dominus

251 1332 402 1385 quoad
425 1330 791 1385 conjunEtionem
814 1340 916 1372 cum
939 1331 1069 1372 caelo
1091 1337 1137 1372 et
1160 1331 1353 1372 ecclesia
1377 1345 1456 1385 per
1477 1335 1679 1373 amorem
1702 1339 1748 1374 et

251 1394 401 1442 fidem,
421 1396 571 1448 agitur
588 1396 707 1436 enim
729 1395 787 1436 de
809 1395 991 1448 nuptiis,
1011 1408 1090 1448 per
1111 1408 1221 1448 quas
1244 1394 1523 1447 significatur
1540 1395 1617 1436 illa
1639 1409 1748 1436 con-

247 1456 418 1511 june'tio
436 1472 445 1509 ;
478 1472 557 1512 per
576 1459 809 1512 “quinque
830 1458 1029 1511 virgines
1053 1457 1333 1511 prudentes”
1349 1464 1395 1498 et
1419 1471 1498 1511 per
1517 1459 1749 1512 “quinque

251 1521 398 1563 fatuas
409 1521 428 1537 ”
441 1521 754 1575 significantur
769 1520 833 1562 illi
856 1521 913 1562 ab
930 1520 1124 1562 ecclesia
1141 1521 1215 1574 qui
1237 1521 1280 1561 in
1298 1519 1386 1562 fide
1400 1527 1505 1562 sunt
1521 1536 1579 1562 ex
1595 1535 1749 1562 amore

252 1590 299 1626 et
321 1585 395 1638 qui
417 1585 460 1625 in
482 1584 570 1626 fide
592 1591 697 1626 sunt
720 1585 888 1638 absque
911 1597 1065 1625 amore
1091 1582 1317 1637 (similiter
1338 1597 1389 1624 ac
1414 1598 1493 1637 per
1515 1588 1540 1604 “
1553 1585 1748 1638 pruden-

252 1653 323 1689 tes
335 1647 354 1663 '¹
371 1654 418 1689 et
439 1651 464 1668 “
478 1648 665 1697 fatuos,”
682 1648 847 1689 Matth.
862 1648 933 1688 vii.
949 1659 1017 1699 24,
1038 1647 1110 1702 26)
1131 1662 1141 1699 3
1174 1661 1254 1701 per
1274 1651 1299 1667 ‘⁴
1314 1647 1509 1688 mediam
1529 1646 1750 1694 no&em‚''

252 1725 341 1765 qua
367 1710 578 1752 “clamor
603 1717 728 1752 ortus
761 1711 872 1759 est‚’'
898 1710 1178 1764 significatur
1209 1710 1417 1751 ultimum
1445 1709 1675 1762 judicium,
1703 1718 1749 1752 et

251 1775 297 1815 in
328 1788 495 1828 genere
527 1774 735 1816 ultimum
767 1775 888 1815 vitae
919 1774 1130 1830 hominis,
1162 1774 1344 1828 quando
1371 1773 1646 1826 judicabitur
1677 1774 1749 1815 vel

211 1870 214 1871 ν
252 1838 310 1879 ad
341 1837 519 1879 caelum
550 1837 623 1879 vel
655 1838 712 1879 ad
743 1829 988 1879 infernum:
1033 1837 1153 1891 quod
1188 1841 1335 1878 “tunc
1367 1837 1518 1878 fatuae
1550 1838 1750 1880 dixerint

251 1900 310 1942 ad
335 1902 596 1955 prudentes,
625 1908 674 1942 ut
702 1901 864 1942 darent
895 1901 982 1942 illis
1014 1915 1073 1942 ex
1105 1900 1208 1941 oleo
1239 1900 1359 1949 suo‚’'
1385 1906 1431 1941 et
1458 1901 1578 1954 quod
1609 1905 1748 1955 “pru-

252 1964 416 2006 dentes
437 1964 754 2018 responderint
771 1964 892 2018 quod
913 1965 1030 2005 irent
1052 1964 1109 2004 ad
1132 1963 1234 2004 illos
1251 1963 1324 2016 qui
1348 1963 1592 2012 vendunt,’'
1610 1965 1749 2017 signi-
1791 1996 1796 2002 .

252 2027 412 2070 ficatur
426 2034 575 2069 status
590 2028 789 2068 omnium
804 2033 909 2081 post
924 2033 1118 2068 mortem
1137 2041 1145 2078 ;
1169 2026 1289 2080 quod
1304 2025 1367 2066 illi
1382 2027 1455 2079 qui
1470 2039 1560 2067 non
1576 2025 1749 2069 habent

251 2092 421 2133 bonum
443 2091 608 2132 amoris
630 2091 674 2131 in
696 2090 784 2131 fide
806 2104 885 2132 seu
906 2103 1060 2131 verum
1083 2089 1186 2130 fidei
1208 2103 1267 2130 ex
1290 2089 1413 2130 bono
1434 2090 1616 2138 amoris,
1640 2097 1748 2132 tunc

252 2154 395 2196 velint
422 2168 686 2208 comparare
714 2154 811 2203 sibi,
839 2153 919 2195 sed
950 2153 1127 2202 frustra,
1155 2153 1258 2207 quia
1283 2152 1428 2206 qualis
1452 2153 1547 2194 vita
1578 2153 1750 2194 homini

252 2217 333 2259 fuit
364 2218 409 2258 in
441 2217 624 2266 mundo,
659 2217 764 2259 talis
790 2223 972 2258 manet:
1016 2217 1120 2258 inde
1153 2229 1270 2257 nunc
1303 2222 1434 2269 patet
1466 2216 1571 2269 quid
1608 2218 1748 2270 signi-

253 2280 413 2322 ficatur
449 2294 528 2334 per
563 2281 683 2334 quod
723 2281 1009 2334 “prudentes
1046 2280 1334 2320 introiverint
1370 2280 1414 2319 in
1452 2280 1672 2334 nuptiaS,''
1703 2288 1749 2322 et

253 2343 374 2398 quod
403 2343 634 2391 “fatuae,’'
660 2344 867 2385 dicentes
897 2343 1149 2392 “Domine,
1179 2343 1390 2391 Domine,
1424 2343 1545 2396 aperi
1578 2344 1748 2392 nobis,”

253 2420 521 2461 responsum
547 2406 749 2455 tulerint,
777 2406 969 2447 “Amen
996 2406 1098 2447 dico
1121 2406 1249 2446 vobis
1273 2419 1363 2446 non
1386 2406 1492 2446 novi
1513 2419 1595 2446 vos
1612 2406 1646 2456 ;'’
1672 2420 1751 2460 per

256 2471 401 2512 “Non
428 2470 533 2511 novi
558 2469 671 2510 vos”
697 2469 976 2523 significatur
1002 2469 1122 2523 quod
1156 2469 1378 2510 Dominus
1406 2468 1494 2509 illis
1522 2482 1613 2510 non
1640 2483 1749 2511 con-

248 2532 429 2588 juntstus
460 2533 533 2582 sit,
567 2546 694 2573 amor
726 2534 845 2573 enim
877 2532 1121 2586 spiritualis
1153 2531 1402 2585 conjungit,
1437 2538 1484 2573 et
1516 2545 1607 2572 non
1639 2532 1750 2574 fides

253 2597 423 2651 absque
445 2609 598 2637 amore
616 2610 625 2647 ;
659 2596 881 2646 Dominus
900 2596 1019 2636 enim
1038 2596 1322 2636 mansionem
1344 2595 1484 2636 habet
1506 2596 1626 2648 apud
1648 2596 1750 2637 illos

253 2660 327 2714 qui
357 2660 401 2700 in
433 2672 588 2700 amore
619 2664 666 2700 et
697 2659 801 2700 inde
827 2658 913 2699 fide
939 2665 1059 2708 sunt,
1087 2664 1134 2700 et
1165 2657 1250 2700 hos
1276 2658 1403 2699 novit
1430 2659 1533 2712 quia
1563 2659 1666 2713 Ipse
1692 2660 1748 2700 ibi

253 2729 337 2765 est.

332 2807 442 2852 253
450 2796 546 2851 [α].
577 2807 683 2846 [Vers.
699 2807 763 2846 21.]
785 2796 1002 2845 “Vincens,
1022 2796 1124 2837 dabo
1143 2796 1187 2837 ei
1204 2796 1353 2838 sedet-e
1374 2795 1530 2836 uocum
1549 2795 1589 2836 in
1610 2796 1753 2838 {ht-ono

252 2856 576 2910 moo.”—Quod
588 2856 814 2910 significet
826 2857 908 2910 qui
919 2863 1020 2898 tunc
1022 2863 1259 2910 permanet
1270 2856 1474 2910 adfinem
1489 2856 1623 2905 vitae,
1636 2858 1756 2910 quod

252 2919 501 2974 conjunc‘lus
521 2918 608 2959 erit
630 2918 746 2959 caelo
766 2918 844 2959 ubi
862 2919 1093 2968 Dominus,
1117 2925 1303 2960 constat
1330 2933 1389 2960 ex
1416 2919 1750 2973 significatione

255 2982 513 3032 “vincere,”
539 2981 659 3037 quod
690 2982 748 3023 sit
780 2995 1045 3036 permanere
1076 2983 1119 3023 in
1146 2981 1382 3024 affthione
1408 2983 1500 3024 veri
1527 2981 1746 3035 spirituali
