2060 3476
293 364 370 407 174
702 359 1035 393 APOCALYPSIS
1067 359 1370 392 EXPLICATA.'

288 475 406 529 apud
433 474 698 524 Jolzannem,

353 571 457 614 Jesus
474 572 573 610 dixit,
598 571 667 603 “Si
685 572 838 603 mundus
856 581 921 603 vos
938 572 1024 610 odit,
1042 572 1128 604 scite
1143 572 1238 613 quod
1256 570 1316 603 Me
1329 571 1426 611 prius
1440 579 1544 612 quam
1559 580 1624 602 vos
1638 570 1775 603 oderit:

468 640 475 648 .
490 640 498 648 .
512 640 519 647 .
534 616 579 647 ,εἰ
598 615 657 647 Me
675 615 849 655 persecuti
867 621 960 653 sunt,
975 616 1082 647 etiam
1101 625 1166 646 vos
1184 620 1477 655 persequentur;.
1492 638 1499 646 .
1513 639 1520 646 .
1535 613 1637 646 ,haec
1654 614 1776 645 omnia

466 659 596 690 facient
613 659 715 690 vobis
732 664 878 699 propter
894 669 1026 690 nomen
1044 669 1162 690 meum
1174 658 1192 671 ''
1209 658 1280 698 (xv.
1297 658 1437 697 18—25);

289 759 335 794 et
374 760 553 807 praeter
584 754 695 795 haec
727 754 967 794 videantur
998 753 1098 794 loca
1135 767 1267 806 supra
1302 751 1363 806 (n.
1401 752 1497 806 122)
1531 766 1590 793 ex
1623 752 1778 794 Verbo

290 816 443 857 allata.
522 816 648 858 Haec
686 814 806 857 dicta
842 822 960 865 sunt,
989 823 1037 857 ut
1075 817 1243 857 sciatur
1273 815 1393 870 quod
1429 829 1508 869 per
1541 814 1779 869 “Antipas

291 887 463 932 martyr
495 894 619 935 meus
656 879 814 928 fidelis,
848 880 921 933 qui
958 881 1131 920 occisus
1163 879 1281 933 apud
1312 878 1433 928 vos,‘’
1465 878 1780 931 intelligantur

293 943 366 996 qui
398 943 502 984 odio
528 943 753 984 habentur
778 943 880 996 quia
907 942 1118 983 Divinum
1146 942 1407 982 Humanum
1434 941 1616 982 Domini
1647 940 1780 995 profi-

293 1012 460 1047 tentur.
1646 1031 1649 1034 >

371 1071 499 1124 138.
538 1075 561 1093 ‘¹
577 1070 649 1111 Ubi
666 1070 822 1111 habitat
843 1068 1253 1122 satanas.''—Quod
1275 1068 1497 1122 significet
1515 1068 1569 1109 ab
1590 1068 1689 1110 illis
1705 1069 1785 1123 qui

291 1132 336 1172 in
350 1133 551 1173 doc‘lrz'na
567 1131 994 1184 omniumfalsorum
1008 1137 1123 1180 sunt,
1141 1137 1323 1172 constat
1342 1145 1402 1172 ex
1417 1130 1503 1171 illis
1519 1144 1632 1184 quae
1651 1144 1784 1184 supra

295 1194 356 1248 (n.
391 1206 469 1236 120
493 1202 539 1236 et
572 1195 668 1248 134)
693 1195 834 1236 allata
861 1200 907 1236 et
934 1201 1120 1235 ostensa
1147 1199 1265 1235 sunt.
1329 1194 1380 1234 In
1407 1193 1783 1247 praecedentibus

292 1259 558 1299 describitur
598 1259 716 1299 inter
752 1271 864 1312 quos
900 1263 1005 1298 sunt
1047 1258 1120 1311 qui
1161 1258 1205 1298 in
1242 1256 1587 1304 tentationibus,
1622 1268 1784 1309 nempe

293 1321 413 1374 quod
437 1322 525 1362 sint
544 1322 662 1362 inter
679 1320 780 1362 illos
799 1321 872 1374 qui
894 1321 939 1361 in
957 1321 1102 1361 omnis
1121 1320 1298 1373 generis
1321 1318 1442 1360 falsis
1464 1324 1582 1359 sunt.
1631 1318 1784 1359 Homo

293 1386 411 1425 enim
449 1384 597 1438 quoad
634 1398 795 1438 corpus
834 1397 961 1424 suum
999 1389 1068 1424 est
1106 1396 1207 1424 cum
1244 1382 1500 1423 hominibus
1535 1383 1580 1422 in
1616 1382 1785 1422 mundo

294 1447 501 1497 naturali,
541 1454 589 1488 at
633 1447 782 1501 quoad
825 1447 1132 1500 cogitationes
1169 1452 1215 1487 et
1252 1446 1531 1486 intentiones
1573 1451 1642 1485 est
1683 1458 1784 1485 cum

294 1510 522 1563 spiritibus
563 1511 606 1551 in
648 1510 816 1551 mundo
857 1508 1090 1564 spirituali.
1165 1507 1361 1561 Quando
1397 1509 1441 1548 in
1478 1509 1784 1549 tentationem

295 1573 573 1627 spiritualem
600 1575 739 1622 venit,
768 1580 874 1614 tunc
902 1579 971 1613 est
1004 1573 1122 1613 inter
1147 1571 1250 1613 illos
1277 1572 1458 1625 spiritus
1484 1572 1558 1625 qui
1589 1572 1632 1611 in
1663 1570 1785 1612 falsis

295 1642 426 1687 sunt;
454 1636 499 1677 hi
521 1637 826 1690 cogitationes
849 1635 941 1688 ejus
965 1635 1125 1688 ligant,
1146 1641 1191 1675 et
1215 1640 1376 1675 tenent
1398 1632 1500 1675 illas
1523 1635 1638 1675 sicut
1659 1634 1785 1675 vinc-

296 1707 368 1742 tas
395 1701 439 1741 in
465 1713 657 1748 carcere,
682 1706 728 1740 et
756 1700 970 1740 continue
993 1698 1233 1739 infundunt
1257 1697 1472 1738 scandala
1499 1703 1659 1738 contra
1680 1711 1786 1738 vera

297 1762 414 1811 fidei,
448 1769 494 1803 et
528 1769 722 1803 evocant
755 1762 875 1802 mala
901 1763 1023 1802 vitae
1055 1761 1174 1814 ejus;
1209 1761 1287 1802 sed
1321 1761 1541 1802 Dominus
1573 1761 1786 1802 continue

298 1832 474 1866 tutatur
500 1826 729 1866 hominem
756 1825 982 1866 influendo
1004 1824 1062 1865 ab
1088 1825 1301 1873 interiori,
1326 1830 1372 1865 et
1400 1825 1461 1864 sic
1485 1829 1612 1864 tenet
1639 1823 1785 1864 homi-

298 1902 401 1929 nem
427 1890 470 1929 in
497 1890 758 1929 constantia
783 1888 1049 1938 resistendi;
1083 1887 1200 1928 tales
1223 1893 1327 1928 sunt
1354 1887 1635 1928 tentationes
1657 1887 1785 1940 spiri-

299 1952 459 1993 tuales.
523 1951 657 2005 Quod
684 1951 822 1992 homo
848 1952 921 2004 qui
946 1951 991 1991 in
1017 1950 1347 1991 tentationibus
1370 1956 1439 1991 est
1465 1951 1583 1990 inter
1605 1950 1786 2003 spiritus

299 2017 372 2069 qui
398 2016 441 2056 in
468 2014 589 2055 falsis
612 2021 731 2063 sunt,
755 2013 1026 2066 intelligitur
1048 2027 1126 2067 per
1147 2013 1258 2053 haec
1282 2014 1326 2053 in
1349 2012 1434 2053 hoc
1457 2026 1601 2061 versu,
1630 2015 1654 2032 “
1669 2011 1785 2052 Novi

301 2079 375 2120 ubi
411 2078 606 2126 habitas,
641 2078 714 2118 ubi
755 2077 946 2118 thronus
979 2075 1218 2126 satanae;‘’
1260 2081 1306 2130 et
1338 2088 1515 2127 quoque
1548 2088 1626 2127 per
1657 2074 1784 2123 haec,

303 2142 403 2183 “Et
436 2143 479 2182 in
506 2141 662 2181 diebus
694 2142 738 2181 in
771 2140 929 2193 quibus
956 2139 1155 2192 Antipas
1187 2145 1360 2191 martyr
1385 2151 1510 2178 meus
1541 2137 1686 2179 fidelis
1709 2151 1786 2179 oc-

301 2206 417 2246 cisus
444 2205 562 2258 apud
588 2218 683 2252 vos,
713 2203 785 2243 ubi
814 2203 992 2243 habitat
1020 2209 1203 2243 satanas
1221 2201 1255 2242 :’‘
1287 2208 1333 2242 et
1366 2202 1625 2242 constantia
1656 2202 1787 2243 resis-

304 2269 430 2310 tendi
462 2267 732 2320 intelligitur
763 2279 841 2320 per
866 2266 992 2314 haec,
1015 2265 1202 2306 “Tenes
1234 2278 1399 2305 nomen
1431 2278 1594 2313 meum,
1619 2271 1666 2305 et
1698 2278 1788 2305 non

303 2332 482 2385 negasti
507 2330 641 2370 fidem
669 2328 854 2370 meam.”
915 2328 1003 2369 Sed
1035 2329 1078 2368 in
1111 2329 1391 2368 tentationes
1419 2327 1673 2381 spirituales
1699 2341 1790 2369 non

303 2395 378 2436 alii
403 2395 723 2440 immittuntur,
750 2397 885 2446 'quam
912 2393 984 2445 qui
1011 2397 1265 2444 agnoscunt
1294 2391 1505 2431 Divinum
1533 2391 1715 2432 Domini
1746 2392 1790 2432 in

306 2458 519 2498 Humano
542 2457 699 2509 Ipsius,
724 2462 770 2496 et
796 2456 839 2495 in
862 2453 1096 2495 affectione
1119 2455 1210 2494 veri
1233 2454 1452 2507 spirituali
1475 2460 1578 2494 sunt
1597 2468 1606 2505 ;
1634 2453 1791 2508 reliqui

305 2524 410 2559 sunt
441 2516 672 2558 naturales
703 2516 926 2564 homines,
959 2516 1032 2568 qui
1063 2529 1154 2555 non
1185 2515 1356 2555 tentari
1386 2521 1592 2568 possunt.
1660 2525 1738 2564 (Sed
1752 2527 1793 2555 de

304 2581 334 2609 T
335 2579 546 2609 eutationibus
566 2578 731 2606 videantur
745 2586 828 2614 quae
848 2576 880 2604 in
900 2577 1058 2605 Doc‘trina
1073 2577 1182 2605 Novae
1195 2576 1441 2614 Hierosolymae,
1458 2584 1488 2605 n.
1507 2577 1653 2611 187-201‚
1669 2579 1794 2604 ostensa

304 2627 401 2664 sunt.)

385 2696 515 2740 139.
545 2694 727 2733 [Vers.14.]
750 2683 861 2723 “Sed
880 2683 1008 2723 habeo
1028 2682 1226 2722 adversus
1250 2685 1290 2722 te
1308 2680 1679 2734 pauca.''—Quod
1700 2682 1793 2734 sig-

258 2797 268 2806 ·
306 2747 457 2790 nificet
489 2746 608 2800 quod
626 2744 863 2785 cavendum
893 2744 966 2793 sit,
991 2749 1174 2785 constat
1206 2757 1232 2784 a
1263 2743 1568 2797 sequentibus,
1597 2755 1701 2784 nam
1732 2744 1792 2784 ibi

306 2812 469 2864 dicitur
494 2824 520 2850 a
545 2808 702 2862 quibus
729 2808 980 2848 cavendum
1010 2806 1134 2860 [est].

387 2888 519 2932 140.
558 2876 709 2921 “Quod
738 2875 893 2922 habeas
920 2874 1003 2914 illio
1042 2878 1230 2914 tenentes
1259 2873 1484 2914 doctrinam
1514 2872 1699 2919 Balaam,
1730 2871 1799 2925 qui

308 2938 482 2978 docebat
511 2937 707 2976 Balacum
743 2935 918 2988 objices-e
953 2934 1192 2975 scandalum
1230 2946 1369 2974 cot-am
1406 2933 1497 2973 miss
1531 2931 1796 2972 lsraelz'slss-
1834 2976 1848 2989 ³

310 2999 442 3053 Quod
467 2997 688 3051 significet
716 2996 814 3037 illos
837 2996 916 3049 qui
941 2995 1090 3049 quoad
1109 2994 1370 3036 z'ntelleflum
1392 2993 1616 3035 illustrati
1631 2998 1737 3034 sunt
1754 2997 1796 3033 et
