2060 3476
427 370 509 414 574
841 369 1172 404 APOCALYPSIS
1203 370 1502 404 EXPLICATA.

494 484 515 497 ⁸⁴
527 482 616 514 Cum
636 482 798 515 Aharon.
814 508 821 515 .
835 508 842 515 .
858 483 1030 524 .expiabit
1046 494 1112 525 pro
1130 494 1169 517 se
1184 490 1220 516 et
1236 494 1301 525 pro
1319 494 1384 518 sua
1399 485 1519 522 domo,
1536 482 1708 517 madiabit
1723 487 1913 525 juvencum

597 527 731 567 peccati
736 551 828 564 .....
837 533 872 558 et
884 527 1034 568 accipiet
1042 528 1300 568 plenitudinem
1314 528 1496 564 thuribuli,
1508 537 1641 568 prunas
1654 527 1748 568 ignis
1761 527 1914 568 desuper

597 570 699 602 altari
713 580 832 602 coram
845 570 1020 612 Jehovah,
1037 578 1071 603 et
1088 571 1346 612 plenitudinem
1360 580 1562 612 pugnorum
1576 580 1721 603 suorum
1736 571 1914 603 suffimen-

597 620 671 645 tum
685 620 898 653 aromatum,
915 621 951 646 et
967 615 1097 646 inferet
1110 616 1204 647 intra
1216 615 1345 653 velum,
1360 615 1410 647 ita
1425 620 1464 646 ut
1479 615 1539 646 det
1556 615 1795 646 suffimentum
1809 624 1915 655 super

597 657 716 698 ignem
741 667 861 689 coram
885 657 1047 700 Jehovah
1061 668 1068 697 ;
1100 664 1136 690 et
1159 664 1257 698 tegat
1281 659 1393 690 nubes
1410 658 1603 690 suffimenti
1627 658 1912 699 propitiatorium

596 701 690 742 quod
707 711 813 743 super
829 701 1048 740 testimonio,
1068 707 1106 734 ut
1123 711 1196 733 non
1214 702 1387 734 moriatur
1398 701 1416 714 ”
1433 701 1556 742 (Levit.
1572 701 1644 734 xvi.
1664 702 1782 742 11-13)
1796 711 1803 740 ;

422 810 541 864 quod
575 811 839 864 “acciperet
877 811 1029 864 ignem
1066 811 1257 864 desuper
1287 793 1424 851 altari
1455 810 1749 859 holocausti,''
1780 824 1913 864 super

420 887 552 927 quern
578 874 744 915 “daret
767 873 1112 923 suffimentum,”
1134 874 1270 915 etiam
1294 873 1578 927 significabat
1601 873 1720 928 quod
1743 873 1911 915 bonum

421 937 662 989 spirituale,
691 937 810 991 quod
842 944 911 978 est
943 938 1111 977 bonum
1142 937 1389 986 charitatis,
1417 938 1587 978 existat
1614 943 1660 978 et
1692 937 1910 990 procedat

419 1012 479 1038 ex
511 998 633 1039 bono
663 999 869 1047 caelesti,
901 998 1023 1052 quod
1054 1003 1124 1038 est
1156 998 1326 1039 bonum
1357 999 1525 1039 amoris
1555 998 1600 1038 in
1633 998 1908 1049 Dominum;

421 1062 524 1099 (quod
544 1058 654 1099 “ignis
673 1061 806 1091 altaris''
827 1062 860 1091 id
878 1062 1001 1091 bonum
1024 1061 1255 1099 significaverit,
1275 1062 1420 1091 videatur
1438 1071 1469 1091 n.
1489 1064 1579 1099 4489,
1600 1062 1690 1099 6314,
1710 1062 1800 1099 6832,
1820 1069 1910 1099 9714.

419 1115 575 1152 malum)
615 1104 720 1145 inde
760 1110 859 1145 erat
899 1104 1021 1158 quod
1060 1104 1178 1157 ignis
1218 1117 1300 1157 pro
1334 1103 1564 1145 suffitione
1598 1117 1691 1144 non
1725 1103 1910 1144 aliunde

419 1178 551 1218 quam
583 1179 642 1206 ex
674 1166 805 1207 altari
840 1166 1093 1206 holocausti
1129 1166 1391 1219 desumptus
1427 1166 1527 1206 sits
1553 1165 1673 1219 quod
1705 1164 1908 1214 Aharon,

419 1241 518 1269 cum
546 1229 750 1282 expiaret
778 1242 858 1282 pro
880 1243 927 1270 se
953 1235 999 1270 et
1026 1242 1105 1270 sua
1126 1229 1262 1270 domo
1288 1228 1457 1270 suffire-t
1483 1229 1602 1270 intra
1626 1228 1789 1277 velum,
1813 1235 1909 1270 erat

419 1304 552 1332 causa
588 1292 690 1345 quia
721 1291 910 1333 Aharon
947 1298 996 1332 ut
1033 1291 1242 1332 Summus
1279 1291 1500 1333 Sacerdos
1537 1292 1909 1345 repraesentabat

420 1354 663 1395 Dominum
690 1355 839 1408 quoad
872 1355 1039 1396 bonum
1066 1355 1242 1404 amoris,
1270 1361 1315 1396 et
1348 1368 1426 1408 per
1456 1353 1704 1396 funffiones
1730 1367 1909 1408 reprae-

419 1417 629 1459 sentabat
655 1417 731 1458 illa
758 1431 870 1471 quae
896 1431 955 1458 ex
989 1418 1110 1458 bono
1140 1417 1217 1458 illo
1244 1419 1508 1472 procedunt,
1536 1427 1649 1471 quae
1680 1418 1831 1458 omnia
1861 1431 1909 1458 se

418 1480 613 1534 referunt
639 1481 696 1521 ad
723 1481 891 1521 bonum
917 1480 1176 1534 spirituale;
1209 1481 1376 1522 bonum
1403 1480 1631 1534 spirituale
1657 1481 1740 1522 nisi
1766 1482 1823 1522 sit
1849 1495 1909 1523 ex

417 1543 538 1584 bono
564 1543 762 1593 caelesti,
788 1557 878 1584 non
904 1550 973 1585 est
1000 1544 1192 1593 bonum;
1225 1551 1498 1598 quapropter
1520 1557 1601 1585 nec
1624 1542 1791 1586 funffio
1817 1544 1910 1598 ejus

417 1606 570 1647 suisset
593 1620 651 1648 ex
671 1606 849 1655 Divino,
870 1621 948 1648 seu
965 1606 1129 1661 aliquid
1154 1607 1302 1648 Divini
1324 1607 1779 1661 repraesentavisset3
1806 1607 1910 1648 ideo

417 1669 683 1711 denuntiata
709 1676 777 1711 est
803 1670 866 1710 illi
893 1683 1012 1711 mors
1039 1671 1121 1711 nisi
1152 1671 1215 1711 ita
1240 1670 1432 1712 fecisset.
1494 1671 1606 1711 Inde
1631 1683 1807 1724 quoque
1835 1675 1908 1711 est

355 1738 358 1741 ’
417 1732 536 1786 quod
556 1732 718 1773 Nadab
735 1739 780 1774 et
799 1733 967 1782 Abihu,
986 1732 1061 1774 filii
1079 1733 1322 1782 Aharonis‚
1342 1734 1447 1786 igne
1465 1747 1488 1774 e
1507 1732 1634 1774 caelo
1652 1733 1907 1786 consumpti

416 1795 592 1844 suerint,
620 1796 721 1849 quia
753 1794 1014 1837 suffiverunt
1041 1810 1099 1837 ex
1126 1796 1213 1837 alio
1239 1796 1344 1849 igne
1375 1809 1508 1850 quam
1540 1810 1599 1837 ex
1625 1796 1729 1849 igne
1754 1795 1908 1836 altaris

416 1857 694 1909 holocausti;
732 1859 795 1899 ita
827 1858 997 1899 cultum
1033 1859 1232 1900 fecerunt
1270 1873 1327 1900 ex
1369 1859 1456 1900 alio
1497 1872 1648 1900 amore
1684 1871 1816 1912 quam
1847 1872 1908 1899 ex

416 1933 567 1962 amore
593 1922 637 1962 in
665 1921 934 1974 Dominum;
967 1922 1023 1962 de
1049 1936 1135 1976 qua
1160 1936 1206 1963 re
1232 1922 1295 1963 ita
1321 1922 1438 1976 apud
1465 1921 1651 1962 Mosen:

485 2028 507 2041 ‘⁴
522 2026 758 2067 Sumpserunt
774 2027 836 2058 filii
853 2027 1036 2059 Aharonis
1055 2027 1182 2059 Nadab
1199 2033 1234 2060 et
1250 2027 1371 2060 Abihu
1387 2027 1535 2069 quisque
1552 2026 1770 2059 thuribulum
1787 2035 1903 2064 suum,

589 2081 630 2102 ac
647 2071 820 2103 dederunt
837 2071 872 2102 in
897 2081 940 2103 ea
957 2071 1076 2112 ignem
1093 2071 1261 2109 alienum,
1282 2081 1388 2112 super
1411 2080 1515 2112 quem
1532 2071 1705 2102 dederunt
1728 2070 1907 2102 suffimen-

589 2121 664 2146 tum
679 2124 702 2152 ;.
716 2139 723 2146 .
739 2139 746 2146 .
760 2115 856 2147 .ideo
880 2115 991 2146 exivit
1015 2115 1108 2155 ignis
1132 2125 1154 2146 a
1177 2124 1297 2146 coram
1321 2115 1494 2157 Jehovah,
1521 2120 1556 2149 et
1580 2113 1736 2145 comedit
1759 2113 1851 2151 illos,
1871 2119 1907 2144 et

590 2157 720 2189 mortui
735 2158 764 2196 ;'’
789 2168 830 2189 ac
847 2158 929 2190 dein
947 2159 1030 2190 elati
1048 2164 1148 2190 extra
1163 2164 1280 2190 castra
1294 2158 1418 2198 (Levit.
1434 2168 1468 2190 x.
1492 2158 1586 2198 1—5);

414 2262 533 2316 quod
562 2266 733 2303 “extra
764 2269 912 2304 castra
944 2263 1052 2304 elati
1083 2262 1283 2311 fuerint,”
1305 2261 1587 2315 significabat
1613 2262 1733 2316 quod
1759 2260 1907 2303 cultus

414 2338 567 2366 eorum
594 2338 683 2366 non
709 2339 734 2366 e
759 2325 886 2366 caelo
912 2332 1046 2374 esset,
1070 2326 1172 2379 quia
1199 2339 1289 2380 non
1316 2340 1374 2366 ex
1402 2339 1553 2366 amore
1579 2326 1623 2366 in
1646 2325 1904 2374 Dominum,

414 2402 517 2429 nam
549 2402 628 2442 per
658 2395 806 2429 castra
843 2388 1031 2430 filiorum
1065 2389 1243 2430 Israelis
1275 2389 1699 2442 repraesentabatur
1731 2388 1906 2429 caelum

412 2455 459 2490 et
485 2449 682 2490 ecclesia
708 2460 866 2498 (videatur
887 2461 1168 2500 n.4236‚10038).
1229 2450 1366 2503 Quod
1402 2449 1606 2498 Korach,
1639 2448 1828 2490 Dathan
1857 2454 1905 2490 et

413 2511 616 2560 Abiram,
649 2524 750 2552 cum
787 2512 1005 2553 concione
1045 2512 1238 2561 illorum,
1276 2512 1477 2565 absorpti
1512 2511 1673 2552 fuerint
1709 2525 1736 2552 a
1771 2516 1903 2559 terra,

412 2574 594 2616 tametsi
631 2581 917 2628 sumpserunt
962 2575 1114 2628 ignem
1152 2589 1210 2616 ex
1250 2574 1380 2616 altari
1415 2581 1462 2615 et
1498 2574 1774 2622 suffiverunt,
1807 2579 1905 2614 erat

412 2650 559 2686 causa,
587 2637 690 2690 quia
727 2651 804 2690 per
845 2639 1243 2679 murmurationem
1279 2651 1432 2678 eorum
1470 2643 1629 2678 contra
1665 2636 1836 2678 Mosenv
1857 2643 1905 2678 et

413 2700 675 2741 Aharonem
707 2700 1043 2753 significabatur
1068 2701 1320 2755 profanatio
1350 2701 1455 2742 boni
1486 2700 1649 2741 amoris
1680 2699 1902 2749 caelestis,

411 2777 488 2817 per
515 2763 675 2804 Mosen
701 2765 819 2804 enim
846 2770 892 2804 et
919 2764 1182 2805 Aharonem
1209 2764 1632 2817 repraesentabatur
1654 2763 1902 2813 Dominus;

410 2840 514 2867 nam
552 2839 840 2876 murmurare,
882 2827 966 2868 hoc
1005 2834 1088 2876 est,
1121 2827 1339 2868 rebellare
1371 2834 1530 2868 contra
1566 2827 1823 2876 Dominum,
1857 2833 1903 2867 et

409 2888 566 2931 sancta
597 2890 733 2939 obire,
767 2896 837 2931 est
869 2890 1149 2943 profanati03
1191 2891 1269 2931 sed
1302 2891 1403 2944 quia
1434 2892 1586 2944 ignem
1617 2896 1902 2944 sumpserunt

408 2967 467 2993 ex
499 2952 644 3003 altari,
672 2954 788 3006 ignis
825 2953 899 2994 ille
932 2953 1098 3006 ejectus
1136 2960 1219 3002 est,
1253 2960 1299 2995 et
1336 2954 1562 2995 thuribula
1592 2966 1760 2995 eorum*
1780 2951 1898 2994 sad-fta

408 3016 511 3058 sunt
537 3017 579 3057 in
607 3022 920 3070 tegumentum
947 3012 1103 3069 altari;
1137 3017 1192 3058 de
1219 3031 1304 3071 qua
1329 3031 1375 3058 re
1402 3018 1464 3058 ita
1489 3017 1609 3071 apud
1636 3017 1810 3067 Mosem
