2060 3476
624 356 729 389 CAP.
751 356 836 397 111„
858 355 996 389 VERS.
1024 355 1191 388 12.—N.
1216 345 1384 401 222[a].
1668 356 1749 399 327

254 470 493 512 Praeterea
523 470 755 512 sciendum
787 476 857 511 est
893 470 1014 524 quod
1051 484 1130 524 per
1163 469 1406 524 Templum
1442 484 1468 511 a
1501 469 1748 511 Salomone

252 531 550 583 exstructum,
584 540 631 575 et
662 548 839 588 quoque
870 547 950 587 per
980 533 1178 574 Domum
1211 532 1350 574 silvae
1382 533 1557 581 Libani,
1591 539 1637 574 et
1670 546 1748 587 per

253 597 430 650 singula
460 597 639 638 illorum
674 595 750 651 (de
781 597 940 650 quibus
977 607 992 637 1
1026 596 1150 649 Reg„
1181 597 1238 637 vi.
1270 603 1317 637 et
1349 596 1458 650 vii.)‚
1492 595 1749 650 significata

253 661 344 702 sint
370 660 618 715 spiritualia
644 666 690 701 et
716 659 933 701 caelestia
957 673 1072 713 quae
1098 659 1319 701 ecclesiae
1346 666 1393 701 et
1419 659 1535 701 caeli
1560 666 1679 701 sunt.

260 725 264 728 ’
331 739 450 771 221.
488 729 572 769 “ft
594 729 710 769 for-as
733 741 810 769 non
833 728 1072 782 ayt-odietur·
1091 728 1496 781 amplius.¹'—Quod
1523 728 1746 782 significet

253 791 374 845 quod
398 791 443 832 in
473 798 699 832 aeternum
730 791 775 831 in
806 790 895 840 illo,
924 797 1108 832 constat
1141 805 1200 832 ex
1232 790 1563 844 significatione
1592 790 1747 838 ‘fforas

254 868 345 895 non
372 852 559 908 [flegredi
590 854 821 908 amplius‚”
847 867 950 895 cum
975 854 1138 895 dicitur
1163 854 1220 895 de
1251 853 1381 895 caelo
1407 868 1459 895 ac
1491 855 1548 894 de
1581 854 1747 894 Divino

253 917 378 959 Vero
414 918 473 959 ibi
513 916 647 972 (quae
684 916 995 970 significantur
1027 931 1107 971 per
1140 917 1400 971 “templum
1438 916 1592 970 Dei'’)‚
1626 917 1747 971 quod

252 981 311 1022 sit
337 981 457 1034 quod
483 981 527 1021 in
553 987 789 1021 aeternum
814 980 859 1020 in
884 979 971 1020 illis
997 980 1277 1033 permansuri
1303 981 1406 1021 sint.

334 1048 537 1102 222[a].
575 1049 654 1088 “Et
678 1049 857 1089 sce-ibam
879 1047 1134 1101 supet->illum
1161 1060 1304 1088 nomen
1332 1048 1409 1089 oei
1432 1047 1746 1101 mei.''——Quod

253 1110 476 1164 significet
498 1110 627 1164 quale
646 1124 795 1150 eorum
819 1110 1050 1151 secundum
1074 1110 1288 1151 Divinum
1321 1110 1480 1151 Verum
1505 1110 1746 1163 implanta-

251 1181 344 1215 tum
357 1173 486 1222 vz‘tae,
504 1171 687 1214 constat
703 1188 762 1214 ex
777 1173 1107 1226 significatione
1124 1174 1372 1215 “scribere’'
1387 1188 1519 1227 super
1533 1173 1744 1227 aliquem,

251 1250 353 1278 cum
375 1251 402 1278 a
424 1237 635 1286 Domino,
655 1237 775 1290 quod
793 1237 850 1277 sit
868 1236 1139 1290 implantare
1157 1238 1278 1278 vitae
1299 1236 1376 1290 (de
1393 1251 1480 1291 qua
1498 1235 1716 1290 sequitur)
1737 1251 1746 1285 ;

252 1314 312 1341 ex
337 1299 668 1353 significatione
697 1299 967 1348 “nominis,“
989 1300 1109 1353 quod
1137 1301 1194 1341 sit
1221 1300 1352 1353 quale
1379 1306 1527 1341 status
1557 1298 1633 1353 (de
1659 1313 1746 1353 qua

251 1377 397 1417 supra,
426 1377 468 1403 n.
500 1362 624 1417 148);
658 1369 705 1404 et
735 1377 794 1403 ex
827 1362 1159 1416 significatione
1189 1363 1352 1412 “Dei,'’
1378 1363 1498 1417 quod
1530 1364 1588 1404 sit
1621 1363 1747 1404 Divi-

252 1439 359 1467 num
390 1426 562 1467 Verum
599 1427 852 1480 procedens
882 1440 909 1466 a
941 1426 1140 1476 Domino
1171 1427 1215 1467 in
1247 1426 1390 1475 caelo,
1423 1428 1488 1467 ita
1525 1426 1747 1467 Dominus

250 1489 310 1530 ibi
330 1488 406 1544 (de
424 1503 511 1544 qua
532 1490 670 1530 etiam
693 1503 839 1543 supra,
860 1503 901 1529 n.
921 1488 1096 1543 220[a])
1116 1504 1125 1540 ;
1158 1503 1263 1530 narn
1287 1490 1509 1530 Dominus
1527 1496 1597 1530 est
1616 1503 1749 1543 supra

251 1551 421 1599 caelos,
447 1557 640 1604 apparet
666 1552 787 1591 enim
815 1551 904 1591 illis
930 1551 1004 1604 qui
1034 1551 1079 1591 in
1110 1551 1241 1592 caelo
1272 1557 1378 1592 sunt
1404 1558 1452 1592 ut
1484 1551 1563 1592 Sol
1590 1562 1750 1600 (videatur

249 1622 283 1650 in
294 1630 391 1659 opere
401 1622 452 1651 De
464 1622 554 1651 Caelo
563 1625 593 1651 et
604 1622 781 1660 laser-nom.
794 1622 964 1660 116-125):
994 1610 1209 1651 Divinum
1227 1611 1333 1651 inde
1350 1611 1607 1664 procedens
1625 1611 1746 1665 quod

250 1679 440 1714 vocatur
477 1673 690 1713 Divinum
724 1673 910 1722 Verum,
944 1679 991 1714 et
1027 1673 1148 1726 quod
1183 1673 1290 1714 facit
1327 1673 1503 1714 caelum
1540 1674 1583 1713 in
1622 1686 1747 1714 com-

251 1736 372 1776 muni
390 1742 436 1777 et
454 1736 498 1776 in
516 1742 659 1789 parte,
677 1742 747 1777 est
762 1737 882 1790 quod
899 1737 944 1776 in
959 1736 1115 1777 Verbo
1130 1736 1400 1789 intelligitur
1415 1750 1493 1790 per
1510 1741 1535 1756 “
1549 1736 1696 1777 Deum
1715 1736 1748 1786 ;'‘

250 1798 354 1839 inde
376 1805 446 1839 est
469 1799 588 1852 quod
611 1799 763 1852 angeli
785 1800 993 1840 dicantur
1018 1799 1152 1848 “dii,”
1170 1805 1217 1840 et
1235 1799 1354 1852 quod
1379 1799 1502 1839 Deus
1524 1799 1568 1839 in
1592 1799 1747 1852 lingua

252 1861 464 1903 Hebraea
489 1862 665 1903 dicatur
685 1861 865 1903 Elolzz'm
890 1863 934 1903 in
961 1861 1135 1916 plurali.
1197 1861 1272 1902 Ex
1298 1862 1367 1902 his
1394 1868 1524 1915 patet
1547 1875 1624 1903 cur
1650 1862 1746 1903 Do-

250 1925 396 1965 minus
433 1924 504 1966 hic
542 1925 652 1966 dicit
687 1925 905 1966 “Nomen
943 1925 1029 1966 Dei
1065 1926 1152 1966 mei
1169 1925 1202 1976 ;”
1242 1939 1295 1966 ac
1334 1939 1481 1978 supra,
1518 1925 1747 1966 “Faciam

250 1987 377 2028 illum
409 1987 670 2029 columnam
701 1989 745 2028 in
783 1988 958 2042 templo
989 1988 1074 2029 Dei
1111 1988 1229 2029 mei’'
1264 1987 1325 2042 (n.
1358 1988 1488 2042 219);
1530 2002 1582 2029 ac
1616 1988 1742 2035 infra,

252 2049 493 2092 “Scribam
516 2065 648 2105 super
664 2051 790 2092 illum
812 2065 980 2093 nomen
1002 2052 1201 2092 civitatis
1224 2051 1432 2100 Dei,mei,
1452 2052 1611 2092 Novae
1636 2051 1746 2092 Hie-

249 2113 507 2167 rosolymae
539 2128 653 2168 quae
684 2115 921 2156 descendit
953 2129 978 2156 e
1010 2114 1140 2156 caelo
1170 2129 1197 2156 a
1234 2115 1334 2156 Deo
1365 2114 1500 2156 meo’'
1533 2114 1594 2168 (n.
1629 2114 1746 2168 223).

252 2175 387 2230 Quod
421 2177 690 2219 “scribere”
721 2191 854 2231 super
884 2177 1079 2231 aliquem
1111 2179 1169 2219 sit
1201 2178 1473 2232 implantare
1505 2179 1641 2226 vitae,
1675 2185 1746 2219 est

251 2241 354 2294 quia
379 2241 573 2282 scribere
598 2247 670 2282 est
696 2255 756 2282 ex
783 2242 1014 2289 memoria,
1043 2242 1324 2295 cogitatione
1351 2248 1397 2283 et
1425 2249 1579 2283 mente
1611 2243 1744 2283 emit-

252 2308 349 2344 tere
380 2303 424 2343 in
457 2303 663 2345 chartam
694 2304 739 2345 id
765 2304 886 2358 quod
917 2318 1257 2358 permansurum
1289 2311 1386 2355 est;
1419 2319 1556 2358 quare
1582 2305 1626 2345 in
1655 2305 1745 2358 spi-

250 2365 399 2406 rituali
431 2380 564 2407 sensu
596 2366 820 2420 significat
858 2367 902 2408 id
934 2367 1054 2421 quod
1092 2381 1432 2421 permansurum
1469 2374 1538 2408 est
1576 2369 1619 2408 in
1652 2369 1745 2409 vita

251 2428 460 2478 hominis,
485 2429 548 2470 illi
573 2431 839 2484 inscriptum
865 2437 912 2472 et
938 2431 1273 2484 implantatum.
1335 2430 1406 2472 Sic
1430 2432 1621 2472 vertitur
1642 2445 1745 2472 sen-

251 2506 326 2532 sus
348 2492 566 2533 naturalis
588 2494 712 2534 vocis
733 2493 851 2534 illius
873 2494 918 2534 in
941 2507 1122 2535 sensum
1145 2494 1451 2548 spiritualem;
1485 2507 1589 2535 nam
1612 2501 1744 2536 natu-

250 2554 344 2596 rale
370 2561 442 2596 est
463 2556 658 2597 scribere
679 2570 814 2610 super
833 2557 994 2598 charta
1018 2563 1065 2598 et
1091 2558 1135 2598 in
1162 2557 1290 2606 libro,
1315 2558 1394 2598 sed
1421 2557 1652 2611 spirituale
1674 2565 1745 2599 est

250 2618 494 2659 inscribere
518 2619 654 2668 vitae,
682 2620 803 2673 quod
833 2619 883 2661 fit
916 2633 1018 2661 cum
1050 2620 1349 2674 implantatur
1380 2620 1482 2661 fidei
1513 2627 1560 2661 et
1587 2622 1742 2669 amori,

251 2694 357 2722 nam
378 2694 506 2722 amor
521 2688 568 2723 et
590 2681 701 2723 fides
722 2682 891 2724 faciunt
907 2684 1050 2724 vitam
1068 2684 1347 2737 spiritualem
1370 2685 1577 2726 hominis.
1628 2684 1743 2737 Quia

252 2743 514 2785 “seribere'’
546 2744 771 2798 significat
803 2746 1075 2801 implantare
1106 2747 1241 2796 vitae,
1276 2748 1378 2791 ideo
1409 2749 1549 2788 etiam
1581 2748 1743 2788 dicitur

249 2807 307 2848 de
335 2807 542 2861 Jehovah
575 2822 653 2849 seu
684 2808 883 2850 Domino
912 2810 1032 2864 quod
1060 2811 1266 2852 “scribat
1278 2811 1296 2826 ”
1322 2818 1369 2852 et
1399 2812 1665 2864 “scripserit
1698 2811 1740 2851 in

249 2869 413 2922 libro?
441 2885 520 2924 per
545 2871 665 2925 quod
690 2872 960 2926 intelligitur
980 2874 1024 2914 id
1051 2874 1171 2927 quod
1198 2888 1223 2915 a
1250 2874 1449 2915 Domino
1475 2875 1738 2928 inscriptum

248 2940 320 2974 est
342 2934 514 2988 spiritui
535 2933 743 2984 hominis,
763 2935 850 2976 hoc
874 2942 959 2985 est,
979 2936 1072 2989 ejus
1090 2938 1213 2978 cordi
1236 2943 1283 2979 et
1305 2939 1497 2986 animae,
1518 2952 1596 2978 seu
1618 2937 1736 2991 quod

248 2996 382 3046 idem,
410 2996 503 3051 ejus
526 2998 669 3039 amori
694 3004 741 3039 et
766 2998 869 3040 fidei
885 2999 1022 3042 :-Ut
1049 3000 1167 3052 apud
1194 3000 1432 3049 Davidem,
